3708 5918
220 333 258 395 86
844 329 981 390 Saeculo
1000 330 1088 390 XIV

218 553 370 602 causam
398 551 592 602 assumere
621 527 770 622 poterit,
788 551 857 599 suo
885 525 1091 620 patrocinio
1120 525 1381 600 adiuvandam.
1401 569 1418 582 -
1446 526 1487 601 Si
1513 551 1605 600 vero
1632 526 1719 600 iniu-

218 667 315 728 stam
343 667 382 726 et
410 651 617 748 improbam
645 675 693 723 ex
723 649 823 723 dicta
850 649 1110 724 informatione
1138 651 1358 747 reppererit,
1386 675 1471 724 eam
1500 675 1574 725 non
1616 675 1719 725 assu-

218 794 306 863 mat,
337 778 406 851 sed
433 802 456 850 a
485 800 555 851 suo
584 774 792 871 patrocinio
820 774 986 871 repellat,
1016 773 1190 871 partique
1223 776 1372 870 repulse
1408 773 1580 850 consulet
1616 777 1720 873 quod

218 902 355 976 dictam
371 925 522 974 causam
542 900 715 986 dimittat,
739 923 805 972 nec
820 899 856 971 in
870 899 1133 995 prosecutione
1152 900 1270 995 ipsius
1289 923 1330 974 se
1345 915 1385 972 et
1397 899 1555 974 alteram
1573 915 1721 996 partem

221 1042 332 1100 vexet
357 1025 548 1100 laboribus
575 1041 616 1098 et
641 1025 831 1120 expensis.
852 1020 872 1064 *

308 1173 365 1246 17.
395 1149 458 1224 Ad
486 1149 558 1223 hoc
586 1149 797 1232 statuimus,
823 1149 928 1244 quod
964 1173 1096 1221 omnes
1134 1164 1173 1222 et
1208 1148 1345 1246 singuli
1376 1149 1646 1223 Advocationis
1679 1165 1719 1222 et
1761 1232 1763 1238 ¹

220 1274 492 1372 procurationis
519 1276 556 1347 in
585 1273 707 1347 causis
734 1271 857 1347 officia
881 1273 918 1346 in
938 1274 1111 1346 Romana
1130 1272 1232 1346 curia
1258 1291 1490 1358 exercentes,
1521 1288 1721 1370 presentes

106 1465 115 1488 ,
218 1418 258 1474 et
285 1401 438 1497 posteri,
468 1400 579 1473 tactis
606 1398 856 1472 sacrosanctis
885 1397 1112 1496 Evangeliis,
1134 1413 1306 1493 prestent
1342 1398 1587 1495 corporaliter
1623 1398 1722 1472 iura-

144 1579 146 1584 ·
220 1539 396 1612 mentum,
427 1523 531 1621 quod
560 1539 689 1619 partes
716 1547 876 1619 quarum
895 1523 1142 1620 patrocinium
1171 1524 1407 1620 susceperint
1434 1524 1515 1597 sine
1544 1523 1722 1622 tergiver-

221 1653 367 1724 satione
393 1648 519 1744 aliqua
546 1649 726 1722 adiuvare
755 1649 950 1735 curabunt,
979 1664 1018 1722 et
1045 1647 1082 1721 id
1110 1649 1215 1743 quod
1242 1673 1373 1721 verum
1401 1662 1441 1722 et
1468 1649 1607 1722 iustum
1635 1649 1714 1722 esti·

220 1774 404 1848 maverint
423 1774 501 1847 suis
519 1773 701 1847 clientulis
722 1772 859 1846 referre
879 1772 1095 1859 studebunt,
1115 1795 1326 1869 causasque
1351 1773 1542 1869 improbas
1562 1773 1724 1848 scienter
1836 1836 1837 1852 .

221 1923 295 1973 non
325 1897 515 1992 recipient,
536 1912 576 1971 et
604 1897 636 1970 si
655 1895 802 1993 aliquas
834 1897 1053 1994 receperint,
1075 1897 1238 1993 partium
1257 1897 1385 1970 iorsan
1403 1897 1607 1972 mendaciis
1626 1898 1723 1971 colo-

221 2038 335 2108 ratas,
353 2046 428 2119 que
456 2022 525 2096 sibi
552 2022 649 2095 iuste
675 2022 712 2094 in
732 2021 900 2117 presenti
918 2021 1134 2096 viderentur
1151 2036 1191 2094 et
1210 2021 1247 2094 in
1265 2044 1447 2117 processu
1467 2021 1589 2096 iudicii
1603 2045 1724 2119 appa·

222 2163 329 2222 reant
357 2146 426 2243 ipsi
456 2147 601 2233 iniuste,
632 2147 797 2243 ipsarum
826 2146 1073 2242 patrocinium
1101 2146 1137 2220 in
1169 2145 1373 2220 continenti
1399 2145 1600 2221 dimittant.

310 2277 366 2347 18.
399 2272 627 2345 Huiusmodi
641 2295 795 2367 quoque
814 2271 1063 2344 iuramentum
1082 2269 1269 2346 Advocati
1289 2286 1328 2345 et
1346 2288 1611 2368 procuratores
1638 2296 1725 2344 cau-

222 2421 348 2472 sarum
377 2396 412 2469 in
441 2419 596 2469 romana
624 2395 726 2469 curia
754 2395 876 2468 officia
902 2411 1123 2470 exercentes
1141 2411 1340 2469 teneantur
1359 2395 1394 2468 in
1414 2397 1585 2470 manibus
1612 2394 1725 2469 Vice-

222 2519 428 2596 cancellarii
455 2520 613 2616 predicti
641 2535 813 2616 prestare
841 2519 1095 2616 corporaliter,
1127 2537 1168 2593 ut
1195 2518 1392 2616 prefertur,
1434 2562 1452 2575 ·
1492 2518 1658 2615 illudque
1685 2519 1724 2591 in

220 2645 390 2720 kalendis
417 2643 594 2729 octobris,
626 2645 685 2719 vel
712 2669 781 2740 per
808 2645 952 2740 aliquot
979 2644 1060 2718 dies
1088 2659 1189 2731 ante,
1217 2644 1324 2718 annis
1353 2641 1520 2743 singulis,
1558 2645 1721 2728 iterare;

222 2796 289 2843 nec
316 2786 405 2843 ante
432 2771 704 2867 prestationem
732 2769 860 2865 ipsius,
890 2768 927 2840 in
954 2770 1178 2843 consistorio
1204 2767 1263 2842 vel
1301 2793 1370 2865 per
1406 2769 1613 2844 Auditores
1640 2793 1725 2866 pre·

221 2895 354 2980 dictos,
384 2893 433 2968 ad
460 2893 669 2969 exercenda
698 2917 767 2966 sua
792 2893 914 2967 officia
942 2894 1197 2970 admittantur.

310 3041 365 3108 19.
396 3017 436 3090 In
464 3015 609 3090 salariis
637 3031 776 3102 autem,
792 3017 934 3091 eisdem
964 3017 1170 3092 Advocatis
1198 3017 1387 3092 solvendis
1406 3033 1484 3092 tam
1504 3042 1575 3115 pro
1593 3041 1724 3091 causa·

222 3167 304 3216 rum
331 3141 587 3237 propositione
616 3164 731 3236 quam
771 3141 937 3238 ipsarum
978 3143 1255 3238 prosecutione,
1293 3144 1388 3218 hanc
1425 3141 1722 3216 moderationem

223 3266 422 3341 statuimus
450 3266 753 3340 observandam:
784 3283 826 3340 ut

354 3393 394 3489 a)
422 3388 534 3464 iidem
562 3388 749 3464 Advocati
777 3414 847 3486 pro
877 3391 1039 3464 cuiusvis
1066 3390 1258 3467 electionis
1291 3373 1358 3466 sed
1395 3389 1658 3489 postulationis
1685 3391 1723 3466 in

224 3514 427 3589 cathedrali
445 3515 505 3589 vel
533 3513 696 3612 regulari
723 3515 890 3601 ecclesia,
917 3516 1152 3591 concorditer
1179 3516 1238 3590 vel
1271 3515 1493 3590 discorditer
1520 3515 1721 3602 celebrate,

223 3637 282 3712 vel
322 3639 571 3714 accusationis
604 3665 670 3712 seu
700 3638 994 3713 denunciationis
1032 3643 1299 3738 cuiuscumque
1333 3639 1468 3715 Prelati
1496 3640 1725 3716 cathedralis

222 3764 282 3837 vel
309 3761 493 3862 regularis
520 3762 688 3850 ecclesie,
719 3764 778 3837 vel
805 3763 958 3837 alterius
991 3766 1257 3863 cuiuscumque
1278 3763 1433 3862 querele
1451 3764 1722 3862 propositione,

222 3890 258 3962 in
286 3888 507 3964 consistorio
535 3887 713 3971 iacienda,
743 3888 774 3960 si
801 3887 954 3974 fructus,
985 3889 1154 3964 redditus
1175 3907 1215 3966 et
1233 3907 1439 3986 proventus
1461 3890 1573 3963 annui
1592 3914 1725 3965 mense

224 4011 360 4089 Prelati
387 4015 436 4089 de
464 4015 569 4088 cuius
595 4013 788 4098 electione,
808 4011 867 4087 vel
895 4013 1160 4113 postulatione,
1190 4015 1429 4090 accusatione
1447 4016 1506 4090 vel
1525 4015 1726 4090 denuncia-

223 4139 324 4213 tione
352 4139 486 4236 agitur,
518 4137 578 4213 vel
606 4154 738 4212 contra
777 4163 890 4235 quem
933 4138 993 4213 illa
1021 4138 1176 4235 querela
1211 4139 1445 4237 proponitur,
1478 4139 1528 4212 ad
1560 4139 1723 4213 duorum

223 4261 374 4336 millium
389 4263 615 4337 florenorum
634 4262 715 4335 auri
733 4261 911 4350 valorem,
928 4263 1031 4337 iuxta
1045 4287 1281 4339 communem
1295 4263 1581 4348 estimationem,
1595 4287 1725 4338 ascen-

224 4389 328 4473 dunt,
358 4387 457 4462 ultra
489 4387 697 4474 duodecim,

357 4512 391 4609 b)
419 4512 450 4586 si
477 4528 605 4586 autem
637 4513 686 4586 ad
728 4513 887 4586 duorum
928 4511 1081 4587 millium
1122 4513 1348 4589 florenorum
1383 4513 1464 4588 auri
1490 4514 1603 4587 annui
1631 4537 1723 4609 pro-

224 4649 361 4710 ventus
389 4636 602 4711 huiusmodi
629 4661 703 4711 non
726 4637 947 4726 ascendunt,
977 4637 1074 4711 ultra
1103 4637 1245 4723 decem,

239 4813 242 4820 ,
356 4762 389 4858 c)
419 4785 489 4856 pro
517 4761 597 4834 aliis
625 4786 715 4834 vero
738 4760 944 4836 minoribus
973 4761 1106 4846 causis,
1143 4762 1173 4836 si
1210 4763 1246 4834 in
1265 4762 1365 4836 dicto
1391 4760 1617 4835 consistorio
1636 4785 1722 4858 pro-

223 4903 421 4982 ponantur,
454 4886 549 4960 ultra
586 4903 673 4961 octo
700 4886 863 4961 florenos
889 4887 970 4960 auri
998 4887 1165 4985 recipere
1202 4911 1276 4960 non
1309 4902 1540 4982 presumant.

308 5035 368 5085 20.
400 5011 473 5084 Pro
503 5011 713 5106 patrocinio
740 5010 895 5106 quidem
923 5012 958 5084 in
987 5012 1106 5108 prima
1133 5011 1309 5086 instantia
1337 5013 1451 5086 toties
1491 5035 1605 5085 cause
1640 5034 1722 5106 pre-

225 5135 362 5210 stando
399 5135 431 5209 si
457 5159 573 5210 causa
595 5136 705 5209 luerit
736 5136 785 5209 de
812 5133 994 5209 electione
1021 5135 1080 5210 vel
1112 5135 1366 5232 postulatione
1403 5136 1628 5211 cadredralis
1661 5135 1722 5210 vel

222 5259 404 5359 regularis
437 5257 593 5335 ecclesie
622 5259 845 5334 discorditer
873 5259 1071 5346 celebrata,
1102 5262 1161 5336 vel
1189 5260 1360 5336 electioni
1387 5257 1445 5335 vel
1478 5260 1723 5358 postulationi

221 5383 355 5481 aliquis
383 5409 424 5458 se
461 5401 641 5481 opponat,
671 5401 738 5457 aut
779 5381 948 5458 Prelatus
982 5383 1142 5458 cuiusvis
1177 5384 1402 5460 cathedralis
1440 5384 1498 5459 vel
1536 5383 1723 5481 regularis
