3720 5914
906 351 1044 410 δοεεκίο
1062 348 1130 408 XV

350 546 556 621 Dedicatio'
573 545 754 619 Basilicae
774 544 981 650 Salvatoris
1013 543 1078 617 IX.

351 670 502 745 Martini
530 669 709 768 Episcopi
736 684 777 742 et
804 667 1045 742 Confessoris
1074 664 1138 742 XI.

351 795 553 871 Dedicatio
587 792 827 869 Basilicarum
856 793 956 868 Petri
983 808 1024 866 et
1050 791 1153 866 Pauli
1191 788 1328 864 XVIII.

350 921 507 995 Festum
537 918 700 996 Ceciliae
729 917 892 1018 Virginis
925 916 1047 991 XXII.

352 1045 507 1120 Festum
537 1044 743 1118 Clementis
772 1044 896 1141 Papae
924 1040 1064 1117 XXIII.

353 1171 507 1244 Festum
539 1169 765 1244 Catharinae
797 1169 962 1266 Virginis
998 1165 1126 1240 XXV.

354 1295 510 1369 Festum
538 1295 717 1368 Andreae
745 1291 921 1389 Apostoli
949 1290 1079 1366 XXX.

702 1453 915 1527 December
942 1451 1057 1528 habet
1083 1451 1165 1526 dies
1193 1450 1340 1526 XXXI.

354 1597 509 1672 Festum
539 1596 683 1672 NicoIai
711 1596 891 1694 Episcopi
918 1594 982 1670 VI.

353 1723 507 1796 Festum
535 1721 725 1796 Ambrosii
753 1721 932 1819 Episcopi
968 1719 1046 1796 VII.

353 1847 509 1922 Festum
534 1847 802 1945 Conceptionis
829 1847 964 1921 beatae
1001 1845 1144 1920 Mariae
1180 1844 1286 1945 Virg.
1315 1844 1412 1918 VIII.

356 1970 512 2046 Festum
542 1971 681 2046 Luciae
710 1971 814 2069 Virg.
853 1967 952 2043 XIII.

355 2097 510 2170 Festum
538 2096 709 2170 Thomae
741 2093 917 2192 Apostoli
945 2091 1051 2170 XXI.

354 2220 447 2296 Item
477 2219 612 2319 Vigilia
641 2221 856 2294 Natiuitatis
885 2219 1036 2294 Domini
1060 2211 1191 2294 Nostri
1218 2221 1302 2295 lesu
1333 2218 1473 2294 Christi
1501 2244 1586 2294 cum
1613 2219 1775 2316 quinde-
1850 2203 1851 2216 ἵ

275 2345 345 2420 cim
374 2347 507 2420 diebus
535 2346 780 2442 sequentibus
809 2368 930 2440 usque
960 2344 1011 2418 ad
1034 2347 1237 2420 crastinum
1256 2346 1490 2443 Epiphaniae
1517 2345 1720 2420 exclusive.

989 2623 1076 2707 135.
1227 2642 1233 2652 '

275 2796 501 2872 Alexandro
523 2797 858 2896 VI(1492-15o3).
872 2795 985 2870 Anno
997 2817 1097 2894 1493
1118 2792 1308 2867 audientia
1321 2789 1554 2883 transfertur
1566 2787 1610 2862 de
1627 2789 1776 2888 palatio

355 2923 546 3022 apostolatu
572 2923 628 2995 ad
646 2921 684 2998 S.
709 2922 766 2996 M.
794 2921 975 2995 rotundae
1002 2965 1019 2977 -
1047 2921 1147 2995 Rota
1174 2917 1267 2991 tuidi
1281 2916 1452 3016 apertur
1469 2913 1528 2988 da
1554 2936 1602 2988 20
1629 2940 1776 2988 nouem·
1850 2955 1851 2964 .

355 3047 444 3124 bris.
474 3091 491 3104 -
510 3049 622 3122 Anno
648 3070 749 3145 1494
775 3047 874 3120 Rota
901 3046 1072 3145 aperitur
1096 3040 1266 3118 kalendis
1291 3039 1454 3115 octobris.

355 3201 470 3274 (Anca.
489 3200 576 3275 Rom,
601 3199 846 3273 ‹Manualr‘a»,
865 3199 1018 3260 nrunual.
1037 3216 1070 3257 n.
1088 3197 1156 3271 32).

895 3358 935 3431 In
964 3359 1146 3432 omnibus.

1275 3472 1353 3547 1493,
1372 3471 1561 3534 novembris
1572 3471 1618 3544 20,
1635 3472 1774 3532 Romae.

356 3631 429 3704 Die
448 3626 527 3702 XX
556 3599 759 3722 supr'adicu
778 3625 918 3698 mensis
937 3623 1149 3698 novembris
1177 3622 1270 3722 (149
1277 3625 1313 3719 3)
1336 3620 1402 3693 luit
1420 3620 1602 3694 translata
1620 3619 1775 3694 audien-

203 3773 211 3793 ¹
276 3756 338 3842 tia,
369 3752 627 3844 demandato
656 3749 754 3823 Ssmi
783 3749 831 3824 D.
862 3749 912 3825 N.
942 3772 1051 3845 pape,
1081 3748 1130 3821 de
1158 3747 1297 3844 palatio
1323 3744 1533 3842 apostolico
1569 3742 1619 3817 ad
1658 3744 1774 3819 eccle-

275 3881 368 3955 siam
390 3879 432 3954 B.
455 3879 506 3952 M.
538 3872 698 3948 rotunde
725 3873 761 3947 in
790 3898 866 3971 qua
893 3873 1051 3948 ecclesia
1077 3873 1228 3946 fuerunt
1246 3870 1342 3944 lecte
1375 3869 1662 3945 constitutiones
1693 3886 1774 3944 rote

273 4047 291 4062 ·
318 4005 456 4101 quibus
483 3999 591 4076 lectis
620 4025 647 4076 r.
677 4023 714 4094 p.
746 4000 782 4074 d.
806 3979 1056 4072 'Hieronimus
1085 3997 1148 4094 (de
1177 3994 1374 4094 Porcariis)
1403 3995 1563 4078 auditor,
1589 4019 1774 4069 reassum-

272 4129 348 4225 psit
377 4151 510 4204 omnes
538 4139 577 4198 et
605 4122 773 4222 singulas
803 4148 948 4210 causas,
979 4121 1049 4196 sibi
1076 4116 1359 4218 quomodolibet
1387 4119 1619 4193 commissas.

1013 4332 1034 4375 t

985 4394 1063 4438 stt*

896 4504 936 4576 In
965 4503 1150 4578 omnibus.

1340 4619 1419 4694 1494,
1437 4619 1577 4680 octobris
1599 4619 1623 4693 t,
1634 4619 1759 4680 Romae

355 4773 468 4846 Anno
497 4795 520 4844 a
548 4770 741 4845 nativitate
770 4769 908 4845 domini
936 4769 1055 4842 nostri
1097 4791 1208 4860 1494,
1249 4767 1449 4841 indictione
1488 4765 1677 4853 duodena,
1714 4765 1770 4839 die

275 4921 366 4971 vero
384 4896 566 4982 mercurii,
584 4896 703 4993 prima
723 4895 862 4969 mensis
882 4893 1057 4980 octobris,
1074 4891 1314 4989 pontificatus
1330 4891 1553 4967 sanctissimi
1572 4891 1609 4964 in
1624 4889 1771 4965 Christo

277 5023 395 5117 patris
424 5037 463 5094 et
499 5019 638 5094 domini
675 5021 803 5108 nostri,
834 5020 972 5093 domini
1010 5016 1216 5092 Alexandri
1252 5017 1375 5092 divina
1407 5016 1641 5116 providentia
1678 5039 1770 5114 pape

278 5147 374 5220 sexti
402 5170 501 5218 anno
533 5168 565 5239 3,
597 5145 700 5218 iuxta
726 5146 920 5241 antiquam
939 5160 980 5218 et
995 5141 1220 5217 laudabilem
1248 5142 1508 5238 hactenusque
1535 5141 1770 5215 observatam
1850 5237 1851 5242 Ἰ

279 5271 600 5355 consuetudinem,
631 5269 783 5344 fuerunt
808 5268 904 5344 lecte
924 5268 1208 5342 constitutiones
1228 5281 1321 5352 rote,
1347 5267 1484 5362 quibus
1502 5266 1607 5340 lectis
1634 5291 1664 5340 r.
1685 5292 1720 5364 p.
1736 5264 1768 5336 d.

282 5395 523 5470 Hieronimus
551 5395 600 5470 de
629 5395 810 5469 Porcariis
838 5393 1002 5469 Auditor
1030 5390 1287 5488 reassumpsit.
1318 5450 1327 5468 .
1358 5449 1367 5466 .
1399 5450 1406 5466 .
1436 5415 1571 5466 causas
1599 5406 1671 5466 etc.
