3748 5914
242 269 297 330 254
876 273 1013 332 Saeculo
1030 272 1119 334 XVI

318 463 361 560 g)
389 463 621 560 Pauperibus
650 466 730 539 sine
749 465 906 562 pecunia
934 467 1180 564 patrocinium
1200 481 1405 565 praestent,
1435 481 1475 540 et
1500 491 1616 541 unum
1635 492 1736 564 prae-

243 603 436 685 ceptorem
464 589 639 663 idoneum
668 615 737 686 per
764 615 895 665 eorum
924 590 1122 690 collegium
1149 617 1233 667 cum
1264 593 1492 690 competenti
1525 591 1660 666 salatio
1689 591 1737 665 ad

241 713 279 786 id
306 714 464 811 singulis
491 716 599 790 annis
627 716 812 814 deputent
839 716 936 790 inter
964 742 1020 792 se.

323 839 361 936 h)
390 838 487 913 Cum
515 840 668 915 notariis
695 841 908 916 auditorum
937 842 997 917 vel
1024 841 1105 918 aliis
1132 844 1180 918 de
1208 843 1339 941 gratiis
1358 841 1615 941 registrorum,
1637 867 1740 940 prae·

243 977 414 1061 terquam
443 964 479 1038 in
506 965 668 1063 partium
696 967 953 1064 principalium
983 967 1179 1042 utilitatem
1206 984 1247 1042 et
1273 968 1522 1056 commodum,
1553 967 1605 1040 ita
1636 967 1740 1064 quod

242 1089 435 1163 evidenter
461 1107 645 1187 appareat
672 1115 741 1187 per
768 1091 1057 1167 instrumentum
1085 1093 1285 1189 publicum,
1316 1117 1390 1166 non
1418 1091 1668 1190 paciscantur,
1694 1117 1742 1166 ne

243 1213 292 1286 ad
320 1237 451 1288 omnes
479 1230 586 1288 actus
614 1215 803 1313 legitimos
831 1214 1010 1290 inhabiles
1039 1215 1255 1303 reddantur,
1512 1198 1518 1212 ⁸

324 1333 355 1441 r)
384 1337 517 1412 Officia
545 1339 753 1412 notariatus
780 1340 817 1412 in
845 1341 946 1414 Rota
973 1339 1032 1414 vel
1060 1340 1145 1414 alibi
1177 1365 1303 1416 coram
1337 1339 1614 1428 commissariis,
1653 1365 1744 1437 pro-

243 1473 436 1536 curatores
465 1487 538 1538 non
557 1479 695 1548 emant,
726 1487 850 1560 neque
877 1465 991 1540 etiam
1019 1465 1153 1540 inillis
1181 1480 1329 1563 partem
1362 1464 1527 1562 aliquam
1563 1465 1740 1550 habeant,

244 1589 314 1662 sub
342 1611 465 1684 poena
492 1589 704 1662 amissionis
733 1589 850 1686 ipsius
879 1589 997 1676 officii,
1027 1616 1141 1688 quam
1169 1591 1281 1665 etiam
1310 1591 1509 1678 incurrant,
1541 1591 1664 1687 siqui
1692 1593 1745 1664 ad

244 1737 426 1810 praesens
459 1712 600 1787 dictum
636 1711 797 1788 officium
831 1714 891 1789 vel
929 1729 1076 1812 partem
1112 1715 1193 1790 eius
1230 1731 1370 1810 tenent,
1408 1714 1478 1788 nisi
1513 1715 1609 1789 intra
1644 1715 1744 1790 duos

246 1863 395 1912 menses
422 1863 446 1912 a
473 1835 723 1935 publicatione
750 1841 1004 1936 praesentium
1031 1841 1197 1915 vendant
1224 1838 1283 1914 vel
1310 1841 1494 1930 alienent;
1584 1931 1588 1940 ¹

322 1961 352 2060 l)
373 1963 474 2051 item,
490 1962 702 2037 inhibeatur
719 1965 913 2038 advocatis
933 1979 975 2038 ut
993 1964 1200 2040 sententias
1214 1979 1346 2040 contra
1363 1989 1494 2039 eorum
1518 1963 1745 2062 principales

242 2111 265 2160 a
294 2084 407 2160 Curia
434 2088 625 2174 absentes,
656 2088 692 2158 in
714 2087 851 2184 quibus
877 2087 964 2164 licet
981 2113 1187 2186 provocare
1207 2090 1244 2163 in
1263 2113 1342 2164 rem
1362 2089 1564 2164 iudicatam
1583 2088 1745 2163 transire

245 2235 319 2284 non
338 2213 576 2309 permittant3
597 2213 666 2286 sed
684 2213 874 2310 appellare
893 2229 933 2288 et
949 2238 1102 2289 causam
1121 2216 1356 2289 committere
1384 2213 1507 2290 lacere
1530 2231 1745 2301 teneantur,

244 2349 284 2409 et
302 2335 568 2433 principalibus
581 2337 660 2410 suis
675 2337 894 2436 significare,
910 2355 951 2412 et
964 2340 1271 2438 prorogationem
1285 2339 1453 2414 fatalium
1468 2339 1585 2416 semel
1599 2354 1744 2437 petere.

322 2463 374 2559 m)
402 2461 607 2559 Postquam
636 2461 791 2536 alicuius
827 2487 964 2538 causae
994 2466 1240 2561 patrocinium
1277 2480 1536 2561 susceperunt,
1575 2481 1615 2539 et
1646 2487 1746 2539 onus

243 2587 516 2682 procurationis
543 2605 779 2683 receperunt,
798 2586 1010 2664 indefensas
1037 2615 1171 2664 causas
1198 2613 1272 2664 non
1299 2589 1499 2675 dimittant,
1521 2589 1590 2664 sed
1608 2613 1746 2664 causas

244 2712 348 2808 ipsas
375 2735 447 2808 pro
472 2712 612 2787 viribus
640 2711 865 2801 defendant;

323 2838 363 2932 n)
390 2853 536 2911 secreta
563 2863 760 2912 causarum
779 2839 834 2913 eis
855 2855 944 2913 nota
960 2839 1187 2914 adversariis
1207 2862 1281 2914 non
1301 2837 1470 2914 revelent
1487 2839 1614 2937 aliquo
1634 2865 1747 2939 prae-

245 2977 352 3035 textu
378 2961 438 3036 vel
467 2985 590 3050 causa,
621 2965 693 3037 sub
720 2963 891 3038 infamiae
920 2979 1020 3038 nota.

326 3087 344 3182 ᾗ
375 3109 435 3179 30.
466 3083 522 3191 A)
550 3085 695 3161 Notarii
724 3088 847 3163 Rotae
875 3089 1109 3165 auditoribus
1138 3089 1215 3164 suis
1243 3090 1318 3164 sint
1336 3093 1594 3187 obsequentes
1621 3104 1662 3165 et
1690 3092 1746 3166 eis

247 3225 420 3306 pareant;

330 3335 380 3432 B)
415 3335 446 3408 si
480 3335 578 3409 intra
614 3337 706 3410 recti
741 3351 782 3410 et
817 3339 966 3414 honesti
1001 3338 1181 3413 terminos
1209 3361 1283 3413 non
1315 3338 1562 3424 constiterint,
1601 3353 1641 3412 et
1677 3365 1748 3436 per

245 3457 487 3554 cappellanus
515 3474 677 3545 nostros,
708 3461 832 3534 Rotae
859 3463 1063 3549 auditores,
1093 3462 1236 3549 moniti,
1265 3486 1339 3537 non
1367 3487 1412 3536 se
1447 3463 1745 3548 emendaverint,

246 3584 282 3656 in
310 3583 530 3658 eorumdem
558 3584 713 3659 arbitrio
742 3586 802 3674 sit,
831 3589 982 3686 cognita
1010 3588 1107 3661 inter
1134 3611 1176 3662 se
1203 3612 1247 3662 ac
1282 3589 1380 3662 bene
1413 3585 1585 3662 discussa
1620 3587 1744 3684 culpa,

246 3732 317 3804 pro
345 3706 468 3782 delicti
497 3706 677 3805 qualitate
705 3709 817 3784 etiarn
845 3735 967 3808 usque
994 3711 1043 3785 ad
1070 3713 1330 3808 privationem,
1351 3712 1455 3807 ipsos
1483 3713 1626 3809 punire.

329 3831 371 3928 Q
399 3832 523 3906 Nemo
551 3834 728 3932 deinceps
756 3835 805 3908 ad
834 3837 1042 3911 notariatus
1070 3837 1193 3911 Rotae
1220 3835 1380 3912 officium
1409 3837 1639 3922 admittatur,
1680 3836 1746 3934 qui

248 3980 335 4028 vere
364 3980 438 4029 non
467 3957 516 4030 sit
543 3956 695 4033 tabellio
722 3975 763 4033 et
789 3961 1026 4048 exercitatus,
1056 3985 1101 4034 ac
1128 3961 1233 4058 iungi
1260 3960 1382 4035 officio
1411 3975 1452 4034 et
1480 3960 1644 4034 scribere
1676 3985 1747 4056 per

246 4103 288 4152 se
316 4079 420 4166 sciat,
449 4080 559 4167 unde,
590 4083 622 4154 si
651 4083 715 4178 qui
742 4108 838 4159 nunc
865 4099 954 4158 sunt
981 4083 1115 4158 notarii
1143 4086 1264 4157 minus
1283 4083 1418 4170 idonei,
1440 4107 1602 4180 quorum
1622 4107 1746 4180 neque

246 4204 430 4288 voluntas,
461 4227 584 4302 neque
612 4207 797 4302 professio
833 4223 895 4282 est
930 4209 966 4282 in
1003 4209 1126 4283 causis
1161 4207 1325 4283 scribere
1359 4224 1425 4282 aut
1461 4201 1745 4282 tabellionatum¹

248 4353 432 4414 exercere,
462 4329 522 4402 vel
550 4331 638 4426 quia
665 4333 815 4407 maioris
842 4335 916 4408 sint
943 4335 1013 4409 loci
1041 4360 1108 4409 seu
1136 4333 1340 4433 dignitatis,
1371 4331 1431 4407 vel
1458 4334 1547 4430 quia
1583 4330 1745 4408 fortasse

246 4453 438 4528 literarum
466 4454 597 4552 ignari,
627 4481 670 4530 ac
694 4457 816 4532 solum
836 4459 979 4533 ratione
998 4459 1157 4533 officium
1175 4459 1313 4555 adepti,
1338 4473 1380 4532 ut
1396 4457 1652 4544 arrendarent,
1676 4459 1745 4531 nisi

247 4579 344 4652 intra
371 4595 449 4653 tres
477 4604 629 4654 menses
658 4582 748 4655 illud
775 4583 1028 4672 alienaverint,
1059 4609 1128 4681 per
1154 4585 1344 4659 auditores
1371 4582 1433 4656 alii
1464 4583 1631 4679 ipsorum
1670 4598 1747 4656 sta-

249 4719 399 4777 tuentur
427 4704 521 4792 loc0,
552 4730 625 4779 non
654 4722 781 4783 tamen
808 4734 938 4783 eorum
968 4709 1167 4806 propinqui
1195 4709 1254 4783 vel
1287 4709 1498 4794 familiares,
1537 4733 1659 4804 usque
1696 4707 1744 4780 ad

247 4844 431 4902 semestre
458 4830 632 4926 spatium,
663 4857 741 4928 quo
767 4834 910 4929 elapso,
941 4833 1010 4906 nisi
1037 4849 1251 4929 opportune
1269 4833 1461 4929 provisum
1489 4829 1610 4915 luerit,
1633 4829 1683 4904 sit
1709 4832 1743 4903 in

247 4953 400 5027 arbitrio
428 4979 572 5042 eorum,
600 4957 650 5030 ad
677 4983 774 5054 quos
794 4959 1006 5056 pertinebit,
1027 4957 1134 5032 alteri
1152 4958 1200 5032 de
1219 4957 1340 5032 officio
1358 4958 1443 5053 ipso
1464 4957 1744 5054 inperpetuum

248 5077 462 5173 providere;

329 5201 386 5300 D)
417 5205 664 5300 nequeenim
693 5228 762 5300 per
789 5204 1013 5278 substitutos
1041 5205 1203 5278 officium
1232 5203 1303 5280 hoc
1329 5205 1378 5278 de
1408 5221 1561 5281 caetero
1579 5203 1745 5278 exerceri

248 5328 431 5416 volumus,
462 5355 585 5427 neque
612 5328 813 5418 arrendari,
845 5331 916 5404 sub
943 5352 1066 5426 poena
1093 5329 1321 5425 privationis,
1343 5347 1504 5427 excepto
1523 5328 1742 5404 infirmitatis
