3686 5916
242 263 297 324 536
857 265 997 326 Saeculo
1015 265 1140 326 XVIII

244 453 459 552 supradicta
498 455 728 531 Constitutio
764 455 886 542 affixa,
914 469 955 530 et
991 456 1179 553 publicata
1215 456 1284 532 fuit
1319 457 1369 532 ad
1403 457 1533 534 valvas
1562 456 1743 532 Basilicae

245 577 510 654 Lateranensis
546 597 586 655 et
618 581 796 678 Principis
823 579 1108 678 Apostolorum,
1138 599 1178 658 et
1206 581 1460 658 Cancellariae
1487 581 1743 680 Apostolicae,

245 703 459 801 Curiaeque
489 703 687 782 Generalis
714 707 751 780 in
779 706 911 781 Monte
941 705 1135 794 Citatorio,
1165 723 1205 784 et
1240 709 1277 782 in
1303 709 1398 784 Acie
1431 708 1567 806 Campi
1595 705 1745 795 Florae,

243 851 288 904 ac
315 829 349 904 in
379 829 460 904 aliis
488 828 580 904 locis
608 831 737 916 solitis,
762 846 801 906 et
827 830 1019 905 consuetis
1040 813 1163 909 Urbis
1187 857 1255 930 per
1273 858 1334 906 me
1355 831 1550 908 Nicolaum
1571 830 1745 929 Cappelli

246 953 384 1050 Apost.
416 952 525 1030 Curs.

1065 1082 1256 1158 Antonius
1285 1081 1414 1158 Belaci
1443 1081 1546 1181 Mag.
1578 1082 1688 1156 Curs.

939 1407 1042 1520 '422

244 1597 436 1672 Benedicti
459 1593 575 1674 XIV
594 1599 745 1674 Litcrae
780 1601 993 1676 Decretales
1025 1613 1137 1702 super
1171 1601 1421 1677 r'urt'sdr'cttbne
1458 1603 1633 1704 Episcopi
1657 1603 1748 1702 Spi-

325 1721 445 1796 ronst
469 1721 511 1796 in
541 1723 741 1798 Ecclesum
762 1725 1000 1823 Collegiatam
1017 1725 1157 1800 Boutae
1175 1727 1331 1801 Marias
1349 1727 1518 1826 Virgines
1536 1728 1576 1801 in
1591 1726 1748 1803 Bruch-

325 1847 393 1933 sal,
423 1846 569 1946 eiusque
599 1848 819 1950 Capitulum.

322 2008 438 2081 (Aaou.
459 2009 548 2081 Ron,
571 2003 873 2081 «Ordinationes»,
891 2023 924 2066 n.
944 2005 1006 2066 XL
1016 2005 1116 2082 VIII).

1244 2185 1323 2262 17⁴7,
1341 2185 1532 2248 novembris
1551 2187 1594 2262 16,
1611 2187 1749 2248 Romae.

469 2399 582 2471 «Per
606 2401 830 2482 l’llrchlvlo,
854 2397 1040 2470 d’Ordlne
1070 2385 1109 2471 dl
1133 2401 1283 2471 Nostro
1307 2399 1526 2490 signore».

327 2581 554 2658 Benedictus
582 2581 794 2680 Episcopus
822 2605 955 2655 servus
992 2605 1187 2656 servorum
1216 2581 1300 2657 Dei.
1331 2581 1394 2656 Ad
1431 2598 1655 2679 perpetuam
1691 2585 1748 2659 rei

247 2707 476 2783 memoriam.
497 2751 523 2762 -
544 2705 754 2782 Camarum
777 2705 924 2781 Palatri'
934 2704 1137 2806 Apostolt'ci
1152 2705 1380 2782 Andriorum
1396 2705 1621 2805 Collegium,
1641 2710 1747 2805 quod

247 2830 362 2929 vulgo
391 2831 529 2906 Rotam
559 2831 769 2906 Romanam
798 2846 945 2919 vocant,
975 2857 1024 2906 ex
1051 2829 1236 2906 duodecin
1264 2828 1363 2904 Viris
1396 2830 1489 2904 luris
1527 2830 1668 2919 Civilis,
1707 2850 1749 2908 et
1832 2805 1833 2900 l

247 2951 427 3031 Canonici
455 2956 610 3032 scientia
636 2979 771 3053 aeque,
809 2979 853 3029 ac
890 2956 1079 3052 probitate
1114 2953 1325 3054 insignibus
1358 2969 1399 3030 et
1425 2979 1448 3030 e
1475 2954 1634 3030 diversis
1673 2973 1748 3032 ter-

133 3098 136 3106 ·
246 3103 372 3154 rarum
398 3079 502 3156 orbis
529 3079 700 3176 partibus
738 3080 774 3156 in
810 3079 906 3152 hanc
943 3080 1094 3154 Almam
1132 3079 1275 3154 Urbem
1312 3079 1441 3154 accitis
1477 3081 1742 3178 compositum,

247 3203 409 3278 Romani
437 3205 633 3280 Pontifices
661 3205 980 3280 Praedecessores
1009 3203 1138 3280 Nostri
1167 3203 1324 3280 Summo
1352 3229 1503 3302 semper
1535 3204 1571 3278 in
1603 3205 1747 3280 honore

247 3329 469 3418 habuerunt,
498 3335 656 3427 eosque'
670 3330 707 3404 in
734 3332 849 3406 rebus
876 3329 1004 3404 arduis
1031 3327 1261 3425 quandoque
1293 3327 1501 3418 consulere,
1539 3345 1579 3404 et
1614 3355 1745 3406 eorum

245 3477 375 3552 opera,
404 3471 521 3551 atque
549 3454 730 3529 industria
758 3453 794 3527 in
823 3453 961 3528 Causis
988 3477 1116 3528 coram
1145 3479 1187 3526 se
1215 3451 1492 3552 cognoscendis
1511 3452 1564 3528 uti
1593 3479 1748 3551 quoque

247 3594 534 3656 consueverunt.
565 3578 648 3654 Nos
675 3578 788 3677 igitur
815 3577 850 3652 in
879 3577 1013 3653 eadem
1043 3577 1149 3652 Beati
1170 3577 1269 3652 Petri
1288 3577 1481 3653 Cathedra
1501 3577 1639 3653 Divino
1659 3605 1748 3654 con-

247 3703 329 3777 silio
356 3702 526 3778 collocati
555 3703 782 3778 Nostrorum
811 3703 1148 3777 praedecessorum
1176 3702 1350 3798 exempla
1382 3701 1501 3798 sequi,
1538 3727 1748 3800 eorumque

247 3827 416 3924 vestigiis
443 3826 616 3902 insistere
643 3827 848 3924 cupientes,
878 3851 978 3924 quae
1005 3828 1135 3924 probe,
1176 3840 1354 3922 recteque
1389 3828 1439 3902 ab
1470 3826 1602 3902 iisdem
1642 3828 1748 3902 Prae·

248 3950 512 4028 decessoribus
540 3952 755 4037 constituta,
785 3952 925 4050 diuque
962 3968 1108 4027 retenta
1142 3969 1241 4038 sunt,
1281 3975 1433 4026 servare
1468 3976 1513 4026 ac
1544 3955 1747 4040 custodire,

248 4089 431 4173 quantum
459 4077 496 4150 in
524 4077 644 4152 Nobis
671 4095 742 4166 est,
774 4094 1066 4174 temporumque
1094 4102 1137 4152 ac
1166 4101 1290 4151 rerum
1319 4076 1484 4152 conditio
1511 4077 1611 4164 sinit,
1647 4105 1749 4152 sum-

248 4223 405 4296 mopere
433 4202 641 4288 studemus,
672 4219 789 4300 atque
817 4203 1038 4301 satagimus.
1070 4202 1201 4300 ltaque
1232 4217 1396 4298 quatuor
1432 4203 1482 4276 ab
1519 4203 1604 4277 hinc
1641 4205 1748 4278 annis

248 4341 416 4399 veterem
444 4327 752 4414 controversiam,
781 4352 881 4425 quae
908 4328 957 4402 ab
988 4327 1248 4424 antiquissimo
1279 4343 1454 4424 tempore
1489 4327 1749 4403 intercedebat

248 4449 344 4524 inter
372 4451 602 4550 Episcopum
633 4451 918 4526 Conversanum
955 4477 1002 4526 ex
1039 4477 1124 4538 una,
1157 4476 1201 4527 ac
1231 4452 1413 4550 Magnum
1443 4451 1671 4550 Magistrum
1711 4473 1749 4527 et

176 4607 179 4614 ’
249 4574 404 4650 Fratres
432 4577 571 4650 Milites
600 4576 755 4652 Militiae
785 4576 995 4674 Hospitalis
1020 4576 1147 4652 Sancti
1169 4576 1317 4651 loannis
1346 4577 1682 4674 Hierosolymitani
1703 4602 1750 4650 ex

248 4698 366 4774 altera
403 4700 585 4787 Partibus,
626 4701 675 4774 ad
712 4701 892 4774 Nostram
935 4703 1188 4800 cognitionem
1223 4701 1494 4788 revocavimus,
1532 4715 1571 4775 et
1608 4700 1749 4775 iuribus

247 4823 444 4921 utriusque
483 4825 602 4898 Partis
639 4840 809 4899 maturae
847 4828 1057 4923 perpensis,
1086 4824 1263 4900 adhibitis
1300 4827 1454 4922 insuper
1480 4825 1514 4898 in
1554 4825 1749 4900 consilium

248 4946 394 5022 dilectis
422 4947 523 5024 Filiis
552 4950 754 5046 praedictis
783 4947 993 5024 Causarum
1024 4949 1152 5024 Palatii
1181 4949 1312 5024 Nostri
1340 4950 1588 5024 Auditoribus
1620 4974 1748 5024 coram

248 5073 368 5149 Nobis
396 5099 441 5148 ea
469 5074 517 5148 de
538 5073 664 5147 Causa
683 5075 938 5172 congregatis,
959 5098 1166 5171 eorumque
1186 5075 1381 5148 sententiis
1399 5074 1548 5161 auditis,
1570 5100 1748 5173 supremo

247 5198 381 5272 iudicio
411 5197 554 5272 Nostro
582 5197 800 5281 decidimus,
838 5221 883 5270 ac
920 5197 1164 5281 definivimus,
1195 5215 1238 5272 ut
1264 5199 1393 5274 videre
1429 5197 1516 5274 licet
1542 5199 1579 5272 in
1617 5199 1748 5274 Nostri

250 5322 401 5396 Bullarii
427 5322 551 5398 Tomo
579 5322 604 5405 l,
637 5321 797 5399 Constit.
832 5328 892 5415 76.
