3708 5918
139 305 141 312 ’
242 323 295 382 tto
883 321 1020 382 Soeculo
1040 321 1109 381 XV

238 519 421 592 dictorum
463 518 774 615 predecessorum
816 532 855 589 et
893 513 1098 590 Alexandri
1135 517 1305 615 vestigiis
1336 517 1563 604 inherentes,
1593 541 1735 593 necnon

235 645 402 738 ipsorum
430 643 744 740 predecessorum
779 657 818 715 et
853 641 1059 715 Alexandri
1088 643 1275 737 predictas
1303 667 1347 716 ac
1365 644 1530 716 omnium
1550 661 1589 716 et
1612 645 1735 742 singu·

236 767 356 842 lorum
371 767 528 841 aliorum
548 766 836 864 privilegiorum,
857 765 1141 841 concessionum
1165 783 1206 842 et
1223 768 1429 865 gratiarum
1448 792 1518 863 per
1535 791 1736 864 quoscum·

237 916 311 988 que
326 890 418 965 alios
434 889 841 988 Romanospontifices
861 892 1150 986 predecessores
1166 906 1316 966 nostros
1329 891 1474 966 eisdem
1489 891 1736 967 Auditoribus

236 1032 275 1089 et
317 1017 633 1090 Locatenentibus
675 1040 742 1090 seu
784 1016 821 1088 in
862 1039 994 1088 eorum
1035 1015 1202 1089 favorem
1235 1016 1415 1090 hactenus
1453 1015 1740 1114 quomodolibet

237 1164 502 1215 concessorum
533 1141 678 1214 litteras
715 1141 957 1237 apostolicas,
988 1165 1147 1236 quarum
1175 1139 1339 1214 omnium
1374 1155 1538 1228 tenores,
1568 1141 1737 1225 effectus,

236 1281 352 1362 atque
381 1265 521 1338 formas
548 1291 593 1340 ac
620 1266 652 1338 si
681 1266 729 1340 de
757 1267 875 1340 verbo
904 1265 1137 1340 adverbum
1174 1265 1413 1361 presentibus
1450 1265 1578 1340 inserti
1615 1266 1741 1341 forent

238 1391 365 1464 haberi
394 1390 568 1464 volumus
596 1415 666 1487 pro
693 1389 898 1486 expressis
922 1414 992 1464 nec
1020 1414 1094 1465 non
1122 1389 1246 1464 omnia
1274 1405 1313 1464 et
1331 1389 1479 1488 singula
1507 1391 1543 1464 in
1571 1391 1626 1464 eis
1649 1413 1742 1465 con-

238 1531 353 1601 tenta,
384 1514 608 1588 auctoritate
635 1513 843 1611 apostolica
870 1531 909 1588 et
936 1541 984 1589 ex
1011 1531 1114 1588 certa
1142 1515 1308 1601 scientia,
1333 1529 1465 1588 tenore
1492 1516 1739 1610 presentium,

236 1640 492 1736 approbantes
520 1656 559 1712 et
587 1639 864 1724 confirmantes,
886 1639 934 1714 de
958 1639 1071 1736 pleno
1099 1655 1138 1714 et
1165 1655 1353 1735 perpetuo
1380 1639 1564 1713 firmitatis
1601 1641 1741 1714 robore

237 1765 443 1839 subsistere
472 1763 613 1838 debere
640 1765 899 1850 decernentes,
925 1779 1030 1838 motu
1059 1765 1223 1862 proprio,
1245 1787 1320 1836 non
1347 1765 1397 1837 ad
1424 1764 1590 1859 ipsorum
1617 1763 1741 1838 Audi-

238 1905 362 1963 torum
390 1913 456 1962 seu
482 1889 795 1963 Locatenentium
822 1887 882 1962 vel
910 1888 1064 1963 alterius
1083 1913 1152 1986 pro
1179 1891 1234 1962 eis
1263 1889 1371 1964 nobis
1391 1912 1506 1984 super
1524 1889 1595 1962 hoc
1613 1888 1742 1963 oblate

238 2012 427 2109 petitionis
454 2013 678 2100 instantiam,
701 2014 769 2088 sed
797 2014 844 2087 de
863 2030 994 2087 nostra
1017 2037 1120 2088 mera
1137 2012 1369 2099 liberalitate,
1390 2037 1465 2087 non
1485 2011 1599 2087 modo
1617 2012 1742 2087 dictos

239 2138 444 2212 Auditores
471 2154 511 2212 et
539 2139 817 2214 Locatenentes
845 2155 1045 2234 presentes
1072 2164 1116 2213 ac
1144 2139 1290 2212 futuros
1318 2163 1386 2236 per
1418 2138 1561 2213 litteras
1580 2137 1744 2238 Eugenii

238 2264 519 2358 predecessoris
548 2264 738 2359 predictas
758 2247 920 2360 'prefatis
947 2290 991 2337 ac
1019 2264 1191 2337 omnibus
1219 2281 1258 2336 et
1291 2263 1446 2361 singulis
1483 2263 1563 2338 aliis
1600 2263 1744 2338 nostris

238 2387 272 2460 in
304 2385 538 2460 Cancellaria
565 2387 773 2484 apostolica
801 2375 1000 2483 descriptis
1028 2387 1206 2485 predictis
1234 2412 1304 2484 per
1336 2413 1405 2462 nos
1442 2387 1622 2462 hactenus
1649 2413 1742 2462 con-

239 2512 357 2584 cessis
385 2526 425 2584 et
454 2511 700 2607 imposterum
727 2511 871 2585 eisdem
899 2536 943 2586 ac
979 2535 1047 2608 per
1083 2535 1324 2587 successores
1362 2527 1513 2586 nostros
1545 2511 1743 2588 Romanos

239 2634 436 2731 pontifices
465 2637 542 2710 sive
567 2613 635 2732 per
653 2637 944 2733 descriptionem
963 2637 999 2710 in
1020 2636 1251 2711 Cancellaria
1270 2637 1437 2733 predicta
1456 2637 1535 2712 sive
1555 2662 1623 2734 per
1640 2635 1744 2712 aliud

239 2762 506 2856 quodcumque
520 2761 796 2858 predilectionis
815 2764 964 2861 signum
984 2760 1239 2837 describendis
1254 2762 1313 2838 vel
1328 2763 1592 2859 exprimendis,
1608 2785 1741 2837 eorum

237 2884 477 2960 familiaribus
506 2887 690 2960 continuis
719 2887 1034 2962 commensalibus
1066 2887 1314 2961 concedendis
1351 2887 1610 2986 prerogativis,
1638 2903 1742 2962 ante-

238 3009 449 3094 lationibus,
475 3011 755 3106 exceptionibus
783 3028 822 3086 et
849 3012 1172 3098 declarationibus,
1195 3013 1366 3106 quamvis
1393 3013 1429 3084 in
1457 2999 1527 3085 illis
1555 3014 1603 3086 de
1631 3012 1743 3087 dictis

241 3135 488 3210 Auditoribus
516 3161 560 3208 ac
588 3136 903 3210 Locatenentibus
938 3135 1040 3212 nulla
1076 3138 1217 3211 mentio
1255 3136 1351 3211 lacta
1387 3137 1497 3210 fuerit
1533 3163 1576 3211 ac
1603 3137 1667 3210 fiet
1703 3138 1742 3210 in
1852 3226 1853 3231 Ἰ

239 3260 414 3347 futurum,
445 3260 480 3332 in
510 3265 832 3358 quorumcumque
848 3261 1156 3348 Canonicatuum‚
1188 3263 1475 3358 prebendarum,
1500 3263 1740 3361 dignitatum,

238 3401 519 3479 personatuum,
536 3384 909 3472 administrationum,
926 3385 1142 3472 officiorum,
1164 3385 1491 3483 prestimoniorum
1524 3410 1677 3482 quoque
1701 3401 1743 3460 et

238 3509 574 3603 prestimonialium
601 3508 817 3605 portionum
852 3534 897 3583 ac
924 3510 1146 3605 simplicium
1174 3511 1288 3584 etiam
1317 3505 1608 3597 servitoriorum,
1640 3525 1741 3584 cete-

239 3657 443 3729 rorumque
473 3633 736 3708 beneficiorum
764 3633 1102 3709 ecclesiasticorum
1131 3659 1214 3708 cum
1240 3659 1329 3707 cura
1349 3652 1387 3708 et
1416 3634 1495 3708 sine
1514 3659 1613 3722 cura,
1636 3659 1740 3708 secu·

240 3756 369 3829 larium
398 3772 437 3830 et
465 3755 638 3830 ordinum
667 3733 989 3854 quorumcumque
1018 3757 1254 3856 regularium,
1285 3782 1354 3853 per
1380 3758 1484 3854 ipsos
1516 3773 1555 3831 et
1581 3758 1739 3834 aliorum

239 3881 453 3977 quemlibet,
483 3883 614 3980 vigore
641 3883 961 3979 expectativarum
990 3883 1283 3956 nominationum
1311 3882 1360 3956 de
1387 3884 1442 3957 eis
1468 3882 1651 3957 factarum
1672 3908 1738 3958 seu

237 4005 500 4092 faciendarum,
522 4031 566 4079 ac
594 4006 642 4080 de
670 4008 791 4104 primo
818 4009 1005 4082 vacaturis
1038 4033 1106 4082 seu
1134 4008 1290 4082 aliarum
1319 4007 1535 4103 specialium
1568 4033 1740 4082 reserva·

240 4132 393 4214 tionum,
415 4119 483 4204 nec
512 4155 587 4204 non
615 4131 663 4206 de
691 4133 743 4206 sic
770 4133 957 4206 vacaturis
985 4159 1069 4207 cum
1097 4135 1283 4207 vacabunt
1312 4132 1547 4206 conferendis
1583 4133 1739 4207 manda-

240 4269 376 4339 torum,
388 4257 567 4328 unionum
582 4281 747 4354 quoque,
764 4257 1026 4343 annexionum,
1044 4257 1397 4353 incorporationum,
1415 4257 1736 4354 suppressionum,

238 4377 457 4476 illarumque
477 4407 544 4455 seu
564 4382 709 4456 illorum
729 4382 1032 4465 cumulationum,
1049 4384 1309 4456 extensionum
1330 4408 1395 4456 seu
1418 4383 1736 4470 revalidatiouum,

240 4505 382 4577 eisdem
411 4505 656 4582 Auditoribus
685 4519 725 4578 et
753 4505 1080 4591 Locatenentibus,
1104 4506 1342 4602 presentibus
1370 4522 1410 4580 et
1437 4504 1579 4592 futuris,
1600 4531 1645 4580 ac
1668 4507 1739 4581 cui·

241 4628 330 4701 libet
345 4651 474 4701 eorum
491 4629 737 4703 communiter
750 4629 809 4702 vel
824 4629 970 4702 divisim
986 4653 1056 4726 per
1069 4653 1139 4702 nos
1157 4630 1339 4704 hactenus
1357 4631 1470 4704 etiam
1484 4647 1573 4704 ante
1588 4647 1740 4728 tempus

241 4776 318 4847 quo
354 4753 403 4826 ad
431 4754 592 4828 officium
621 4753 884 4828 Auditoriatus
916 4755 1129 4828 huiusmodi
1161 4770 1443 4828 assumerentur
1461 4779 1737 4840 concessarum,

240 4902 400 4972 quarum
437 4895 588 4952 tenores
626 4880 674 4952 de
709 4880 825 4953 verbo
861 4880 1094 4953 adverbum
1132 4879 1299 4952 similiter
1335 4879 1573 4976 presentibus
1611 4881 1740 4954 haberi

240 5003 412 5076 volumus
442 5026 510 5097 pro
538 5003 740 5099 expressis,
762 5028 829 5076 seu
859 5029 926 5100 per
946 5027 1015 5078 nos
1033 5004 1093 5078 vel
1112 5028 1352 5078 successores
1376 5019 1526 5078 nostros
1547 5005 1739 5081 Romanos

241 5125 434 5223 pontifices
463 5129 787 5203 concedendarum
814 5128 945 5227 vigore
964 5127 1143 5215 facienda,
1166 5129 1219 5202 uti
1246 5145 1284 5202 et
1312 5132 1480 5226 gaudere
1508 5131 1677 5227 potuisse
1696 5154 1740 5204 ac

243 5277 373 5349 posse;
395 5276 462 5327 nec
482 5277 556 5326 non
575 5252 751 5327 debuisse
770 5267 809 5328 et
832 5254 972 5327 debere
991 5253 1104 5326 etiam
1123 5253 1159 5326 in
1179 5253 1342 5327 futurum
1363 5255 1442 5351 pari
1462 5253 1576 5328 modo
1595 5268 1634 5328 et
1656 5256 1739 5329 abs·

244 5401 318 5472 que
357 5374 431 5450 ulla
467 5374 673 5450 differentia
708 5377 744 5449 in
781 5376 954 5450 omnibus
991 5392 1030 5450 et
1063 5401 1132 5472 per
1167 5378 1292 5452 omnia
1328 5378 1482 5474 perinde
1512 5378 1616 5451 acsi
1653 5377 1740 5452 dicti
