3748 5914
782 351 896 413 Paulo
913 353 972 413 III
1205 343 1208 350 '
1568 349 1624 410 283

129 545 198 618 bus
227 545 452 619 Auditorum
482 571 646 630 suorum,
676 547 736 620 vel
764 549 800 620 in
829 549 1003 623 domibus
1032 575 1098 624 seu
1126 550 1217 624 locis
1244 549 1375 625 vicinis
1403 562 1444 621 et
1470 545 1623 642 propin-

130 670 214 763 quis
241 668 530 746 habitationibus
567 671 750 746 dictorum
789 673 1036 748 Dominorum
1075 676 1287 750 auditorum
1319 689 1358 747 et
1395 672 1556 770 partium
1585 685 1624 744 et

129 796 335 868 secundnm
364 794 520 869 formam
549 812 588 870 et
617 814 782 872 tenorem
812 815 937 872 motus
974 801 1116 895 proprii
1154 799 1303 874 Sancr'fri
1335 798 1412 871 Ι)ῆί
1440 797 1496 870 riri
1523 820 1623 892 pape

128 918 250 992 eidem
280 921 326 995 R.
358 920 394 996 P.
428 920 662 1019 D.‚Deean0
690 923 906 1018 presentati.
946 924 997 996 Et
1016 924 1064 996 'si
1109 926 1306 1010 censerint,
1343 938 1413 997 etc.
1458 921 1624 1016 Compa-

129 1061 246 1131 reant,
277 1061 348 1119 etc.
379 1045 566 1142 Alioquin,
596 1061 667 1121 etc.

210 1170 391 1245 Alsonsus
419 1173 467 1244 de
497 1169 734 1245 Casteliauos
773 1171 993 1273 n[otarius?]
1028 1198 1227 1248 causarum
1261 1179 1357 1246 came
1385 1179 1448 1269 ape
1478 1169 1621 1245 Not.

129 1294 177 1367 de
206 1295 384 1370 mandato
414 1311 454 1369 ut
481 1321 606 1392 supra.
1422 1277 1424 1280 Ι

238 1473 308 1576 Die
335 1491 470 1548 octava
496 1475 583 1547 iunii
617 1480 715 1569 1536
929 1477 1120 1550 Adrianus
1148 1501 1248 1575 pape

130 1615 291 1689 loannes
319 1617 457 1689 sandes
929 1601 1114 1676 Iohannes
1140 1627 1259 1700 grane
1293 1601 1518 1676 substitutus

133 1738 286 1836 Gaspar
312 1740 429 1837 boyer
930 1725 1121 1800 Dionisius
1141 1726 1354 1800 fonschardi
1372 1725 1598 1799 substitutus

128 1865 189 1939 lo:
220 1865 377 1940 Iacobus
405 1867 499 1940 buca
617 1943 622 1957 ,
929 1849 1114 1924 10h³¹¹¹¹0⁵
1142 1853 1283 1949 burdes

130 1990 322 2063 Antonius
349 1990 463 2065 Gileti
931 1971 1065 2049 Petrus
1093 1977 1185 2049 Ostiz

128 2115 288 2190 loannes
316 2116 506 2191 sessuri&
932 2098 1119 2174 Henricus
1148 2101 1270 2174 Strich
1299 2102 1523 2176 substitutus

133 2241 357 2315 Leonardus
385 2241 532 2338 piatteti

132 2365 269 2440 Petrus
296 2365 501 2442 Vardinort
529 2369 754 2444 substitutus

131 2489 364 2566 Guillermus
396 2517 555 2568 monson
573 2495 799 2569 substitutus

129 2617 190 2692 Io:
223 2615 420 2692 Cordelias

130 2739 314 2815 Claudius
354 2741 537 2817 Tamiseri
574 2743 798 2818 substitutus

128 2863 310 2940 Nicolaus
339 2865 486 2942 Polliaci
513 2883 733 2964 procurator

128 2991 290 3065 Iacobus
320 2991 515 3066 Cortesius

128 3114 266 3190 Petrus
294 3117 342 3190 do
369 3117 507 3190 francia

128 3239 352 3315 Franciscus
381 3242 546 3315 Bachodi

1039 2293 1112 2368 Die
1140 2293 1284 2367 decima
1312 2295 1399 2368 iunii
1433 2300 1532 2388 1536

934 2455 1115 2530 Claudius
1142 2456 1330 2531 Sablonus

932 2581 1116 2656 Iohannes
1144 2581 1301 2679 pradelii

931 2705 1117 2781 Iohannes
1147 2707 1251 2781 Nero

932 2831 1117 2906 Iohannes
1144 2830 1301 2905 Trulleti

932 2957 1049 3054 Lipus
1077 2958 1124 3030 de
1154 2955 1360 3032 Guiziieriis

933 3083 1117 3158 lohannes
1146 3082 1180 3154 le
1211 3079 1309 3154 Nam

935 3207 1119 3283 lohannes
1147 3206 1325 3301 Aloysius
1354 3205 1401 3279 de
1434 3207 1628 3305 Aragonia

933 3333 1109 3405 Andreas
1136 3331 1333 3429 granutius

932 3458 1091 3532 lacobus
1111 3456 1289 3552 Capriate
1308 3457 1534 3532 substitutus

128 3578 340 3655 ieronimus
367 3579 415 3652 de
445 3579 613 3654 Castello
645 3603 714 3677 pro
734 3581 828 3653 duo·
934 3584 1054 3659 R.dus
1097 3581 1208 3656 Pater
1246 3581 1459 3679 Episcopus
1489 3581 1628 3656 Civita-

180 3706 257 3778 bus
286 3704 363 3777 suis
391 3704 473 3778 filiis
988 3723 1051 3780 ten

130 3827 364 3902 Barthoidus
380 3815 555 3904 bukenitz
575 3830 800 3906 substitutus
933 3832 1125 3904 Adrianus
1154 3833 1202 3905 de
1226 3829 1432 3905 Pailucellis

131 3952 317 4029 Claudius
345 3953 490 4029 Allison
521 3955 747 4030 substitutus
934 3955 1155 4031 Franciscus
1184 3955 1357 4030 Pischera

131 4078 345 4153 Rodericus
383 4079 431 4154 de
460 4078 602 4152 Molina
935 4080 1099 4155 Cosmus
1127 4082 1175 4154 de
1204 4081 1365 4154 berreda

128 4202 314 4297 Quirinus
339 4202 460 4301 galler
702 4183 704 4190 Ι
935 4205 1123 4280 Paschalis
1151 4205 1350 4280 venantius

130 4329 314 4403 Nicolaus
350 4328 466 4403 hallot
491 4329 716 4403 substitutus
937 4329 1153 4402 Hermanus
1181 4329 1327 4402 borbon

126 4457 291 4530 loannes
318 4451 429 4528 daide
458 4453 684 4528 substitutus
939 4454 1124 4528 Martinus
1154 4453 1249 4548 Lupi

258 3418 331 3494 Die
360 3444 458 3493 nona
486 3421 573 3494 iunii
607 3425 705 3514 1536

211 4649 360 4723 Diebus
388 4666 531 4737 octava,
562 4672 603 4722 1x
629 4667 669 4724 et
696 4673 720 4722 x
748 4651 835 4724 iunii
860 4657 958 4744 1536
988 4651 1275 4723 εκεε11111111,11111
1293 4665 1335 4723 ut
1357 4673 1473 4744 supra
1501 4665 1630 4722 contra

125 4798 263 4850 omnes
301 4775 535 4870 supradictos
570 4794 610 4848 et
646 4774 853 4872 respective
883 4801 951 4872 per
979 4801 1037 4848 me
1067 4775 1268 4870 Symonern
1297 4773 1345 4848 de
1375 4771 1571 4847 Collomila
1588 4775 1631 4870 (?)

132 4899 293 4974 Cursor.
