3718 5918
238 325 293 386 ⁴88
864 325 1001 386 Saeculo
1019 325 1052 387 X
1059 325 1144 386 VIII

323 517 532 602 Praeterea,
562 541 698 592 causae
732 515 1012 612 exemptionum
1047 541 1072 590 a
1106 516 1361 591 Iurisdictioue
1391 516 1674 592 ordinariorum
1703 532 1746 590 et

238 641 395 715 aliorum
425 641 692 727 Praelatorum‚
722 642 871 716 suntin
902 640 1001 716 Rota
1029 640 1330 725 committendae,
1354 642 1443 739 quia
1470 641 1590 716 ineis
1617 642 1747 739 agitur

239 765 289 840 de
317 767 570 842 iurisdictione
599 766 873 842 Ecclesiastica.

322 890 471 966 Causae
498 891 709 980 confinium,
738 893 880 988 pariter
908 905 998 966 sunt
1025 888 1192 979 Rotales,
1214 891 1303 988 quia
1322 908 1411 968 sunt
1426 892 1568 966 arduae
1586 908 1627 964 et
1645 892 1747 964 inter

240 1015 412 1090 subditos
441 1017 636 1092 Romanae
665 1015 856 1090 Ecclesiae
884 1017 1089 1114 agitantur.
1177 1101 1179 1106 ¹

324 1140 473 1216 Causae
501 1166 655 1238 quoque
682 1139 978 1216 lurisdictionum
1005 1140 1267 1235 temporalium
1294 1157 1333 1214 et
1360 1141 1455 1216 aliae
1482 1165 1748 1238 quaecumque

241 1265 339 1340 inter
368 1267 535 1341 Bmones
563 1283 603 1340 ct
635 1265 727 1340 alias
764 1266 929 1362 privatas
963 1289 1146 1362 personas
1178 1281 1381 1351 vertentes.
1413 1290 1487 1340 non
1522 1282 1686 1362 possunt
1721 1292 1748 1340 a

242 1391 342 1464 Rota
379 1393 451 1464 sub
485 1390 621 1486 quovis
659 1407 833 1486 pretextu
869 1415 939 1485 per
975 1391 1020 1464 R.
1052 1388 1252 1465 Cameram
1288 1390 1449 1476 avocari,
1479 1392 1633 1486 quando
1668 1415 1747 1472 non

241 1517 367 1614 agitur
402 1516 654 1612 principaliter
689 1516 739 1590 de
772 1516 971 1592 interesse⁴
988 1514 1158 1590 eiusdem
1197 1515 1392 1600 Cametas,
1420 1517 1490 1592 sed
1528 1517 1669 1592 debent
1707 1517 1747 1590 in

242 1639 341 1714 dicta
371 1640 470 1714 Rota
498 1639 697 1723 terminari,
719 1638 782 1714 ubi
810 1664 961 1736 semper
978 1639 1130 1715 tractari
1149 1631 1436 1724 consueverunt,
1457 1657 1572 1736 prout
1593 1657 1749 1714 constat

243 1789 290 1838 ex
314 1764 482 1860 pluribus
510 1764 834 1838 commissionibus
861 1778 902 1838 et
927 1763 1176 1838 decisionibus
1196 1789 1264 1860 per
1283 1764 1370 1838 DD.
1394 1765 1517 1839 Rotae
1536 1765 1749 1840 Auditores

241 1889 360 1966 Iactis.
414 1867 416 1872 ι

324 2013 374 2088 Et
401 2015 432 2088 si
458 2014 621 2088 sortasse
652 2013 854 2110 aliquando
885 2012 1151 2088 Sanctissimus
1185 2038 1233 2086 ex
1263 2013 1392 2110 aliquo
1423 2031 1596 2111 respectu
1630 2014 1748 2089 vellet

242 2163 290 2212 ex
317 2138 538 2235 subscriptis
566 2137 688 2212 causis
715 2137 879 2235 aliquam
901 2138 989 2212 alibi
1007 2163 1121 2234 quam
1140 2139 1174 2212 in
1196 2138 1299 2212 Rota
1316 2137 1534 2214 iudicialiter
1551 2141 1745 2236 cognosci,

243 2288 311 2337 seu
339 2286 363 2336 a
389 2263 494 2374 dictat¹
518 2263 618 2336 Rota
645 2286 816 2347 avocare,
837 2277 877 2336 et
894 2260 1001 2338 alteri
1020 2264 1253 2338 committere
1272 2264 1386 2338 etiam
1404 2263 1507 2360 quod
1525 2277 1630 2336 esset
1650 2262 1748 2338 Car-

243 2387 384 2474 dinalis,
414 2404 592 2474 attamen,
621 2387 657 2460 in
686 2387 756 2462 illis
784 2401 898 2484 prout
924 2402 963 2461 et
991 2387 1028 2462 in
1064 2388 1187 2462 causis
1216 2387 1547 2462 Canonizationum
1584 2387 1748 2462 Sancto·

243 2537 324 2586 rum
352 2513 408 2609 (ut
435 2537 587 2610 semper
614 2513 907 2611 consueverunt)
937 2514 1024 2588 dicti
1055 2513 1179 2588 Rotae
1213 2513 1345 2588 notarii
1380 2513 1542 2588 scribere
1579 2513 1748 2588 debeant

242 2653 281 2711 et
309 2637 536 2734 deputentur
564 2638 633 2734 ipsi
662 2638 794 2712 notarii
824 2637 957 2722 Rotae,
979 2638 1029 2711 ad
1057 2661 1165 2733 quos,
1195 2638 1249 2712 uti
1269 2639 1362 2712 tanti
1381 2637 1593 2712 Tribunalis
1617 2663 1747 2712 neces·

243 2761 363 2836 sarios
390 2762 581 2836 nrinistros
608 2761 801 2858 praelatae
828 2785 965 2836 causae
992 2787 1038 2836 ex
1068 2761 1175 2872 titulo
1203 2785 1306 2836 mere
1340 2785 1504 2837 oneroso
1540 2787 1747 2836 concessae

243 2903 283 2960 et
310 2885 529 2984 assignatae
554 2886 716 2962 luerunt.
1546 2895 1548 2899 ’

325 3011 509 3107 Denique,
531 3012 660 3108 negari
688 3035 763 3085 non
790 3025 919 3109 potest
946 3011 1050 3108 quod
1076 3011 1148 3086 hoc
1178 3011 1333 3086 Sacrum
1354 3012 1477 3086 Rotae
1497 3010 1675 3085 'lribunal
1695 3012 1746 3084 sit

243 3159 461 3232 supremum
490 3135 654 3210 omnium
683 3135 938 3211 Tribunalium
976 3134 1091 3211 Urbis
1128 3152 1167 3209 et
1204 3134 1330 3221 Orbis,
1361 3136 1398 3210 in
1435 3136 1540 3208 cuius
1577 3135 1742 3232 signum,

244 3261 368 3334 Rotae
397 3259 576 3334 Decanus
608 3260 766 3334 mitriam
801 3259 1029 3334 Pontificiam
1056 3259 1189 3347 defert,
1219 3275 1263 3335 ut
1288 3259 1377 3336 dicit
1403 3259 1590 3334 Sarmeut.
1620 3261 1658 3334 in
1686 3259 1744 3336 tit.

242 3384 291 3458 de
319 3385 413 3482 orig.
441 3400 482 3458 et
508 3384 568 3460 off.
591 3384 711 3460 Praet.
733 3411 767 3461 n.
790 3393 886 3470 b,·et
912 3383 948 3456 in
976 3409 1053 3481 quo
1081 3408 1233 3480 semper
1258 3383 1418 3469 fuerunt,
1448 3403 1488 3458 et
1514 3408 1613 3458 nunc
1641 3402 1743 3470 sunt,

241 3509 310 3583 viri
336 3509 541 3584 doctissimi
568 3525 609 3582 et
635 3508 859 3606 gravissimi,
879 3531 927 3582 cx
954 3509 1128 3583 omnibus
1156 3509 1284 3583 mundi
1311 3508 1481 3604 partibus
1499 3509 1686 3606 assumpti
1705 3528 1747 3583 et

242 3633 383 3720 selecti,
404 3649 443 3707 et
470 3658 632 3730 quorum
659 3634 870 3707 decisiones
899 3635 1148 3707 observantur
1174 3635 1312 3706 nedum
1341 3633 1377 3707 in
1405 3632 1598 3708 Tribunali
1626 3635 1674 3710 A.
1697 3635 1743 3708 C.
1797 3683 1804 3698 ·

242 3757 375 3832 sedin
404 3775 485 3832 toto
513 3759 615 3842 orbe,
641 3774 681 3830 et
707 3757 846 3832 faciunt
873 3783 1109 3832 communem
1136 3757 1362 3853 opinionem,
1384 3773 1425 3831 et
1449 3757 1499 3832 ad
1528 3759 1667 3832 Rotam
1694 3761 1748 3833 ab
1848 3821 1849 3828 ,

242 3883 290 3958 Α.
322 3882 365 3958 C.
396 3897 435 3954 et
461 3879 543 3954 aliis
571 3881 835 3957 Tribunalibus
864 3884 1005 3978 passim
1031 3882 1253 3978 appellatur.

324 4006 402 4081 Imo
430 4006 600 4103 quotidie
627 4006 688 4080 illa
715 4006 764 4080 ad
792 4023 922 4080 votum
951 4007 1074 4080 Rotae
1102 4023 1299 4080 recurrunt
1324 4007 1360 4079 in
1389 4007 1512 4082 causis
1540 4008 1678 4083 arduis.

325 4131 375 4204 Et
401 4155 449 4203 ex
477 4132 692 4226 praemissis
720 4131 820 4206 clare
846 4132 1091 4230 dignoscitur,
1122 4131 1224 4227 quod
1253 4156 1383 4206 omues
1416 4139 1552 4206 causae
1580 4137 1615 4205 in
1643 4133 1748 4207 dicto
1848 4113 1849 4126 .

244 4254 507 4351 Motuproprio
534 4280 727 4352 expresse,
748 4257 798 4330 ad
826 4255 946 4330 dictos
976 4257 1098 4330 Rotae
1127 4255 1318 4342 Notarios,
1339 4256 1392 4330 uti
1420 4257 1514 4332 tanti
1533 4258 1748 4332 Tribunalis

244 4379 476 4454 necessarios
514 4381 714 4466 ministros,
753 4405 801 4454 ex
838 4379 946 4453 titulo
988 4405 1090 4454 mere
1125 4403 1289 4454 oneroso
1330 4381 1513 4477 privative
1551 4399 1747 4478 spectant;

243 4520 445 4601 propterea
474 4505 728 4600 supplicamus
755 4529 825 4601 pro
853 4505 1145 4602 reintegratione
1173 4505 1327 4591 illarum,
1354 4522 1393 4580 et
1419 4508 1532 4582 etiam
1561 4531 1659 4603 quae
1688 4509 1749 4580 hic

244 4629 280 4701 in
310 4627 415 4702 Urbe
442 4629 635 4726 agitantur
661 4654 787 4704 coram
825 4629 1137 4704 Eminentissimis
1170 4630 1326 4726 Legatis
1353 4646 1394 4705 ct
1421 4631 1750 4706 Gubernatoribus
1848 4645 1849 4688 ἒ

245 4751 448 4825 Civitatem
477 4771 516 4826 et
544 4753 816 4828 Provinciarum
837 4753 875 4829 S.
898 4755 942 4830 R.
965 4755 1007 4829 E.
1029 4779 1073 4829 ac
1094 4753 1371 4830 Protectoribus
1389 4755 1547 4830 aliorum
1566 4755 1747 4832 locorum.

328 4875 456 4970 Quare
484 4896 555 4954 etc.

243 5055 376 5158 (verso)
406 5057 712 5130 Eminentissimo
740 5073 779 5132 et
807 5055 1134 5132 Reverendissimo
1164 5059 1211 5134 D.
1245 5059 1433 5132 Cardinali
1462 5058 1666 5132 Barberino

530 5183 602 5255 Pro
631 5181 802 5280 Collegio
830 5199 869 5257 et
898 5183 1063 5256 Notariis
1091 5182 1230 5258 Sacrae
1260 5185 1394 5259 Rotae.
