3708 5918
237 317 289 378 ¹0⁴
868 323 1005 384 Soeculo
1023 322 1092 383 XV

233 513 494 587 consistorium
523 515 788 611 proponendis,
820 540 894 591 uno
922 517 1063 590 floreno
1091 515 1139 590 de
1168 515 1330 588 Camera
1358 515 1432 588 sint
1459 515 1634 602 contenti,
1666 539 1730 590 nec

233 636 373 732 aliquid
400 638 497 712 ultra
524 655 654 736 petere
679 641 753 714 sint
778 641 875 716 ausi:
896 640 1001 737 quod
1029 641 1060 714 si
1087 639 1313 714 contrarium
1337 639 1502 727 fecerint,
1523 639 1612 713 illud
1630 640 1732 736 quod

235 759 331 835 ultra
358 763 563 860 exegerint,
594 765 764 861 partibus
792 767 991 839 restituere
1023 781 1062 839 et
1096 765 1254 838 totidem
1288 765 1380 838 dare
1407 763 1647 861 pauperibus,
1678 780 1733 838 te-

235 901 406 962 neantur.
518 923 521 930 .

312 1012 331 1106 ᾗ
353 1035 412 1102 29.
443 1011 494 1084 Et
521 1013 634 1107 quod,
666 1013 697 1086 si
724 1015 808 1111 quis
834 1014 1041 1088 advocatus
1069 1014 1106 1086 in
1134 1013 1357 1086 consistorio
1385 1029 1572 1109 proponat
1608 1011 1733 1108 aliqua

232 1158 329 1230 quae
348 1135 396 1208 de
415 1136 472 1209 sui
492 1152 625 1212 natura
645 1137 718 1212 sint
737 1138 923 1222 iniuriosa,
944 1137 1039 1212 etin
1055 1137 1210 1212 alterius
1229 1136 1519 1211 diffamationem
1546 1153 1585 1210 et
1604 1153 1732 1211 notam

231 1260 379 1346 cedant,
408 1258 494 1334 licet
522 1261 593 1335 hoe
622 1261 659 1336 in
696 1263 957 1338 commissione
992 1263 1069 1336 sive
1098 1261 1369 1359 supplicatione
1396 1285 1468 1357 per
1493 1261 1733 1362 ipsumlpro-

230 1382 405 1480 ponenda
423 1385 603 1482 scriptum
622 1409 696 1460 non
715 1387 835 1472 fuerit,
858 1388 927 1461 nisi
945 1412 1034 1484 pars
1053 1385 1279 1484 principalis,
1299 1387 1404 1460 cuius
1424 1385 1572 1460 nomine
1591 1411 1732 1482 propo-

232 1510 339 1594 nitur,
371 1509 418 1582 sit
447 1533 640 1606 praesens,
671 1526 710 1585 et
737 1511 837 1587 dicat
855 1527 894 1586 et
912 1527 1061 1586 asserat
1079 1513 1149 1586 hoc
1168 1511 1291 1586 facere
1310 1511 1472 1608 proponi
1490 1510 1541 1583 ad
1558 1509 1731 1584 eflectum

230 1633 439 1720 accusandi,
471 1634 529 1708 vel
566 1650 713 1733 partem
749 1635 1024 1710 denunciatoris
1051 1635 1269 1711 assumendi
1307 1635 1343 1709 in
1382 1634 1501 1708 forma
1532 1634 1633 1720 iuris,
1663 1659 1731 1708 seu

230 1760 310 1832 eius
338 1773 560 1854 procurator
587 1759 637 1833 ad
664 1759 735 1835 hoc
763 1760 901 1834 habeat
928 1761 1145 1834 mandatum
1175 1759 1349 1858 speciale,
1378 1777 1445 1834 aut
1463 1759 1538 1832 sint
1556 1759 1733 1834 substan-

231 1883 330 1957 tialia
357 1909 503 1971 causae,
534 1883 626 1981 ipse,
656 1885 802 1960 actione
831 1885 1055 1972 iniuriarum,
1077 1901 1252 1960 teneatur
1270 1885 1304 1958 ei
1323 1899 1454 1960 contra
1482 1909 1596 1979 quem
1624 1909 1732 1982 orga-

232 2031 319 2082 num
349 2009 450 2082 vocis
479 2033 569 2082 suae
601 2011 831 2106 praestiterit
865 2026 904 2084 et
938 2009 974 2084 in
1007 2011 1136 2084 decem
1170 2008 1321 2084 florenis
1351 2009 1535 2084 Camerae
1563 2010 1733 2106 Aposto-

230 2133 321 2206 licae
349 2134 620 2208 condemnatus
647 2135 796 2209 existat.
816 2132 1009 2232 Quodque
1038 2135 1069 2208 si
1097 2136 1181 2231 quis
1209 2135 1416 2209 advocatus
1442 2137 1480 2208 in
1508 2135 1733 2209 consistorio

230 2257 290 2330 vel
315 2258 503 2334 audientia
531 2259 774 2346 clamorosus,
804 2259 1004 2334 iniuriosus
1032 2276 1071 2334 et
1098 2260 1351 2334 tumultuosus
1379 2258 1499 2344 fuerit,
1530 2259 1589 2333 vel
1617 2259 1732 2332 etiam

231 2397 373 2458 temere
398 2383 458 2457 vel
490 2384 738 2459 immoderate
766 2407 807 2458 se
835 2383 983 2482 ingerat
1011 2383 1240 2482 replicationi
1268 2400 1333 2458 aut
1365 2382 1572 2459 defensioni
1599 2408 1732 2456 causa-

232 2532 311 2580 rum
340 2507 376 2580 in
408 2508 640 2596 consistorio,
677 2510 755 2583 sine
788 2510 1028 2606 requisitione
1056 2524 1095 2582 et
1121 2509 1381 2584 informatione
1408 2509 1538 2604 partis,
1572 2533 1619 2582 eo
1647 2509 1731 2604 ipso

231 2632 280 2704 sit
315 2633 396 2706 eius
427 2635 476 2707 ab
503 2633 624 2708 officio
655 2657 863 2731 suspensus
891 2659 960 2730 per
990 2634 1088 2709 duos
1114 2659 1277 2719 menses,
1308 2649 1348 2707 et
1375 2633 1541 2730 quinque
1568 2633 1732 2706 florenos

232 2757 414 2832 Camerae
446 2784 517 2856 pro
550 2757 715 2855 qualibet
742 2759 832 2845 vice,
862 2784 939 2856 qua
967 2759 1037 2834 hoc
1065 2760 1197 2857 egerit,
1226 2757 1347 2832 eidem
1381 2758 1565 2832 Camerae
1585 2756 1733 2830 solvere

231 2882 279 2955 sit
305 2883 518 2956 adstrictus.
542 2881 759 2970 Coeterum,
789 2882 893 2978 quod
921 2884 952 2956 si
980 2884 1055 2957 duo
1084 2882 1256 2956 advocati
1285 2905 1397 2956 unam
1427 2905 1579 2956 causam
1605 2880 1732 2980 pelen·

229 3005 320 3080 dant
348 3007 384 3078 in
413 3006 646 3094 consistorio,
676 3031 807 3081 eorum
826 3008 947 3082 altero
966 3008 1163 3082 dumtaxat
1181 3007 1400 3105 duplicetur,
1422 3005 1585 3081 habeant
1604 3022 1731 3079 tamen

230 3132 333 3227 prius
374 3130 685 3206 consultationem
718 3133 766 3206 ad
803 3133 970 3218 invicem,
1000 3130 1059 3207 vel
1088 3133 1122 3205 in
1152 3132 1236 3229 ipso
1264 3132 1487 3207 consistorio
1515 3128 1661 3206 insimul
1689 3155 1731 3202 se

230 3256 433 3354 iniungant,
464 3257 514 3330 ita
533 3255 647 3352 quod,
669 3259 698 3330 si
719 3280 935 3353 proponens
953 3258 1046 3331 alias
1075 3255 1285 3356 reallegans
1312 3256 1462 3354 aliquid,
1492 3255 1596 3351 quod
1621 3253 1732 3330 faciat

230 3382 278 3455 ad
306 3405 443 3454 causae
471 3380 739 3468 defensionem,
760 3383 918 3470 omittat,
941 3381 1036 3457 alius
1066 3382 1252 3457 submissa
1279 3407 1372 3457 voce
1394 3398 1433 3456 et
1460 3381 1541 3455 sine
1569 3377 1730 3454 tumultu

231 3507 301 3580 hoc
329 3507 438 3593 dicat,
458 3508 510 3581 ita
529 3507 633 3603 quod
652 3507 686 3580 in
706 3507 885 3581 similibus
908 3509 1028 3581 iunior
1056 3532 1207 3605 semper
1234 3507 1378 3582 deferat
1401 3505 1599 3603 antiquiori
1618 3505 1732 3579 advo·

230 3647 324 3716 cato,
356 3631 424 3705 nisi
451 3655 499 3704 ex
526 3654 640 3706 causa
667 3630 775 3706 aliter
802 3633 991 3706 intereos
1019 3632 1130 3706 luerit
1156 3633 1433 3708 concordatum.

308 3757 327 3852 ᾗ
357 3753 458 3849 3o.*
487 3755 697 3842 Praeterea,
729 3757 929 3831 statuimus
958 3772 997 3830 et
1025 3757 1138 3832 etiam
1166 3757 1394 3844 ordinamus,
1416 3757 1520 3854 quod
1539 3754 1662 3829 nullus
1680 3755 1730 3828 ad

230 3878 418 3977 publicum
446 3881 722 3976 procurationis
759 3879 920 3956 officium
958 3879 992 3954 in
1035 3880 1167 3956 eadem
1207 3882 1320 3957 Curia
1347 3882 1396 3956 de
1430 3897 1558 3957 cetero
1594 3879 1731 3953 admit-

229 4021 339 4090 tatur,
371 4003 440 4078 nisi
468 4004 504 4076 in
531 4006 664 4080 eodem
695 4004 818 4080 ollicio
845 4006 881 4079 in
901 4007 1001 4081 dicta
1021 4005 1134 4081 Curia
1154 4007 1203 4080 sit
1221 4008 1450 4082 exercitatus
1468 4022 1508 4081 et
1531 4005 1727 4103 practicus,
1841 3991 1842 4042 3

229 4130 357 4203 autin
385 4130 465 4203 iure
491 4130 709 4226 graduatus,
740 4129 860 4205 aede
889 4130 1093 4229 diligentia,
1127 4130 1308 4206 fidelitate
1336 4147 1375 4206 et
1411 4131 1600 4228 probitate
1628 4155 1731 4202 com·
1841 4129 1842 4184 t

230 4253 438 4341 mendatus‚
455 4249 476 4296 '¹‘
493 4271 532 4329 et
552 4279 666 4352 super
686 4255 756 4328 hiis
776 4270 815 4328 et
834 4254 916 4329 aliis
934 4257 983 4332 ad
1003 4255 1216 4330 huiusmodi
1235 4255 1345 4330 officii
1363 4254 1580 4330 exercitium
1605 4278 1730 4327 neces·

229 4379 335 4453 sariis
362 4403 432 4475 per
449 4377 812 4466 Viceeancellarium,
835 4404 910 4453 uno
929 4380 988 4454 vel
1016 4379 1163 4456 duobus
1190 4403 1238 4454 ex
1263 4379 1496 4454 auditoribus
1514 4393 1554 4452 et
1572 4377 1728 4453 totidem

227 4527 274 4576 ex
301 4503 494 4578 advocatis
522 4505 722 4602 praedictis
749 4506 799 4578 ad
826 4504 864 4578 id
882 4504 1024 4580 vocatis
1051 4521 1091 4578 et
1108 4505 1380 4600 praesentibus,
1402 4503 1512 4578 fuerit
1530 4503 1730 4601 diligenter

228 4625 464 4701 examinatus
491 4646 530 4703 et
558 4645 733 4726 repertus
762 4629 934 4704 idoneus.

307 4754 326 4849 ᾗ
357 4775 416 4845 3¹·
433 4747 454 4793 *
473 4753 523 4826 Et
541 4753 645 4850 quod
665 4753 787 4828 nullus
806 4778 853 4827 ex
872 4755 980 4828 dictis
999 4754 1307 4850 procuratoribus
1326 4755 1376 4828 sit
1394 4753 1592 4830 iniuriosus
1610 4755 1728 4828 verbo
1839 4817 1840 4822 ,

228 4875 286 4950 vel
306 4878 490 4974 scriptura
518 4879 554 4950 in
581 4903 780 4952 causarum
799 4877 1024 4975 patrocinio;
1050 4902 1117 4952 nec
1136 4898 1271 4953 causas
1291 4903 1387 4976 quas
1406 4880 1552 4953 noverit
1570 4878 1727 4952 iniustas

227 5027 294 5077 seu
315 5003 461 5098 iniquas
479 5004 539 5076 vel
558 5005 649 5078 alias
667 5004 903 5099 desperatas,
926 5003 1096 5100 recipiat:
1114 5027 1181 5077 nec
1199 5029 1270 5102 pro
1284 5027 1482 5079 causarum
1497 5003 1725 5086 defensione,

225 5125 275 5200 ad
302 5151 369 5200 eas
397 5125 536 5202 diutius
565 5128 747 5202 malitiose
785 5127 1071 5224 protrahendas,
1110 5129 1285 5203 materias
1315 5129 1519 5227 subiungat
1554 5129 1727 5202 admissi-

227 5249 334 5338 biles,
355 5275 450 5347 quas
478 5276 552 5326 non
582 5277 690 5326 veras
717 5277 805 5326 esse
824 5253 928 5340 sciat,
958 5278 1026 5327 nec
1053 5253 1183 5327 credat
1201 5277 1287 5328 esse
1316 5253 1532 5351 probabiles
1558 5277 1627 5350 per
1645 5277 1727 5348 par-

229 5391 304 5450 tem
334 5399 452 5462 suam,
486 5377 589 5473 quod
620 5376 809 5473 praesumi
842 5378 992 5473 poterit,
1023 5375 1194 5452 videlicet
1221 5377 1252 5450 si
1279 5401 1379 5474 pars,
1410 5403 1480 5474 pro
1508 5401 1584 5473 qua
1611 5401 1726 5450 causa
