3718 5918
563 329 754 389 Innocentio
773 329 828 389 XI
840 361 857 372 -
874 329 1067 389 Alexandro
1087 328 1168 389 VIII
1557 331 1609 401 451

110 522 340 596 Auditorum
369 521 642 608 defunctorum,
672 522 823 596 tametsi
851 521 911 595 illa
947 547 970 595 a
999 521 1241 619 Depositario
1283 537 1435 621 recepta
1476 522 1613 600 luerint
1644 505 1652 520 ¹

107 662 199 720 ante
226 670 360 720 eorum
388 645 666 742 promotionem
694 646 755 720 vel
782 647 945 722 obitum:
966 660 1005 721 et
1032 647 1082 721 ita
1110 646 1146 720 in
1174 662 1371 744 posterum
1391 648 1612 724 inconcusse

108 769 392 844 observandum
420 770 500 844 lore
527 773 577 845 ab
605 771 779 846 omnibus
807 787 885 846 tam
913 770 1025 845 hodie
1053 771 1089 844 in
1119 770 1220 846 Rota
1238 772 1467 858 sedentibus,
1498 797 1612 869 quam

107 893 145 968 in
176 911 288 969 antea
316 889 571 982 admittendis,
600 913 640 970 et
667 894 896 994 intelligatur
923 895 1196 992 comprehensa
1229 898 1326 971 inter
1361 896 1434 970 alla
1470 914 1613 973 statuta
1677 983 1679 990 ¹

107 1021 222 1094 iurari
251 1037 434 1094 consueta
463 1021 497 1093 in
527 1020 649 1119 primo
677 1023 850 1119 ingressu
879 1021 915 1094 in
940 1019 1112 1120 Collegio
1139 1022 1187 1096 de
1214 1047 1292 1119 quo
1319 1047 1445 1120 supra.

490 1197 645 1274 lacobus
675 1199 838 1284 Emerix,
870 1199 907 1274 S.
940 1199 1062 1275 Rotae
1092 1200 1279 1276 Decanus.

489 1322 690 1399 Marcellus
718 1315 977 1411 Rondininius‚
1009 1325 1046 1400 S.
1078 1326 1123 1400 R.
1154 1324 1329 1400 Auditor.

489 1447 705 1524 Alexander
734 1449 908 1533 Ursinus,
939 1449 976 1524 S.
1008 1450 1054 1525 R.
1083 1449 1256 1526 Auditor.

490 1573 708 1648 Matthaeus
736 1574 859 1648 Ysore
888 1575 936 1650 de
965 1575 1161 1660 Hervault,
1191 1574 1231 1650 S.
1262 1576 1307 1651 R.
1337 1575 1512 1652 Auditor.

489 1698 702 1774 Fridericus
731 1700 878 1785 Caecia,
908 1698 945 1775 S.
978 1699 1022 1775 R.
1053 1700 1226 1776 Auditor.

488 1823 706 1900 Alexander
736 1825 953 1908 Benincasa,
984 1824 1022 1900 S.
1052 1825 1098 1900 R.
1130 1804 1305 1902 Auditor.

489 1950 672 2046 Iosephus
702 1948 876 2035 Molines,
906 1949 944 2026 S.
974 1950 1020 2024 R.
1051 1949 1224 2026 Auditor.

491 2073 751 2148 Ferdinandus
781 2075 944 2161 Manuel,
974 2075 1012 2149 S.
1044 2076 1089 2151 R.
1119 2076 1293 2150 Auditor.

489 2197 708 2274 Alexander
737 2199 918 2296 Caprara,
948 2198 986 2274 S.
1018 2199 1063 2276 R.
1095 2201 1267 2277 Auditor.

819 2591 910 2670 368.

170 2755 389 2830 cardinalis
406 2753 573 2828 Esnmts
596 2755 790 2827 Decanum
808 2753 928 2829 Rotae
953 2755 1080 2865 invent
1094 2754 1301 2828 solemmter
1321 2779 1401 2828 cnm
1418 2753 1557 2854 floccis.

170 2919 172 2924 ’
195 2929 312 3002 (Axcn.
331 2927 419 3000 Ror..
443 2926 632 2987 «Dianium
653 2926 766 2988 Iacobr'
780 2924 922 2986 Emerr'x
935 2931 969 2996 ι).

660 3144 756 3219 Ven.
794 3169 807 3218 1
843 3143 933 3216 Maii
966 3145 1078 3234 1689.

194 3351 283 3422 494.
317 3325 444 3402 Hodie
474 3341 560 3422 post
587 3323 781 3400 meridiem
810 3323 859 3396 D.
891 3321 1003 3396 Card.
1035 3322 1208 3396 Estensis
1237 3321 1351 3396 lrater
1378 3320 1614 3396 Serenissimi

108 3454 233 3528 Ducis
263 3451 430 3526 Mutinae
450 3476 510 3525 me
529 3449 692 3524 visitavit
711 3447 929 3522 solemniter
947 3472 1032 3521 cum
1051 3446 1176 3521 floccis
1196 3463 1389 3545 tamquam
1419 3447 1613 3523 Decanum

106 3579 217 3656 Sacri
247 3576 432 3652 Auditorii
467 3576 626 3673 eiusque
662 3589 786 3671 caput,
817 3590 856 3647 et
883 3572 960 3646 lere
993 3594 1062 3667 per
1092 3571 1223 3646 horam
1257 3571 1521 3646 humanissime
1554 3597 1614 3648 me

108 3707 187 3781 hoc
215 3702 338 3778 officio
365 3701 535 3776 detinuit.

827 3949 919 4100 sn.

109 4184 318 4281 Collegium
346 4183 385 4256 S.
417 4183 462 4258 P.
497 4182 547 4254 A.
578 4181 832 4254 patronorum
867 4189 1116 4279 congregatur
1151 4206 1274 4254 coram
1311 4183 1428 4257 Rotae
1465 4185 1616 4258 Decano

191 4319 266 4408 pro
282 4308 500 4382 ndmr'sn‘one
513 4332 688 4380 novorum
710 4305 960 4403 Collegrnlr'nm
968 4315 1088 4405 prout
1103 4307 1381 4381 determinatum
1389 4309 1529 4404 ficerat
1543 4333 1616 4383 esse

196 4444 338 4534 semper
362 4431 583 4520 faciendum.

199 4605 314 4676 (Axcx.
332 4605 420 4676 Rom,
444 4603 634 4664 ‹Dr'arium
653 4603 766 4663 Iacobo·
781 4603 921 4662 Emerr'x
934 4608 970 4674 »).

548 4818 723 4893 Mercurii
755 4840 774 4912 7
806 4818 1040 4916 Septembris
1075 4823 1187 4911 1689.

200 5023 289 5096 501.
311 4999 398 5074 Fuit
425 4998 535 5074 hodie
554 5015 644 5096 post
660 4997 853 5073 meridiem
872 5013 1145 5098 congregatum
1173 5023 1299 5072 coram
1325 5021 1385 5072 me
1406 4997 1617 5096 Collegium

105 5127 367 5203 Patronorum
395 5122 432 5198 S.
464 5121 593 5197 Palatii
621 5121 832 5220 Apostolici
859 5144 930 5218 pro
956 5122 1184 5196 admissione
1217 5146 1399 5197 novorum
1428 5119 1619 5221 Collegia-

102 5255 206 5328 lium
234 5249 271 5322 in
300 5247 538 5346 praecedenti
567 5246 874 5346 Congregatione
901 5247 1013 5322 etiam
1040 5246 1077 5320 in
1104 5263 1300 5343 posterum
1329 5271 1454 5322 coram
1484 5273 1554 5338 me,
1576 5265 1619 5323 ut

105 5371 409 5454 determinatum
437 5386 509 5458 est,
537 5371 720 5459 habenda,
751 5369 968 5460 electorum,
999 5395 1154 5469 nempe:
1185 5372 1336 5447 Domini
1364 5388 1423 5446 etc
1426 5431 1545 5449 ......
