3688 5924
219 300 257 359 to
845 299 983 358 Soecuto
1000 297 1093 358 XIII

223 398 436 406 .—---—-.-—-
665 397 869 404 ——-.----.-—

219 486 415 562 occasione
434 485 645 561 huiusmodi
673 488 723 562 ad
749 487 854 583 ipsos
882 486 1114 573 obvenerint,
1135 485 1313 583 predictis
1332 487 1512 584 episcopo
1538 503 1578 562 et
1596 486 1712 560 archi-

218 611 435 706 presbiteris
464 612 609 708 integre
638 613 838 686 restituant
867 613 945 686 sive
973 612 1087 686 etiam
1114 610 1282 686 ecclesiis
1309 612 1540 686 eorumdem.

300 735 474 810 Preterea
502 737 597 832 petit
622 737 726 834 quod
749 737 1016 832 parrochianos
1034 736 1226 832 predictos
1243 734 1293 810 ad
1311 734 1436 833 aliqua
1454 735 1578 810 divina
1596 735 1716 810 officia

219 885 285 936 seu
313 861 564 939 ecclesiastica
592 877 827 936 sacramenta
857 885 931 936 non
958 860 1158 936 admittant
1186 860 1266 934 sine
1295 859 1446 956 speciali
1465 858 1613 934 licentia
1635 884 1715 956 pre·

218 987 412 1073 dictorum,
446 1003 486 1062 et
513 1011 628 1084 super
656 985 833 1082 predictis
863 985 957 1082 petit
985 1011 1053 1060 eos
1081 985 1151 1060 sibi
1177 994 1218 1058 et
1244 984 1326 1058 aliis
1353 1009 1423 1081 per
1454 1009 1534 1072 vos,
1566 984 1716 1059 domine

216 1112 339 1196 iudex,
374 1111 647 1188 sententialiter
674 1109 950 1206 condempnari,
981 1124 1020 1184 et
1047 1110 1215 1206 predicta
1242 1109 1338 1206 petit
1364 1133 1448 1184 cum
1475 1110 1652 1208 expensis
1680 1110 1715 1182 in

216 1234 280 1310 lite
307 1236 414 1312 lactis
432 1252 473 1312 et
499 1235 690 1318 faciendis,
720 1261 817 1334 quas
838 1252 1009 1330 tempore
1028 1235 1213 1309 sententie
1241 1232 1455 1320 declarabit,
1485 1235 1574 1308 iuris
1602 1235 1717 1310 bene-

217 1360 299 1436 ficio
327 1362 396 1438 sibi
423 1363 596 1437 omnibus
624 1385 775 1456 semper
804 1360 921 1446 salvo,
953 1374 1170 1454 protestans
1197 1359 1301 1455 quod
1322 1383 1396 1433 non
1413 1360 1588 1458 astringit
1607 1383 1650 1438 se
1667 1361 1716 1433 ad

218 1493 342 1569 omnia
360 1497 528 1592 predicta
555 1493 758 1590 probanda,
790 1493 857 1566 sed
877 1493 986 1567 ollert
1005 1519 1047 1566 se
1075 1493 1322 1590 probaturum
1340 1494 1444 1590 quod
1463 1493 1532 1568 sibi
1560 1491 1719 1568 sufficiat

219 1621 267 1694 de
293 1619 498 1716 premissis.

298 1742 421 1840 Super
447 1768 524 1839 quo
552 1742 686 1830 libello,
717 1744 839 1816 dictus
867 1742 1051 1839 Syndicus
1078 1743 1181 1816 litem
1209 1757 1442 1817 contestatus
1469 1743 1592 1816 estin
1619 1741 1718 1816 hunc

218 1869 392 1944 modum:
423 1867 555 1942 Frater
584 1869 770 1952 Donatus,
795 1869 1001 1942 monachus
1028 1884 1067 1942 et
1094 1884 1357 1964 procurator..
1387 1867 1545 1950 abbatis,
1566 1881 1605 1941 et
1634 1891 1718 1941 con·

216 2008 351 2066 ventus
381 1992 598 2067 Monasterii
626 1991 907 2088 Criptelerrate,
937 1991 1041 2066 litem
1068 1990 1328 2078 contestando,
1349 1991 1550 2066 confitetur
1565 2007 1606 2065 et
1628 1991 1719 2065 dicit

217 2118 320 2214 quod
349 2175 370 2193 ..
400 2119 530 2202 abbas,
555 2133 594 2190 et
613 2117 834 2190 Conventus
853 2117 941 2191 dicti
960 2118 1177 2191 monasterii
1195 2116 1244 2190 de
1262 2117 1434 2190 omnibus
1453 2116 1715 2202 oblationibus,

216 2240 353 2340 legatis
384 2260 423 2316 et
450 2243 623 2318 omnibus
649 2241 730 2315 aliis
758 2265 834 2337 que
863 2240 1085 2339 relinquunt
1113 2241 1346 2338 parrochiani
1373 2241 1615 2316 ecclesiarum
1641 2243 1717 2338 epi·

217 2383 395 2463 scopatus
414 2365 616 2442 Tusculani
644 2367 715 2462 ipsi
736 2366 968 2442 Monasterio
987 2391 1057 2462 pro
1076 2366 1200 2440 anima
1220 2391 1288 2440 sua
1305 2367 1343 2439 in
1362 2364 1491 2440 ultima
1509 2363 1714 2451 voluntate,

218 2489 357 2566 debent
382 2490 473 2565 dare
501 2491 680 2588 episcopo
706 2505 747 2564 et
772 2491 865 2588 ipsis
893 2489 1057 2566 ecclesiis
1087 2489 1380 2587 parrochialibus
1417 2491 1601 2588 integram
1640 2507 1717 2564 ter-

217 2619 310 2690 ciam
337 2633 485 2714 partem
513 2641 582 2712 pro
610 2616 787 2690 canonica
816 2616 1000 2712 portione,
1020 2631 1059 2690 et
1078 2613 1208 2689 volunt
1237 2617 1272 2689 in
1300 2631 1495 2713 posterum
1518 2615 1600 2690 sine
1626 2641 1719 2690 con-

216 2742 436 2818 tradictione
464 2757 646 2839 prestare.

298 2867 391 2950 Item
420 2867 617 2943 confitetur
644 2882 683 2941 et
702 2868 790 2942 dicit
817 2866 921 2964 quod
940 2890 1014 2942 non
1043 2868 1184 2942 debent
1207 2867 1372 2964 recipere
1399 2867 1562 2964 aliquem
1590 2891 1718 2963 parro-

217 2993 402 3079 chianum,
444 2995 669 3088 contemptis
706 2993 866 3091 propriis
908 2992 1127 3088 presbiteris
1163 2991 1404 3067 ecclesiarum
1445 2993 1621 3090 ipsarum,
1668 2994 1717 3067 ad

217 3117 402 3192 audienda
443 3117 566 3190 divina
607 3117 643 3189 in
681 3117 913 3191 Monasterio
953 3141 1083 3190 eorum
1121 3116 1180 3191 vel
1217 3114 1429 3214 recipienda
1463 3112 1718 3192 ecclesiastica

217 3258 462 3326 sacramenta,
492 3259 531 3315 et
549 3241 680 3316 volunt
697 3240 820 3315 lacere
840 3241 875 3313 in
893 3239 1069 3316 futurum.
1092 3239 1305 3316 Confitetur
1321 3239 1435 3315 etiam
1452 3255 1492 3314 et
1510 3239 1598 3316 dicit
1612 3243 1718 3336 quod

217 3391 293 3442 non
319 3365 460 3442 debent
488 3367 655 3464 recipere
680 3366 843 3462 aliquem
862 3366 1149 3462 parrochianum
1168 3368 1334 3462 ipsorum
1357 3366 1407 3439 ad
1425 3364 1718 3440 ecclesiasticam

217 3491 459 3588 sepulturam,
489 3514 558 3564 nec
586 3487 766 3586 recipient
793 3491 828 3564 in
865 3489 1042 3577 futurum,
1073 3490 1141 3564 nisi
1169 3491 1206 3564 in
1234 3515 1363 3566 eorum
1388 3488 1616 3566 monasterio
1644 3491 1717 3565 ele·

217 3613 315 3714 gerit
343 3615 503 3710 sepeliri.

297 3738 470 3836 Cumque
497 3737 585 3813 dicti
612 3739 731 3813 abbas
757 3754 798 3813 et
817 3737 1035 3813 Conventus
1064 3755 1312 3814 memoratum
1340 3739 1492 3813 fratrem
1521 3739 1717 3813 Donatum

217 3864 265 3938 ad
284 3879 414 3960 partes
432 3862 623 3937 misissent
640 3876 816 3948 remotas,
846 3862 959 3938 alium
978 3880 1272 3961 procuratorem,
1293 3864 1445 3939 fratrem
1474 3862 1592 3964 Pignu
1612 3863 1717 3938 vide·
1830 3861 1831 3894 l

216 3989 313 4070 licet.
342 4011 473 4062 eorum
511 3987 746 4071 monachum,
776 3987 813 4060 in
849 4013 963 4062 causa
990 3990 1264 4064 constituerunt
1296 3987 1441 4064 eadem.
1471 3986 1558 4082 Qui,
1588 4013 1716 4064 coram
1829 4061 1830 4072 ,

218 4113 325 4186 nobis
353 4112 391 4185 iu
417 4111 552 4186 iudicio
579 4112 818 4198 constitutus,
848 4112 997 4185 nomine
1032 4113 1179 4187 abbatis
1215 4128 1256 4186 et
1282 4111 1504 4187 Conventus
1530 4113 1717 4210 predicto·

217 4261 310 4323 rum,
338 4237 564 4332 approbavit
590 4254 629 4310 et
657 4235 852 4312 ratificavit
879 4237 1135 4312 consessiones
1163 4235 1280 4312 lactas
1308 4260 1376 4335 per
1402 4237 1556 4312 fratrem
1585 4237 1717 4312 Dona·
1829 4261 1830 4270 ¹

217 4379 296 4435 tum
323 4360 543 4458 predictum,
572 4385 616 4434 ac
643 4361 886 4457 postmodum
905 4362 955 4435 ad
974 4362 1226 4436 revocandum
1250 4360 1505 4436 consessiones
1524 4363 1715 4458 predictas

216 4487 383 4561 exhibuit
410 4486 570 4583 speciale
597 4487 814 4561 mandatum
842 4502 882 4560 et
910 4486 1101 4561 revocavit
1126 4485 1293 4561 easdem.

297 4611 346 4684 Et
373 4610 525 4684 tandem
553 4610 640 4686 dicti
667 4612 786 4685 abbas
812 4626 852 4684 et
879 4610 1109 4690 Conventus.
1140 4626 1457 4708 recognoscentes
1475 4611 1580 4709 quod
1607 4611 1715 4708 privi·
1828 4667 1829 4670 ,

215 4734 314 4834 legia
332 4734 468 4834 quibus
495 4759 518 4808 a
545 4738 777 4832 prestatione
800 4737 1003 4833 petitorum
1031 4759 1072 4809 se
1101 4737 1196 4809 tueri
1225 4737 1438 4832 sperabant,
1466 4761 1536 4811 eos
1562 4735 1715 4811 minime

215 4859 434 4942 liberabant,
463 4861 537 4934 iam
554 4859 675 4934 dictas
702 4859 957 4934 consessiones
984 4884 1169 4955 persnas
1198 4859 1381 4956 speciales
1409 4859 1553 4936 litteras
1576 4883 1714 4958 appro-

215 4986 361 5067 bantes,
390 4984 666 5058 revocationem
693 4984 830 5058 laetam
858 4984 907 5057 de
925 4983 1033 5058 dictis
1058 4984 1354 5059 confessionibus
1373 5009 1441 5080 per
1467 4985 1609 5058 dictum
1637 4984 1655 5057 l
1694 5025 1713 5040 -

216 5125 311 5182 trem
340 5107 459 5205 Pignu
487 5107 638 5204 penitus
665 5123 901 5184 revocarunt.

297 5231 378 5306 Nos
406 5233 544 5328 itaque,
572 5233 701 5308 audita
735 5232 971 5308 consessione
1005 5231 1217 5307 huiusmodi
1253 5231 1396 5329 syndici
1433 5232 1639 5318 memorati,
1673 5248 1715 5305 et

216 5357 285 5432 hiis
312 5381 386 5454 que
406 5372 537 5432 secuta
563 5375 651 5434 sunt
668 5357 836 5456 diligenti
855 5356 1123 5434 deliberatione
1151 5357 1330 5455 pensatis,
1362 5383 1406 5432 ac
1430 5357 1584 5432 tandem
1612 5357 1713 5431 dicto
