3720 5916
645 305 757 364 Paulo
778 303 837 363 V·
857 304 1017 377 Gregorio
1035 302 1068 362 X
1076 303 1106 363 V
1570 305 1622 364 351

125 497 420 573 Canonizatione
453 499 558 572 Servi
580 499 653 572 Dei
673 498 799 573 Caroli
828 499 1038 573 Cardinalis
1068 500 1273 588 Borromei‚
1295 502 1344 573 ad
1372 501 1474 597 quod
1504 499 1626 574 solent

125 622 249 696 Rotae
269 623 476 697 Auditores
495 625 630 711 vocari,
651 640 690 697 et
718 624 785 696 iuit
803 625 1029 710 conclusum,
1061 649 1135 698 non
1162 650 1279 721 posse
1307 627 1505 701 accedere:
1535 627 1623 721 quia

124 771 200 820 non
228 765 289 820 est
317 772 410 832 mos,
442 764 484 821 ut
511 748 718 822 Auditores
741 765 830 823 ante
858 765 1032 844 apertum
1061 775 1106 822 os
1132 751 1315 824 accedant
1342 752 1390 824 ad
1420 749 1623 848 Cappellas

121 888 163 943 et
191 872 362 966 publicos
390 888 509 958 actus,
528 872 563 944 in
583 871 721 969 quibus
734 874 793 947 alii
808 873 1016 947 Auditores
1030 901 1114 948 curn
1130 874 1232 970 Papa
1248 875 1474 949 intervenire
1490 877 1623 950 solent.

824 1203 914 1284 210.

520 1385 631 1458 Mors
658 1383 804 1457 Summi
828 1382 1022 1478 Ponlzflcr's
1049 1383 1168 1456 Pauli
1201 1385 1243 1458 V.
1308 1327 1309 1330 Ἴ

166 1580 168 1586 ·
203 1560 320 1632 (Anca.
339 1559 428 1632 Ros,
452 1559 672 1618 ‹Extractum
692 1558 812 1618 Dr'arz'i
829 1559 1004 1630 Coroni-t

210 1803 294 1870 109.
328 1777 412 1853 Hac
432 1779 491 1852 die
507 1779 613 1864 lovis,
638 1781 685 1852 28
707 1777 861 1852 ianuarii
876 1778 970 1852 hora
990 1804 1074 1851 cum
1094 1778 1247 1852 dimidia
1264 1780 1351 1852 anni
1374 1779 1466 1852 1621
1491 1779 1624 1854 szfius

123 1905 296 1977 Pontifex
316 1903 453 1977 Paulus
472 1903 518 1990 V,
539 1920 651 1977 antea
688 1903 810 1977 dictus
830 1902 1011 1977 Camillus
1042 1903 1286 2000 Burghesius
1308 1903 1503 2000 expiravit,
1525 1929 1625 1977 anno

124 2027 366 2102 Pontificatus
395 2027 453 2100 sui
480 2050 540 2114 XV,
572 2026 703 2101 diebus
739 2051 805 2113 12;
835 2028 971 2101 aetatis
1000 2051 1091 2101 vero
1130 2030 1179 2101 68
1218 2029 1410 2102 mensibus
1439 2029 1558 2102 tribus
1586 2045 1626 2102 et

123 2152 258 2225 diebus
290 2153 350 2226 28.

837 2431 927 2512 211.

195 2567 334 2686 Electri)
360 2614 400 2686 in
428 2615 574 2710 Papam
603 2611 825 2686 Alexandri
848 2611 1052 2700 Ludouisii,
1082 2613 1167 2686 olim
1195 2613 1394 2687 Auditorrlr
1421 2615 1548 2689 Rotae.

204 2789 320 2856 (Arcu.
339 2787 426 2861 Rom,
450 2787 672 2848 «Extractum
693 2786 813 2846 Diarr'i
830 2786 1006 2859 Coccr'm'»).

556 3003 629 3076 Die
657 3002 797 3090 martis
830 3027 853 3095 9
882 3003 1055 3077 iebruarii
1089 3010 1200 3080 1621.

211 3207 296 3259 110.
328 3183 412 3256 Hac
439 3183 500 3256 die
528 3183 600 3256 sub
626 3196 775 3256 noctem
804 3182 897 3257 hora
928 3207 977 3274 24
1006 3182 1216 3256 Cardinalis
1244 3181 1461 3257 Alexander
1497 3183 1623 3258 Ludo·

122 3312 240 3384 visius
270 3307 518 3382 Bononiensis
544 3307 724 3382 Summus
753 3307 923 3382 Pontifex
950 3306 1018 3380 suit
1044 3307 1293 3381 denunciatus
1311 3309 1347 3380 in
1377 3307 1566 3395 Conclavi,
1586 3309 1622 3381 in

124 3461 202 3533 quo
230 3433 391 3508 aderant
417 3431 638 3505 Cardinales
660 3455 705 3526 52
737 3448 776 3505 et
804 3433 885 3528 ipse
913 3449 1069 3506 vocatus
1089 3431 1300 3530 Gregorius
1320 3429 1407 3518 XV,
1428 3433 1490 3528 qui
1520 3433 1622 3529 prius

124 3561 247 3633 suerat
261 3558 426 3632 Auditor
444 3557 568 3631 Rotae
586 3581 634 3630 ex
648 3581 724 3653 qua
738 3557 786 3630 ad
806 3557 1183 3653 Archiepiscopatum
1206 3557 1483 3632 Bononiensem
1503 3557 1625 3631 suerat

125 3683 341 3760 translatus.

825 3947 914 4028 212.

123 4131 315 4214 Socratas,
354 4127 489 4225 quiin
522 4123 689 4225 conflictu
730 4151 810 4200 cum
845 4125 991 4200 Coccino
1017 4138 1093 4225 pro
1128 4127 1378 4225 assequutione
1405 4126 1622 4201 Decernatur

205 4255 320 4327 ur'ctus
346 4279 394 4326 ex
420 4277 535 4349 agone
561 4253 716 4340 exierat,
744 4261 896 4325 creatur
921 4278 947 4323 a
968 4251 1151 4348 Gregorio
1179 4253 1269 4327 XV
1289 4252 1490 4326 Datarius.

205 4410 321 4482 (Arcu.
340 4408 425 4476 Ror„
451 4407 672 4466 ‹Extractum
691 4405 812 4464 Dr'orr'r'
830 4405 1005 4477 c0cc2'm·›).

623 4623 695 4697 Die
730 4647 769 4695 11
804 4623 979 4697 februarii
1014 4629 1124 4697 1621.

239 4829 322 4878 111.
354 4804 403 4880 D.
433 4803 611 4878 Sacratus
640 4802 958 4897 Archiepiscopus
988 4801 1250 4875 Damascenus
1278 4801 1401 4875 Rotae
1421 4800 1622 4874 Locumtc-

124 4956 218 5005 nens
248 4929 315 5002 suit
343 4946 492 5002 creatus
521 4929 699 5002 Datarius
729 4928 766 5002 S.
799 4927 846 5002 D.
879 4925 925 5000 N.
957 4925 1133 5024 Gregorii
1161 4925 1246 5000 XV.
