3688 5924
733 316 930 377 urbanorv
1161 287 1164 293 ’
1548 317 1585 376 tr

94 418 206 426 ——n—
553 419 725 427 ψ...-
1402 421 1582 429 -n—

100 508 218 593 ‹bari,
240 525 281 584 et
307 510 469 584 eandem
495 511 736 607 prebendam,
758 535 842 584 cum
870 513 1011 586 iuribus
1039 528 1079 584 et
1110 512 1355 609 pertinentiis,
1385 513 1453 588 sibi
1479 513 1586 586 adiu-

101 634 253 719 ‹dicari
284 650 325 707 et
352 633 401 708 ad
428 633 552 730 ipsum
585 636 775 732 pertinere
802 660 871 732 per
899 635 1121 712 sententiam
1150 637 1340 724 declarari,
1370 637 1588 737 dictumque

102 759 333 834 ‹Albertum
369 760 418 834 ab
452 784 500 834 ea
535 761 685 856 penitus
720 761 886 836 amoveri
923 775 962 835 et
998 761 1122 858 ipsum
1154 763 1204 836 ad
1241 763 1512 838 restituendam
1547 780 1587 837 et

102 882 391 958 <dimittendam
428 884 584 958 eandem
626 885 868 981 prebendam,
908 911 992 959 cum
1029 887 1208 962 fructibus
1250 887 1376 962 medio
1415 902 1587 983 tempore

104 1009 332 1104 ‹perceptis
363 1009 394 1082 si
420 1023 561 1093 extant,
583 1009 643 1082 vel
672 1010 703 1082 si
731 1033 805 1083 non
834 1025 965 1084 extant
992 1035 1123 1086 eorum
1151 1011 1443 1100 extimationem,
1473 1037 1587 1109 quam

101 1131 218 1206 ‹lacit
254 1131 429 1206 librarum
463 1147 611 1208 centum
648 1151 800 1210 monete
833 1135 1137 1222 Mediolanensis,
1171 1135 1344 1233 compelli
1370 1151 1410 1210 et
1437 1151 1588 1211 senten-

102 1255 269 1332 ‹tialiter
310 1257 592 1354 condempnari,
637 1283 680 1332 ac
721 1259 792 1334 sibi
840 1285 955 1355 super
995 1258 1079 1356 ipsa
1124 1259 1317 1357 prebenda
1362 1277 1588 1358 perpetuum

102 1381 332 1467 «silentium,
367 1381 517 1477 imponi.
552 1381 602 1456 Et
639 1383 708 1457 bec
735 1383 861 1458 omnia
893 1384 989 1480 petit
1020 1410 1104 1458 cum
1138 1385 1311 1482 dampnis
1342 1402 1381 1460 et
1412 1386 1589 1483 expensis

102 1507 311 1606 ‹legitimis
339 1532 415 1604 que
442 1523 481 1582 et
508 1532 605 1605 quas
632 1510 789 1584 extimat
825 1509 1001 1586 libr‘arum
1030 1511 1304 1610 quinquaginta
1331 1525 1482 1586 monete
1512 1511 1589 1586 Me·

100 1631 372 1720 ‹diolanensis,
406 1646 446 1704 et
477 1648 711 1729 protestatur
738 1633 881 1709 suturas
914 1659 1102 1731 expensas
1134 1660 1241 1733 quas,
1276 1660 1370 1721 cum,
1405 1635 1589 1724 debuerit,

102 1755 348 1844 <declarabit
378 1757 484 1832 salvo
511 1758 593 1832 iure
619 1773 691 1834 etc.
712 1786 750 1833 ›.

171 1911 190 1954 ‹
212 1883 296 1956 Lite
325 1881 438 1980 igitur
456 1907 571 1979 super
590 1883 776 1980 premisso
794 1883 919 1958 libello
937 1885 1034 1960 inter
1051 1887 1154 1981 ipsas
1173 1901 1302 1981 partes
1320 1885 1487 1984 legitime
1505 1910 1589 1960 con·

95 2023 231 2081 testata
262 2007 500 2104 prestitoque
528 2007 578 2081 de
602 2009 762 2083 veritate
796 2009 954 2084 dicenda
982 2034 1005 2084 a
1032 2009 1201 2106 partibus
1235 2009 1454 2094 iuramento,
1484 2009 1591 2084 lactis

94 2133 170 2204 hinc
197 2131 288 2204 inde
316 2129 563 2227 positionibus
591 2148 630 2204 et
657 2133 868 2208 subsecutis
892 2133 1201 2228 responsionibus
1231 2131 1281 2208 ad
1307 2133 1471 2218 easdem,
1493 2133 1592 2207 datis

93 2253 257 2329 articulis
283 2268 324 2328 et
349 2252 457 2329 lactis
493 2255 792 2354 interrogatoris
824 2278 939 2352 super
970 2257 1073 2354 ipsis,
1104 2257 1191 2355 quia
1223 2257 1272 2332 de
1303 2257 1445 2332 meritis
1479 2281 1592 2332 cause

94 2405 156 2474 per
180 2404 233 2453 ea
261 2401 336 2475 que
363 2380 558 2475 proposita
584 2377 731 2453 fuerant
759 2405 885 2454 coram
913 2381 1010 2477 ipso,
1029 2381 1141 2477 plene
1168 2379 1311 2477 liquere
1331 2404 1405 2456 non
1428 2395 1590 2477 poterat,

94 2503 186 2578 idem
215 2503 393 2576 dominus
425 2503 525 2600 papa
552 2527 621 2601 per
646 2504 790 2580 litteras
819 2529 909 2579 suas
941 2505 1133 2580 mandavit
1161 2505 1332 2582 discretis
1359 2507 1479 2582 viris..
1510 2530 1592 2580 san·

92 2647 146 2702 cte
164 2627 284 2703 Tecle
312 2626 605 2703 Mediolanensis
632 2645 705 2704 et..
730 2629 778 2704 de
799 2628 941 2718 Olzate,
964 2629 1258 2706 Mediolanensis
1284 2630 1453 2716 diocesis,
1474 2631 1593 2706 eccle·

92 2754 227 2828 siarum
268 2751 479 2849 prepositis,
508 2767 548 2826 et
585 2753 752 2851 Rogerio
784 2755 834 2828 de
870 2754 993 2841 Porta,
1024 2753 1234 2830 Canonico·
1249 2757 1367 2829 sancti
1402 2755 1593 2830 Ambrosii

93 2877 398 2964 Mediolanensis,
428 2893 470 2951 ut
498 2893 618 2952 testes
646 2903 743 2976 quos
771 2895 931 2976 utraque
968 2904 1058 2976 pars
1092 2905 1208 2978 super
1235 2879 1396 2955 articulis
1423 2881 1480 2956 eis
1508 2905 1592 2954 cum

93 3002 393 3101 interrogatoriis
419 3001 581 3099 partium
604 3005 653 3078 ab
672 3005 806 3080 eodem
826 3005 1004 3101 Capitulo
1023 3007 1094 3080 sub
1113 3031 1182 3080 suo
1210 3003 1334 3104 sigillo
1352 3005 1592 3092 transmissis,

93 3129 246 3203 duceret
275 3127 553 3222 producendos,
584 3127 676 3204 inira
704 3145 846 3204 certum
879 3131 1079 3204 terminum
1107 3131 1285 3228 recipere,
1315 3155 1359 3204 ac
1388 3131 1594 3206 secundum

93 3253 384 3352 interrogatoria
418 3254 631 3328 examinare
675 3253 831 3330 sollicite
876 3272 1131 3352 procurarent,
1170 3279 1302 3330 omnes
1339 3254 1595 3352 depositiones

95 3379 244 3452 testium
285 3376 613 3473 producendorum
642 3378 856 3475 inscriptis
893 3381 1077 3466 redactas,
1108 3405 1191 3455 cum
1228 3395 1310 3454 toto
1338 3404 1519 3475 processu
1546 3379 1595 3452 ad

93 3499 304 3598 apostolice
332 3501 434 3576 sedis
466 3503 694 3598 presentiam
722 3504 945 3601 quamcitius
976 3505 1278 3592 transmittendo,
1309 3505 1478 3600 partibus
1505 3505 1596 3600 ipsis

95 3628 298 3702 terminum
326 3628 620 3723 peremptorium
647 3629 887 3726 assignarent
913 3655 991 3726 quo
1019 3655 1088 3728 per
1106 3656 1148 3704 se
1167 3630 1225 3704 vel
1246 3655 1314 3727 per
1333 3646 1598 3726 procuratores

93 3752 265 3848 ydoneos
295 3775 379 3826 cum
407 3752 580 3826 omnibus
606 3755 700 3826 actis
719 3767 758 3828 et
784 3755 1023 3828 munimentis
1052 3780 1204 3830 causam
1231 3757 1352 3853 ipsam
1381 3757 1598 3852 contingen·

94 3879 202 3963 tibus,
223 3901 269 3950 se
286 3875 504 3971 conspectui
517 3877 727 3972 apostolico
740 3894 1013 3973 presentarent,
1030 3881 1177 3963 iustam,
1194 3879 1309 3954 dante
1325 3879 1500 3966 Domino,
1518 3903 1597 3954 sen·

94 4001 249 4075 tentiam
295 4015 503 4096 receptura.
543 3997 691 4092 Quibus
726 4027 795 4098 per
829 4002 950 4077 dictos
988 4003 1138 4090 iudices,
1179 4005 1384 4078 secundum
1425 4001 1595 4086 sormam,

95 4124 273 4210 mandati,
295 4122 463 4221 legitime
490 4127 662 4220 peractis,
689 4143 729 4200 et
754 4127 1058 4202 attestationibus
1096 4129 1131 4201 in
1168 4129 1359 4223 presentia
1395 4127 1598 4224 supradicti

95 4249 266 4348 magistri
297 4247 473 4346 Gregorii
501 4248 549 4324 de
577 4275 762 4326 consensu
790 4253 951 4347 partium
980 4252 1187 4349 publicatis,
1209 4269 1249 4327 et
1276 4252 1358 4328 hinc
1387 4253 1473 4326 inde
1492 4252 1598 4347 copia

96 4373 202 4461 lacta,
224 4371 381 4448 tandem
410 4373 509 4448 idem
538 4374 710 4450 dominus
735 4377 912 4450 Urbanus
939 4402 1040 4474 papa
1059 4378 1132 4464 llll,
1156 4377 1273 4465 nobis,
1296 4377 1451 4462 Uberto,
1474 4376 1599 4450 Sancti

97 4492 295 4572 Eustachii
322 4497 480 4572 diacono
507 4499 694 4584 cardinali,
725 4501 932 4598 predictam
960 4527 1118 4604 causam
1154 4501 1379 4577 audiendam
1416 4501 1600 4577 commisit

96 4641 132 4696 et
158 4624 235 4697 fine
265 4621 396 4696 debito
424 4623 705 4700 terminandam.
738 4623 818 4699 Nos
846 4651 947 4713 uero,
977 4627 1140 4701 indicta
1179 4652 1303 4711 causa,
1334 4643 1484 4702 servato
1512 4625 1601 4698 iuris
1676 4625 1679 4630 ’

97 4747 239 4836 ordine,
282 4747 544 4842 procedentes,
582 4765 712 4844 partes
745 4749 934 4848 predictas
971 4753 1007 4825 in
1043 4751 1232 4826 audientia
1269 4751 1415 4848 publica
1448 4750 1601 4825 lecimus

98 4873 246 4946 evocari
276 4882 319 4943 et
345 4870 445 4945 dicto
473 4871 635 4946 Riboldo
664 4899 735 4971 pro
762 4899 804 4948 se
832 4875 915 4969 ipso
943 4892 982 4950 et
1012 4875 1201 4951 Bonisacio
1219 4879 1267 4950 de
1287 4875 1450 4974 Uglona,
1471 4899 1601 4972 procu-

98 5014 222 5072 ratore
253 4995 391 5094 prelati
410 4995 566 5084 Alberti,
588 5021 658 5093 pro
686 4999 770 5096 ipso
798 4999 959 5074 Alberto
977 5001 1014 5075 in
1034 5016 1163 5074 nostra
1183 5003 1372 5096 presentia
1390 4998 1602 5074 constitutis

99 5138 135 5194 et
161 5121 263 5196 sacta
294 5119 568 5196 examinatione
595 5147 665 5218 per
690 5124 983 5199 examinatorem
1021 5125 1162 5210 datum,
1192 5151 1215 5198 a
1243 5125 1412 5222 partibus
1441 5123 1603 5197 rubrica·

100 5270 178 5318 rum
216 5245 478 5320 instrumentis
511 5245 596 5320 hinc
632 5247 717 5322 inde
749 5248 954 5347 productis,
984 5276 1027 5325 ac
1064 5250 1351 5348 allegationibus
1385 5265 1424 5323 et
1461 5248 1600 5321 iuribus

101 5373 274 5468 partium,
307 5368 527 5444 eorumdem
546 5371 684 5446 auditis
703 5389 740 5446 et
768 5375 962 5450 intellectis
982 5401 1056 5472 que
1074 5391 1204 5471 partes
1223 5389 1298 5447 tam
1318 5375 1365 5446 de
1385 5375 1462 5447 iure
1481 5395 1592 5467 quam
