3720 5914
248 318 300 379 196
886 321 1023 382 Soeculo
1043 321 1077 380 X
1084 321 1114 381 V

244 513 360 600 lectis
392 539 420 587 r.
450 540 486 611 p.
516 516 553 590 d.
584 515 769 589 Iohannes
796 515 1000 612 episcopu's
1028 513 1250 601 Nucerinus
1281 512 1549 598 locumtenens,
1578 536 1648 608 pro
1676 511 1737 584 tri-

243 636 369 712 bunali
397 637 547 726 sedens,
577 639 826 736 reassumpsit
852 638 1080 738 generaliter
1107 663 1239 714 omnes
1267 663 1401 713 causas
1430 637 1709 734 pendentes

1265 863 1346 936 itta
1363 861 1556 935 decembris,
1574 861 1593 921 2
1609 860 1738 921 Romae.

325 1029 430 1116 Item,
460 1030 521 1103 die
549 1053 578 1102 11
607 1031 826 1115 decembris,
857 1054 932 1126 qua
960 1029 1020 1104 die
1048 1029 1118 1103 ruit
1134 1029 1317 1103 translata
1334 1027 1525 1102 audientia
1544 1027 1592 1101 de
1612 1043 1740 1101 sancto

245 1155 439 1229 eustachio
466 1154 516 1228 ad
545 1172 715 1229 sanctum
745 1155 907 1242 Petrum,
938 1155 1031 1230 solvi
1059 1154 1300 1251 campanario
1326 1179 1397 1250 pro
1424 1177 1557 1227 mense
1590 1175 1740 1226 novem-

245 1279 332 1367 bris,
362 1305 522 1379 grossos
550 1301 584 1356 v,

962 1597 1047 1676 118.

244 1755 424 1832 Exocutio
454 1759 710 1856 praeluserim
750 1755 856 1832 sixti
892 1758 963 1832 IV
990 1757 1128 1831 Bulloo
1161 1757 1456 1857 perpetuam
1495 1758 1745 1832 Nolanorum

327 1882 456 1955 Rotae.

324 2035 442 2107 (Auen.
461 2035 549 2110 Ror,
572 2060 585 2087 «
599 2035 835 2096 Ordinationes
847 2060 873 2111 »,
890 2040 979 2111 port.
997 2033 1044 2109 II,
1061 2035 1101 2094 de
1119 2035 1282 2108 Notarr‘r‘s,
1299 2051 1332 2094 n.
1351 2032 1408 2107 II).

1321 2195 1401 2270 1479,
1419 2195 1532 2271 aprilis
1549 2195 1594 2270 22,
1612 2196 1747 2256 Romae.

326 2362 537 2436 Rodericus
565 2363 805 2436 miseratione
833 2362 957 2436 divina
985 2361 1197 2460 Episcopus
1227 2362 1414 2470 Portuen„
1449 2385 1589 2438 sacros.
1621 2363 1666 2437 R.
1699 2364 1745 2438 E.

245 2487 579 2564 Vicecancellarius
606 2512 651 2561 ac
680 2501 933 2572 conservator,
953 2501 1148 2583 protector
1165 2500 1205 2561 et
1227 2502 1407 2562 executor
1425 2486 1556 2560 iurium
1575 2503 1615 2560 et
1632 2488 1750 2584 privi-

242 2614 427 2713 legiorum
446 2609 711 2686 venerabilium
730 2613 894 2686 virorum
913 2613 1007 2686 sacri
1027 2610 1154 2708 palatii
1182 2635 1380 2686 causarum
1408 2612 1605 2710 apostolici
1625 2612 1748 2688 Nota-

244 2739 382 2812 riorum
402 2761 609 2832 eorumque
624 2736 783 2836 collegii,
801 2735 1068 2833 principalium,
1087 2736 1180 2810 inira
1194 2734 1447 2833 principaliter
1459 2737 1748 2834 descriptorum,

243 2887 313 2961 per
340 2861 505 2936 Ssmum.
535 2861 573 2934 in
597 2859 749 2936 Christo
776 2877 924 2958 patrem
952 2876 992 2935 et
1020 2861 1147 2936 Dmm.
1168 2885 1276 2948 nrm,
1298 2861 1424 2936 Dmm.
1447 2859 1593 2935 Sixtum
1621 2860 1750 2936 divina

241 2987 479 3084 providentia
507 2986 648 3082 Papam
676 3003 851 3082 quartum
880 2984 1094 3082 specialiter
1120 2982 1263 3060 electus
1288 3000 1328 3059 et
1356 2987 1572 3082 deputatus.

325 3111 521 3186 Universis
548 3125 588 3184 et
614 3109 771 3209 singulis
800 3109 1139 3185 Reverendissimis
1174 3135 1220 3184 ac
1256 3110 1490 3184 Reverendis
1522 3111 1557 3185 in
1591 3109 1747 3186 Christo

243 3237 414 3333 patribus
441 3252 481 3309 et
508 3235 679 3322 dominis,
696 3234 857 3308 dominis
885 3235 958 3308 Dei
976 3251 1016 3308 et
1035 3236 1110 3331 Ap.
1132 3233 1220 3310 Sed.
1241 3237 1363 3334 gratia
1383 3235 1690 3331 Archiepiscopis
1709 3253 1750 3310 et

242 3359 443 3458 Episcopis
471 3383 614 3434 necnon
645 3359 877 3434 Reverendis
905 3359 1076 3455 patribus
1103 3358 1262 3434 dominis
1289 3359 1376 3434 dicti
1395 3359 1523 3455 palatii
1547 3385 1747 3435 causarum

244 3485 493 3560 Auditoribus
521 3506 729 3579 eorumque
757 3509 825 3556 seu
851 3483 1005 3558 alterius
1024 3507 1155 3557 eorum
1175 3483 1258 3558 loca
1276 3485 1491 3559 tenentibus
1509 3493 1553 3558 a'c
1571 3487 1747 3560 omnibus

243 3630 281 3690 et
311 3609 468 3710 singulis
495 3609 677 3683 iudicibus
704 3607 979 3694 commissariis,
1010 3608 1196 3707 delegatis
1220 3624 1259 3682 et
1296 3607 1554 3708 subdelegatis
1589 3609 1748 3705 quibus-

243 3760 405 3834 cumque
435 3734 643 3808 nominibus
672 3749 906 3832 censeantur,
928 3749 996 3807 aut
1023 3757 1261 3829 quacumque
1288 3733 1529 3832 prefulgeant
1546 3733 1745 3831 dignitate,

245 3864 414 3938 Salutem
453 3861 488 3932 in
527 3861 680 3934 domino
717 3873 756 3932 et
783 3859 922 3932 nostris
954 3858 1178 3942 huiusmodi,
1212 3883 1300 3956 ymo
1335 3860 1460 3933 verius
1497 3857 1743 3956 Apostolicis,

243 3989 401 4062 firmiter
427 3985 582 4060 obedire
610 3983 798 4058 mandatis
829 4007 874 4056 ac
915 3984 1157 4080 presentibus
1192 3983 1307 4057 fidem
1335 3983 1525 4058 indubiam
1551 3983 1746 4060 adhibere.

245 4110 437 4186 Noveritis
464 4125 652 4206 quatenus
681 4133 800 4204 nuper
817 4132 889 4204 pro
917 4123 1024 4206 parte
1053 4108 1238 4182 dictorum
1267 4108 1508 4183 Notariorum
1538 4133 1748 4206 eorumque

243 4235 391 4335 collegii
427 4234 685 4330 principalium
721 4249 864 4306 certam
906 4231 1205 4307 commissionem
1236 4233 1315 4306 sive
1342 4233 1561 4307 mandatum
1588 4250 1747 4328 aposto-

243 4362 355 4435 licum
382 4377 422 4434 et
450 4357 767 4433 conservatoriam
796 4355 929 4431 iurium
952 4373 991 4430 et
1019 4356 1298 4455 privilegiorum
1327 4358 1548 4432 eorumdem
1568 4357 1749 4432 Notario-

245 4511 326 4560 rum
354 4498 394 4558 et
416 4481 562 4581 collegii
591 4507 660 4579 per
686 4481 910 4578 prelibatum
940 4483 1104 4559 Ssmum.
1124 4482 1314 4558 dominum
1344 4499 1525 4566 nostrum,
1550 4483 1746 4556 dominum

245 4610 391 4685 Sixtum
405 4631 543 4705 papam
559 4621 734 4702 quartum
749 4605 830 4679 eius
844 4629 955 4678 manu
971 4622 1011 4679 et
1033 4619 1137 4679 motu
1153 4605 1315 4703 propriis
1329 4606 1518 4706 signatum
1533 4621 1573 4680 et
1587 4606 1748 4680 subscri-

244 4752 363 4833 ptum,
399 4733 509 4807 nobis
550 4731 744 4818 directum,
789 4755 873 4803 cum
913 4755 961 4804 ea
996 4753 1073 4825 qua
1110 4729 1235 4805 decuit
1271 4731 1483 4805 reverentia
1519 4732 1743 4828 recepimus,

244 4859 459 4937 huiusmodi
501 4858 572 4931 sub
612 4874 745 4932 tenore
785 4855 983 4932 videlicet:
1020 4855 1250 4954 Accepimus
1286 4857 1469 4954 siquidem
1512 4857 1617 4954 quod
1659 4858 1746 4931 licet

244 5011 315 5061 nos
357 4987 428 5059 sub
468 4983 558 5056 data
598 4981 772 5056 videlicet
813 4983 927 5055 tertio
962 4980 1035 5055 kal.
1078 4981 1159 5056 dec.
1199 4980 1440 5056 Pontificatus
1482 4984 1602 5056 nostri
1627 5005 1743 5062 nanno

242 5111 405 5208 septimo
433 5108 579 5184 dilectis
610 5105 693 5180 filiis
721 5105 895 5204 Collegio
927 5107 1156 5182 notariorum
1194 5104 1321 5203 palatii
1357 5131 1554 5182 causarum
1590 5123 1746 5203 aposto-

243 5236 312 5320 lici,
343 5252 431 5309 tunc
467 5259 536 5331 per
568 5256 637 5306 nos
672 5248 812 5319 erecto,
838 5247 942 5306 certa
970 5229 1164 5330 privilegia
1193 5230 1314 5305 officia
1349 5248 1389 5305 et
1416 5231 1743 5328 perpetuationem

208 5360 462 5435 eorumdem
495 5358 758 5433 concernentia
790 5357 898 5432 Motu
936 5357 1089 5454 proprio
1126 5381 1174 5430 ex
1210 5371 1314 5431 certa
1345 5357 1501 5432 scientia
1527 5357 1576 5430 ad
1604 5381 1744 5454 perpe-
