3718 5918
692 337 872 398 Benedr'cto
890 337 982 400 XIII
993 339 1037 414 (I)
1283 391 1284 394 ,
1563 341 1618 402 485

197 531 304 626 Quae
333 534 485 631 quidem
513 534 713 618 distinctio,
745 551 787 608 ut
814 537 862 610 A.
885 535 928 610 C.
951 561 1024 610 non
1051 551 1209 632 appetat
1236 559 1371 609 causas
1398 536 1617 609 commissa-

117 657 200 742 rias,
231 657 299 730 sed
327 673 526 732 contentus
553 683 639 732 esse
668 660 807 734 debeat
843 685 912 734 sua
946 661 1135 734 ordinaria
1171 657 1434 745 iurisdictione,
1463 659 1617 733 fundata
1710 640 1715 652 ’

116 796 174 855 est
192 783 227 856 in
246 783 388 878 optima
415 785 576 868 ratione;
606 784 790 880 siquidem
819 785 916 858 inter
933 784 1159 860 ordinariam
1179 799 1219 857 et
1237 783 1450 882 delegatam
1475 785 1616 858 iurisdi-

116 905 275 980 ctionem
303 907 383 979 dari
411 905 525 982 debet
552 907 679 1004 aliqua
705 907 905 996 distinctio,
936 927 975 982 et
1002 934 1076 982 non
1105 909 1246 982 debent
1273 907 1421 982 insimul
1440 907 1618 982 cumulari

117 1045 157 1103 et
182 1032 367 1130 coniungi.

195 1157 281 1228 Non
310 1158 464 1231 obstant
490 1156 687 1232 facultates
714 1181 917 1234 concessae
937 1158 1184 1234 Auditoribus
1213 1158 1397 1233 Camerae
1424 1181 1495 1254 pro
1521 1173 1618 1232 tem-

115 1303 217 1374 pore.
240 1279 339 1355 Nam
367 1298 427 1356 est
453 1283 726 1358 advertendum
755 1283 860 1381 quod
887 1283 967 1358 Leo
995 1283 1034 1358 X
1062 1283 1126 1381 qui
1153 1283 1222 1358 fuit
1248 1283 1391 1380 primus
1413 1283 1450 1358 in
1468 1305 1616 1358 conces

116 1403 220 1478 sione
247 1406 404 1480 istarum
433 1406 662 1492 facultatum,
691 1409 842 1505 excepit
877 1433 1059 1504 expresse
1094 1431 1228 1482 causas
1265 1407 1553 1483 committendas
1581 1407 1615 1480 in

116 1528 223 1612 Rota,
246 1531 342 1604 circa
370 1555 467 1628 quas
495 1531 582 1606 nihil
611 1547 778 1608 statuere
805 1532 933 1620 voluit,
956 1547 998 1606 ut
1024 1532 1161 1632 legitur
1184 1533 1220 1607 in
1249 1557 1317 1607 sua
1338 1533 1617 1606 Constitutione

116 1677 149 1728 n.
183 1678 202 1747 3
233 1655 295 1732 sol.
325 1656 362 1729 in
392 1656 554 1732 Bullario
582 1683 680 1756 quae
708 1659 965 1755 praeservatio
994 1659 1153 1754 repetita
1180 1659 1322 1734 censeri
1350 1659 1465 1732 debet
1481 1658 1517 1731 in
1536 1656 1617 1732 aliis

114 1778 361 1868 facultatibus,
381 1784 430 1856 ab
456 1781 537 1856 aliis
566 1783 802 1859 Pontificibus
829 1783 910 1856 aliis
938 1783 1184 1856 Auditoribus
1205 1782 1388 1856 Camerae
1415 1782 1614 1857 concessis,

193 1903 291 1979 Tum
320 1906 432 1980 etiam
461 1908 634 2003 quamvis
653 1909 688 1981 in
708 1907 816 1980 dictis
844 1906 1082 1982 facultatibus
1101 1907 1328 1982 concedatur
1345 1908 1477 1982 eidem.
1500 1907 1547 1979 A.
1570 1904 1613 1982 C.

114 2027 271 2104 facultas
298 2033 549 2130 cognoscendi
577 2057 709 2107 omnes
728 2057 863 2107 causas
881 2033 1109 2130 prophanas,
1130 2033 1169 2106 id
1187 2047 1314 2106 tamen
1332 2031 1615 2130 intelligendum

115 2172 183 2238 est,
213 2156 514 2252 praesuppositis
542 2159 690 2232 teminis
717 2157 912 2240 habilibus,
933 2157 1106 2233 videlicet
1134 2159 1182 2232 de
1209 2156 1278 2232 illis
1306 2157 1430 2230 causis
1456 2181 1615 2254 quarum

116 2277 237 2374 ipsum
266 2279 445 2356 Tribunal
470 2298 532 2356 est
560 2306 679 2379 capax
707 2283 811 2357 iuxta
838 2282 1134 2360 convenientiam
1164 2281 1331 2380 ipsarum
1359 2305 1557 2356 causarum
1575 2295 1616 2355 et

116 2426 188 2476 non
215 2403 321 2481 alias.

192 2529 388 2623 Quantum
416 2557 509 2606 vero
535 2535 585 2606 ad
613 2511 747 2608 causas
775 2534 988 2632 spirituales
1015 2550 1055 2609 et
1081 2533 1365 2619 ecclesiasticas,
1388 2533 1560 2630 quamvis
1578 2533 1615 2606 in

113 2653 351 2732 facultatibus
387 2658 573 2757 legantur,
602 2674 769 2734 attamen
806 2659 869 2734 ubi
905 2677 1076 2735 occurrat
1113 2684 1180 2734 eas
1217 2683 1240 2732 a
1276 2656 1479 2756 Signatura
1514 2683 1614 2732 com·

113 2779 217 2868 mitti,
251 2806 402 2879 semper
437 2783 587 2857 suerunt
624 2809 691 2880 per
727 2809 810 2862 eam
847 2801 1028 2860 evocatae
1055 2786 1105 2860 ab
1133 2786 1179 2860 A.
1211 2783 1255 2860 C.
1284 2801 1325 2858 et
1362 2785 1486 2857 Rotae
1513 2807 1616 2857 com·

115 2905 264 2980 missae.

192 3030 283 3124 Quo
310 3055 401 3106 vero
435 3035 484 3107 ad
518 3057 652 3108 causas
682 3033 932 3122 beneficiales,
965 3035 1143 3109 Tribunal
1170 3035 1218 3109 A.
1250 3033 1294 3108 C.
1322 3035 1423 3108 omni
1457 3055 1614 3130 prorsus

112 3153 357 3232 fundamento
392 3172 507 3240 caret,
544 3177 586 3232 ut
621 3173 683 3233 est
718 3160 915 3246 notorium,
946 3160 1035 3256 quia
1071 3159 1105 3232 in
1144 3160 1198 3233 eis
1230 3160 1277 3234 A.
1309 3157 1353 3234 C.
1389 3182 1463 3231 non
1500 3159 1615 3232 babet

113 3280 416 3358 iurisdictionem.
447 3283 556 3381 Egid.
586 3284 700 3359 decis.
733 3308 810 3358 aro
837 3299 886 3370 et,
918 3287 967 3359 ab
994 3263 1277 3358 immemorabili
1311 3299 1482 3380 tempore
1510 3282 1611 3366 citra,

112 3429 264 3502 semper
300 3408 543 3482 observatum
578 3425 667 3483 ante
704 3424 743 3483 et
778 3426 867 3506 post
903 3409 1099 3484 facultates
1136 3411 1184 3486 A.
1219 3407 1263 3484 C.
1302 3407 1513 3504 ampliatas,
1551 3409 1614 3482 ubi

112 3532 210 3605 enim
242 3533 288 3606 A.
322 3531 366 3609 C.
395 3535 431 3606 in
460 3535 514 3608 eis
543 3559 585 3608 se
613 3533 843 3631 quandoque
871 3532 920 3608 de
948 3533 1048 3608 lacto
1074 3533 1285 3618 intromisit,
1306 3547 1467 3628 utraque
1485 3533 1615 3631 Signa·

112 3669 194 3728 tura
222 3655 284 3729 vel
312 3656 394 3731 illas
412 3660 461 3732 ab
478 3683 526 3732 eo
545 3660 716 3733 avocavit
734 3675 775 3734 et
793 3660 827 3733 in
850 3659 949 3733 Rota
976 3660 1171 3745 commisit,
1193 3659 1252 3732 vel
1272 3659 1478 3732 sententias
1499 3659 1545 3733 A.
1569 3658 1612 3732 C.

109 3777 403 3879 circumscripsit
430 3799 611 3880 tanquam
641 3784 772 3870 nullas,
802 3783 951 3858 delectu
990 3783 1268 3874 iurisdictionis;
1307 3800 1347 3859 et
1378 3785 1440 3858 ubi
1476 3799 1613 3881 postea

111 3903 264 3980 luerunt
290 3906 325 3979 in
356 3907 455 3982 Rota
483 3908 718 3994 commissae,
738 3915 890 4005 semper
918 3909 1018 3982 Rota
1047 3911 1253 3984 sententias
1277 3912 1323 3985 A.
1346 3910 1389 3984 C.
1411 3908 1613 3983 declaravit

110 4029 244 4114 nullas,
275 4033 328 4105 nti
356 4032 610 4105 iurisdictione
639 4051 823 4108 carentes.

191 4155 307 4250 Quod
336 4158 447 4232 etiam
477 4159 512 4230 in
541 4158 779 4254 possessorio
808 4160 929 4233 locum
959 4159 1088 4246 habet;
1123 4174 1202 4231 tum
1230 4161 1318 4256 quia
1346 4159 1383 4231 in
1414 4157 1614 4231 Beneficia·

109 4280 207 4355 libus
238 4283 459 4380 regulariter
487 4281 688 4378 requiritur
716 4283 843 4357 titulus
872 4285 1071 4372 coloratus,
1094 4308 1140 4357 ne
1166 4285 1203 4358 in
1230 4283 1305 4358 illis
1328 4284 1437 4358 detur
1455 4284 1612 4356 vitiosus

109 4406 323 4504 ingressus;
353 4423 432 4481 tum
461 4410 549 4504 quia
576 4410 690 4482 etiam
713 4409 759 4482 de
779 4407 1017 4505 possessorio
1035 4411 1206 4506 arguitur
1223 4425 1261 4482 et
1279 4410 1435 4484 insertur
1453 4409 1501 4482 ad
1523 4409 1613 4504 peti·

109 4531 263 4618 tionem,
293 4547 332 4604 et
359 4533 582 4630 regulariter
609 4533 886 4629 possessorium
914 4533 1054 4608 habere
1087 4533 1184 4607 solet
1219 4532 1424 4606 admixtam
1460 4555 1610 4605 causam

107 4657 363 4752 proprietatis,
394 4671 434 4730 et
467 4680 619 4754 semper
645 4683 693 4730 ex
721 4673 829 4754 parte
856 4658 966 4731 unius
994 4657 1054 4730 vel
1090 4657 1244 4732 alterius
1273 4681 1322 4730 ex
1348 4657 1609 4755 litigatoribus,

108 4779 311 4856 deducitur
339 4780 465 4856 titulus
497 4781 680 4864 Beneficii,
702 4797 741 4856 et
767 4783 892 4880 aliqua
920 4781 1015 4856 illius
1034 4783 1199 4880 cognitio
1218 4806 1317 4878 quae
1334 4783 1383 4856 ad
1402 4783 1450 4858 A.
1473 4781 1516 4856 C.
1538 4805 1611 4855 non

110 4921 273 5002 spectat,
305 4905 372 4978 sed
401 4908 449 4981 ad
477 4907 628 4982 Sacram
658 4907 808 4983 Rotam.
938 4987 940 4990 ,

194 5029 342 5105 Causas
380 5057 470 5105 vero
506 5032 742 5107 beneficiales
780 5032 915 5107 modici
956 5034 1135 5107 momenti
1173 5033 1455 5105 committuntur
1492 5033 1615 5108 Rotae

111 5156 369 5236 Auditoribus.
409 5172 516 5230 extra
558 5157 708 5243 Rotam,
745 5156 804 5231 vel
846 5158 1087 5230 remittuntur
1121 5156 1171 5230 ad
1207 5173 1345 5252 partes,
1385 5159 1531 5252 absque
1568 5183 1615 5232 eo

112 5280 217 5375 quod
246 5304 412 5377 unquam
442 5284 488 5356 A.
520 5281 562 5355 C.
594 5283 818 5356 commissae
852 5281 999 5368 suerint,
1030 5299 1142 5377 prout
1169 5284 1205 5354 in
1235 5280 1465 5355 Cancellaria
1497 5283 1615 5356 notis-

113 5429 249 5477 simum
279 5422 349 5479 est.
