3686 5916
261 337 318 396 596
880 337 1016 396 Soeculo
1037 336 1161 397 XVIII

179 607 184 617 ,
310 574 313 580 -
341 530 440 604 Nulli
469 557 564 628 ergo
593 533 744 606 omnino
772 529 964 604 bominum
992 529 1102 604 liceat
1120 530 1297 626 paginam
1317 530 1413 603 hanc
1432 545 1651 604 nostrarum
1680 555 1761 603 con-

258 655 487 743 firmationis,
527 657 822 752 approbationis,
870 653 1126 740 absolutionis,
1167 655 1429 741 revocationis
1472 654 1759 751 suppressionis,
1830 705 1831 756 ,

258 781 507 868 extinctionis,
537 781 761 865 abolitionis,
790 779 1061 876 applicationis
1084 777 1413 873 appropriationis,
1437 781 1642 876 praecepti,
1665 803 1762 851 man·
1830 767 1831 862 l

260 905 349 988 dati,
380 905 522 988 statuti,
567 905 840 988 declarationis,
872 903 1089 977 facultatum
1107 885 1376 976 *concessionis
1413 920 1453 976 et
1488 904 1760 998 impertitionis,

261 1029 413 1116 decreti,
443 1031 711 1126 derogationis,
743 1046 781 1102 et
809 1028 1013 1102 voluntatis
1042 1026 1253 1124 infringere,
1287 1025 1347 1100 vel
1369 1027 1414 1112 ei,
1436 1053 1531 1101 ausu
1553 1027 1761 1109 temerario,

262 1155 467 1241 contraire;
488 1155 519 1228 si
548 1159 632 1251 quis
659 1172 786 1228 autent
815 1155 886 1228 hoc
914 1168 1102 1226 attentare
1130 1154 1440 1248 praesumpserit,
1471 1151 1763 1250 indignationem

264 1279 546 1374 Omnipotentis
576 1279 660 1366 Dei,
689 1304 733 1354 ac
764 1279 967 1352 Beatorum
998 1277 1097 1350 Petri
1125 1292 1165 1350 et
1194 1277 1295 1350 Pauli
1315 1277 1591 1373 Apostolorum
1621 1278 1704 1349 eius
1728 1302 1764 1349 se

265 1405 410 1478 noverit
438 1405 682 1478 incursurum.
1830 1391 1831 1394 Ἴ

346 1527 486 1602 Datum
519 1531 672 1614 Romae,
703 1529 805 1624 apud
834 1543 1000 1600 sanctam
1031 1527 1189 1599 Mariam
1227 1519 1421 1610 Maiorem,
1452 1527 1566 1600 Anno
1596 1527 1765 1600 lncarna-
1830 1507 1831 1510 Ἴ

264 1653 374 1726 tionis
420 1653 636 1726 Dominicae
675 1653 874 1726 Millesimo
915 1652 1253 1748 septingentesimo
1296 1652 1535 1748 sexagesimo
1579 1651 1763 1734 secundo,
1830 1675 1831 1712 ÷

264 1774 408 1869 Quinto
436 1777 616 1850 kalendas
645 1779 812 1864 ianuarii,
854 1776 1094 1852 Pontificatus
1126 1775 1255 1852 Nostri
1285 1779 1398 1849 Anno
1426 1774 1582 1868 Quinto

348 1919 391 1992 C.
424 1919 535 1994 Card.
569 1920 640 1994 Pro
672 1921 860 1994 Datarius.

1305 2024 1352 2102 N.
1385 2025 1497 2110 Card.
1527 2026 1762 2099 Antonellus.
1830 2105 1831 2132 ἶ

979 2275 1069 2354 469.

492 2419 610 2492 Rotae
636 2419 883 2492 ordinationes
910 2419 954 2490 de
982 2418 1155 2491 Notaritssr
1181 2441 1376 2514 corumque
1402 2415 1542 2512 officiis.

349 2575 463 2648 (Anca.
483 2575 569 2649 Rom,
594 2573 781 2633 ‹Diarium
803 2573 976 2632 camerate
990 2577 1025 2644 ι).

739 2757 897 2832 Veneris
928 2761 974 2832 28
1005 2735 1163 2832 Ianuarii
1188 2765 1299 2851 1763.

351 2903 390 2976 ln
419 2903 487 2976 hac
517 2903 616 2976 Rota
645 2903 816 2976 Dominis
845 2902 939 2974 meis
957 2901 1095 2997 placuit
1114 2924 1278 2996 sequens
1298 2900 1501 2974 Decretum
1522 2883 1653 2975 edere:
1675 2901 1765 2974 Cum
1830 2879 1831 2888 ἵ

271 3053 318 3101 ex
346 3029 547 3103 novissima
574 3027 840 3103 constitutione
869 3026 975 3102 Ssni
1005 3026 1052 3100 D.
1080 3025 1128 3101 N.
1151 3024 1356 3098 Clementis
1383 3025 1481 3111 Xlll,
1510 3027 1614 3100 edita
1641 3037 1680 3117 5⁰
1698 3024 1764 3098 kal.

272 3153 427 3226 Ianuarii
454 3159 549 3246 1762
573 3152 755 3249 quidquid
783 3153 819 3224 in
847 3151 991 3225 Officiis
1021 3151 1218 3224 Rotalibus
1246 3151 1296 3224 ad
1322 3150 1483 3224 iustitiae
1511 3151 1628 3223 decus
1655 3148 1767 3246 publi·

272 3301 430 3374 eamque
460 3277 701 3375 Litigantium
730 3277 1011 3350 indemnitatem
1045 3274 1288 3349 statuendum
1316 3288 1498 3358 occurrat,
1529 3289 1650 3348 totum
1688 3273 1767 3347 fidei

274 3419 313 3476 et
340 3402 544 3501 integritati
565 3401 667 3476 Sacri
687 3400 899 3476 Tribunalis
926 3400 1037 3473 fuerit
1055 3399 1314 3486 commissum;
1335 3422 1496 3494 cumque
1515 3423 1649 3495 parum
1667 3401 1766 3472 vide·
1830 3401 1831 3494 J

274 3545 376 3602 retur
398 3529 541 3603 eisdem
561 3526 703 3601 Officiis
722 3527 863 3622 probos
882 3543 921 3600 et
939 3526 1118 3599 honestos
1138 3524 1260 3610 Viros,
1282 3527 1437 3621 praevio
1455 3525 1636 3610 examine,
1657 3524 1766 3597 fuisse
1830 3495 1831 3588 i

272 3655 500 3750 propositos,
533 3652 601 3725 nisi
629 3668 753 3725 certae
781 3652 893 3725 etiam
924 3650 1048 3748 Leges
1080 3649 1139 3724 vel
1172 3651 1207 3724 in
1245 3651 1532 3724 desuetudinem
1570 3650 1766 3746 prolapsae

275 3795 554 3862 renovarentur,
586 3778 643 3850 vel
672 3775 766 3850 aliae
794 3777 897 3850 iuxta
926 3790 1138 3871 temporum
1167 3775 1500 3871 opportunitatem,
1531 3774 1766 3850 saluberrime

276 3903 630 4000 praescriberentur,
1626 3892 1629 3900 “

360 4028 467 4110 Hinc,
488 4041 633 4100 matura
660 4044 866 4123 praeeunte
894 4024 1034 4099 consilii
1062 4024 1339 4110 deliberatione,
1362 4023 1599 4098 inhaerentes
1624 4023 1766 4098 Domini

277 4154 347 4224 hoc
376 4175 484 4224 mane
512 4153 624 4224 etiam
654 4149 924 4224 Reformationi
952 4150 1011 4224 sel.
1044 4175 1115 4224 rec.
1149 4149 1248 4223 Pauli
1276 4149 1322 4233 V,
1353 4151 1391 4245 §§
1417 4149 1461 4221 de
1488 4151 1665 4223 Notarizlt
1691 4149 1764 4222 Suc.

277 4279 404 4362 Rotae,
427 4277 590 4371 quinque
619 4276 816 4372 sequentia
842 4301 889 4349 ex
918 4275 1047 4349 ordine
1076 4275 1215 4349 monita
1244 4276 1293 4347 ab
1320 4273 1447 4346 electis
1474 4275 1580 4348 novis
1610 4273 1766 4348 Notan'is

278 4402 487 4496 ceterisque
515 4399 720 4474 officiorum
750 4400 931 4474 Ministris
968 4402 1213 4495 imposterum
1251 4397 1509 4472 inviolabiliter
1537 4398 1765 4472 observanda

278 4528 541 4600 decreverunt:
1185 4619 1190 4628 ι

419 4649 454 4754 1)
479 4649 532 4723 Ut
559 4649 799 4747 praescriptis
828 4650 959 4724 diebus
987 4665 1027 4722 et
1055 4649 1155 4724 horis
1184 4665 1260 4722 tarn
1290 4649 1479 4722 matutinis
1507 4673 1622 4743 quarn
1649 4671 1764 4745 pome-

279 4775 428 4850 ridianis
457 4775 492 4846 in
521 4776 657 4870 quibus
686 4773 819 4868 Officia
848 4774 996 4846 Rotalia
1024 4773 1193 4870 publicae
1224 4773 1361 4847 Curiae
1397 4771 1651 4846 commoditati
1690 4771 1764 4844 reti·

280 4925 368 4976 nere
396 4901 536 4973 debent
563 4915 705 4994 aperta,
728 4899 872 4973 Notarii
899 4922 1030 4972 omnes
1049 4899 1206 4994 praefati
1226 4899 1417 4995 ceterique
1438 4897 1595 4970 Ministri
1616 4923 1687 4993 pro
1706 4919 1764 4968 suo

279 5024 447 5124 gerendo
472 5048 640 5107 munere,
663 5023 796 5098 sedulo
823 5024 1006 5096 interesse
1034 5025 1197 5097 debeant
1216 5022 1363 5098 decenti
1383 5023 1510 5097 habitu
1532 5022 1660 5102 induti,
1683 5022 1766 5094 sicut

256 5145 316 5224 'in
345 5149 478 5223 ceteris
506 5148 660 5244 publicis
691 5147 804 5222 Urbis
834 5147 986 5222 Officiis

418 5274 455 5369 2)
484 5274 525 5345 ln
552 5273 779 5368 quibuslibet
812 5274 956 5360 CausiS,
988 5291 1076 5370 post
1109 5273 1245 5347 Rotale
1281 5290 1500 5347 consuetum
1537 5274 1765 5367 Rescriptum

281 5399 535 5498 expediendis,
560 5397 671 5472 allata
699 5398 807 5472 solita
836 5400 909 5471 fide
937 5401 971 5471 in
1001 5399 1148 5494 scriptis
1179 5398 1404 5495 Depositarii
1436 5399 1472 5474 S.
1496 5399 1628 5484 Rotae,
1651 5397 1765 5471 statim
