3720 5916
784 357 897 418 Paulo
919 359 946 418 V
1557 363 1612 422 347

109 549 253 625 dolibet
281 553 551 640 conveniendo,
582 569 621 626 et
640 553 830 626 residuum
859 555 964 652 quod
990 579 1038 628 ex
1067 555 1167 630 dicto
1195 559 1318 653 pretio
1346 557 1408 634 dd.
1444 557 1611 630 locorum

111 673 311 762 Montium,
341 677 474 750 solutis
501 678 609 751 dictis
637 699 731 751 scut.
764 683 867 754 6000
887 679 988 754 dicto
1015 679 1175 780 collegio
1194 697 1233 756 et
1261 682 1460 756 satisfactis
1480 681 1611 755 Domi·

110 800 167 872 nis
186 800 467 900 scripturarum,
481 891 485 900 ⁵
499 803 546 876 de
575 803 676 876 dicto
704 804 826 899 pretio
853 806 1040 900 supererit
1062 807 1111 879 ad
1132 831 1407 904 quamcumque
1426 831 1611 882 summam
1720 863 1723 870 .

109 926 302 1012 ascendat,
333 929 382 1000 ad
399 950 480 1001 nos
508 943 548 1001 et
571 929 607 1003 d.
639 927 837 1002 Cameram
881 945 1048 1004 nostram
1087 947 1235 1028 spectet
1274 949 1313 1004 et
1345 933 1542 1028 pertineat
1573 946 1612 1004 et

109 1050 251 1147 deponi
278 1068 318 1125 et
344 1051 502 1126 describi
531 1053 668 1127 debeat
694 1054 744 1126 ad
772 1053 954 1128 creditum
975 1055 1170 1140 Camerae,
1192 1082 1308 1153 penes
1330 1057 1610 1153 Depositarium

111 1193 283 1249 nostrum
310 1177 545 1274 generalem:
576 1178 646 1272 ipsi
674 1201 765 1252 vero
794 1177 946 1252 Domini
973 1195 1014 1254 et
1042 1181 1190 1254 Patroni
1218 1181 1254 1252 in
1273 1197 1358 1255 actu
1388 1180 1611 1276 receptionis

110 1301 352 1394 pecuniarum
382 1299 517 1374 cedant
544 1300 669 1374 omnia
696 1301 785 1378 iura.
817 1326 949 1376 omnes
978 1328 1132 1400 quoque
1159 1304 1327 1378 actiones
1360 1303 1428 1379 sibi
1457 1329 1611 1401 quomo·

110 1423 255 1498 dolibet
283 1439 542 1520 competentes
570 1427 620 1499 ad
647 1427 814 1499 savorem
853 1427 1037 1500 Camerae
1063 1444 1104 1501 et
1136 1429 1278 1502 Montis
1311 1429 1467 1525 praelati
1503 1453 1611 1502 occa·
1676 1489 1677 1494 ,

112 1549 218 1622 sione
246 1550 513 1644 scripturarum
542 1551 818 1646 praedictarum
837 1566 876 1623 et
903 1552 952 1624 ad
978 1553 1158 1626 maiorem
1179 1553 1363 1626 cautelam
1391 1552 1613 1650 promittant

111 1675 160 1748 de
189 1675 289 1748 omni
317 1690 355 1746 et
382 1699 620 1770 quacumque
648 1675 711 1747 dd.
741 1675 1009 1770 scripturarum
1037 1677 1219 1750 evictione
1246 1675 1413 1774 generali
1450 1694 1489 1750 et
1524 1701 1612 1772 par-

110 1800 254 1872 ticulari
280 1823 324 1872 ac
352 1799 569 1873 omnimoda
597 1799 815 1873 defensione
834 1815 874 1874 et
892 1801 1178 1876 conservatione
1197 1829 1280 1876 cum
1300 1801 1475 1875 clausulis
1503 1801 1612 1892 desu7

108 1947 179 2018 per
207 1925 442 2019 opportunis,
473 1939 512 1998 et
540 1925 640 2030 dicto
668 1923 922 1997 Thesaurario
958 1924 1159 2011 benevisis,
1189 1942 1363 2022 respectu
1398 1951 1489 1998 vero
1524 1925 1611 1998 obli-

109 2047 274 2144 gationis
294 2072 474 2122 censuum
492 2047 791 2146 assignationum
811 2065 849 2120 et
869 2047 1164 2144 hypothecarum
1184 2050 1332 2146 siquae
1361 2074 1475 2145 super
1502 2049 1611 2122 dictis

109 2171 305 2268 scripturis
319 2187 534 2246 contractae
549 2187 678 2245 essent
696 2173 887 2267 pecuniae,
909 2187 950 2244 ut
964 2173 1182 2268 praefertur,
1201 2175 1456 2247 restituendae
1472 2173 1610 2269 deponi

110 2295 276 2371 debeant
303 2322 419 2392 penes
448 2293 601 2393 aliquod
630 2299 787 2370 bancum
816 2298 992 2370 idoneum
1023 2323 1090 2394 per
1117 2297 1409 2372 Thesaurarium
1440 2313 1611 2372 nostrum

112 2421 376 2496 declarandum
396 2438 435 2496 et
454 2423 587 2496 exinde
606 2421 773 2496 amoveri
792 2447 866 2496 non
886 2423 1042 2518 possint,
1074 2423 1144 2496 nisi
1162 2424 1341 2519 praestita
1365 2422 1500 2496 idonea
1528 2448 1610 2496 cau-

111 2549 213 2620 tione
240 2545 289 2620 ad
316 2562 660 2621 contentamentum
691 2547 776 2620 dicti
805 2547 1045 2620 Thesaurarii
1073 2548 1190 2620 nostri
1218 2573 1290 2644 pro
1317 2548 1416 2621 omni
1445 2565 1486 2622 et
1521 2573 1608 2645 qua-

111 2695 272 2766 cumque
300 2671 484 2745 evictione
512 2671 679 2770 generali
706 2690 745 2746 et
773 2673 986 2768 particulari
1015 2673 1077 2748 dd.
1099 2674 1369 2769 scripturarum
1397 2689 1437 2748 et
1463 2671 1610 2747 illorum

110 2797 327 2871 defensione
364 2823 448 2870 cum
475 2796 651 2870 clausulis
678 2812 717 2870 et
744 2799 866 2872 modis
894 2797 996 2872 dicto
1024 2797 1276 2872 Thesaurario
1313 2800 1511 2884 benevisis,
1542 2823 1608 2871 seu

109 2922 159 2995 ad
187 2921 361 2996 eflectum
389 2920 470 2996 illas
502 2922 685 3020 erogandi
713 2939 754 2997 et
780 2923 1002 2997 investiendi
1021 2924 1056 2996 in
1085 2924 1176 2997 locis
1205 2923 1390 2997 Montium
1407 2947 1481 2998 non
1500 2948 1610 2997 vaca-

109 3045 236 3120 bilium
264 3063 330 3120 aut
358 3046 437 3121 aliis
464 3047 574 3122 bonis
603 3047 797 3122 stabilibus
825 3048 873 3122 ad
911 3049 1130 3122 eorumdem
1170 3047 1418 3122 Dominotum
1456 3049 1610 3144 scriptu·

110 3195 235 3244 rarum
263 3171 496 3253 electionem,
528 3198 611 3247 cum
640 3196 825 3246 consensu
855 3172 942 3245 dicti
962 3171 1203 3246 Thesaurarii
1221 3174 1257 3245 in
1276 3173 1414 3268 specie,
1435 3172 1487 3245 ita
1506 3173 1608 3268 quod

108 3295 323 3392 specialitas
351 3294 588 3393 generalitati
615 3321 688 3370 non
718 3297 888 3394 deroget,
920 3321 987 3370 nec
1015 3321 1036 3368 e
1065 3313 1196 3371 contra
1215 3295 1406 3393 obligandi
1424 3313 1464 3370 et
1490 3297 1610 3392 hypo-

109 3421 256 3495 tecandi
275 3419 388 3494 etiam
415 3438 504 3495 ante
532 3434 655 3493 actum
684 3420 937 3494 translationis
973 3421 1125 3495 dominii
1161 3446 1231 3516 pro
1269 3445 1506 3517 quacumque
1534 3419 1610 3494 illa-

109 3571 191 3620 rum
227 3545 436 3620 evinctione
477 3561 516 3620 et
557 3545 775 3620 defensione
817 3546 996 3642 praelatis
1037 3545 1205 3620 similiter
1242 3572 1324 3619 cum
1354 3547 1529 3620 clausulis
1570 3563 1610 3620 et

109 3669 313 3768 privilegiis
340 3669 441 3744 dicto
469 3670 721 3745 Thesaurario
749 3671 946 3754 benevisis,
964 3686 1002 3744 et
1021 3696 1104 3743 cum
1133 3673 1275 3745 eisdem
1304 3670 1491 3757 oneribus,
1517 3670 1609 3745 obli-

109 3795 325 3893 gationibus
353 3813 392 3870 et
420 3795 652 3893 hypothecis.
683 3797 824 3869 Verum
861 3796 960 3870 sacto
997 3797 1172 3893 deposito
1207 3797 1316 3893 pretii
1350 3799 1398 3870 ad
1436 3796 1608 3871 eflectum

109 3933 163 3994 ut'
185 3920 397 4017 praefertur
423 3921 656 4007 investiendi,
686 3921 807 3994 dictae
846 3922 1053 4024 scripturae
1089 3924 1138 3995 ab
1175 3922 1348 3996 omnibus
1385 3938 1425 3996 et
1453 3919 1610 4020 singulis

108 4043 342 4141 hypothecis,
372 4045 675 4142 obligationibus,
704 4060 744 4118 et
771 4046 948 4120 oneribus
976 4046 1090 4119 etiam
1118 4044 1307 4120 dotalibus
1335 4059 1375 4120 et
1403 4071 1426 4120 a
1454 4047 1608 4141 quibus·

108 4195 270 4266 cumque
297 4170 604 4274 fideicommissis,
625 4170 938 4269 primogenituris,
959 4170 1299 4255 substitutionibus,
1318 4172 1439 4268 pactis
1458 4171 1506 4244 de
1525 4197 1609 4244 suc·

108 4294 281 4370 cedendo
307 4311 347 4369 et
375 4295 568 4392 quibusvis
597 4295 904 4392 dispositionibus
931 4312 970 4368 et
998 4295 1309 4392 prohibitionibus
1337 4294 1552 4391 purificatis,
1569 4311 1608 4369 et

109 4419 359 4516 purificandis,
387 4437 427 4494 et
455 4421 489 4492 in
519 4419 686 4494 favorem
714 4445 1038 4517 quorumcumque
1067 4420 1234 4495 locorum
1253 4421 1364 4494 etiam
1393 4423 1540 4516 piorum
1557 4439 1609 4522 yet

108 4543 428 4642 privilegiatorum
458 4545 812 4640 quomodocumque
831 4561 871 4618 et
888 4545 1212 4641 qualitercumque
1231 4544 1337 4618 lactis
1356 4561 1396 4618 et
1423 4545 1608 4639 impositis

109 4694 156 4742 ex
184 4694 424 4766 quocumque
461 4685 654 4744 contractu
696 4670 816 4742 iurato
853 4685 891 4743 ct
929 4670 964 4742 in
999 4669 1117 4744 forma
1146 4669 1330 4744 Camerae
1364 4669 1607 4766 Apostolicae

110 4810 263 4868 nostrae
298 4795 500 4891 praelatae,
531 4811 571 4868 et
606 4795 686 4867 aliis
718 4793 1012 4890 quomodolibet,
1044 4795 1195 4869 omnino
1223 4811 1423 4889 exemptae
1455 4809 1495 4867 et
1521 4793 1607 4869 libe·

110 4935 214 4993 ratae
241 4919 315 4993 sint
343 4935 381 4993 et
408 4943 495 4992 esse
524 4918 687 4992 debeant
715 4935 754 4990 et
781 4935 1016 5002 censeantur,
1042 4936 1156 5015 prout
1173 4917 1370 4992 eximimus
1389 4936 1428 4992 et
1457 4918 1607 5014 penitus

109 5061 149 5116 et
162 5044 314 5118 omnino
331 5041 548 5126 liberamus;
563 5041 573 5076 ¹
596 5060 635 5115 et
651 5043 702 5116 sic
721 5059 918 5139 exemptas
933 5060 973 5116 et
987 5043 1322 5130 liberataseisdem
1338 5041 1504 5116 Notariis
1518 5067 1607 5117 con-

110 5193 237 5242 cessas
264 5192 351 5242 esse
378 5185 614 5254 censeantur,
644 5183 756 5264 prout
783 5167 1023 5241 concedimus
1054 5183 1157 5242 motu
1185 5185 1223 5240 et
1252 5182 1443 5264 potestate
1480 5165 1607 5240 simili-

192 5425 202 5459 ¹
223 5421 398 5484 Concessio
416 5425 651 5500 scripturarum
669 5423 749 5484 tacta
768 5423 910 5483 Notariis
928 5424 1032 5482 libera
1050 5424 1092 5483 ab
1109 5423 1261 5484 omnibus
1277 5424 1442 5484 oneribus.
