3720 5914
251 290 303 352 194
888 292 1026 351 Soeculo
1043 292 1111 352 XV

246 486 490 564 Notariorum
527 510 655 560 coram
692 484 848 584 singulis
884 511 933 560 ex
973 485 1171 561 duodecim
1207 487 1456 564 Auditoribus
1492 489 1553 564 vel
1590 491 1733 566 Locate

245 612 418 688 uentibus
446 610 624 706 predictis
653 635 721 706 pro
750 627 922 706 tempore
951 611 1203 698 scribentium,
1232 636 1347 685 unum
1368 614 1529 688 Romani
1549 613 1747 702 Pontificis,

249 737 350 814 aliud
390 736 702 821 Vicccancellarii
741 736 842 810 aliud
876 761 969 811 veru
1005 735 1212 811 Camerarii
1250 719 1319 812 sle.
1338 738 1509 812 Romane
1528 741 1685 816 ecclesie
1711 755 1750 814 et

246 864 430 961 reliquum
445 859 651 947 Auditoris‚
670 861 789 935 officia
807 860 1057 958 appellentur;
1073 862 1255 958 quodque
1269 863 1489 937 cedentibus
1502 863 1689 960 aliquibus
1703 889 1749 938 ex

248 988 415 1063 Notariis
444 986 680 1083 supradictis,
706 984 766 1060 illa
793 1010 841 1059 ex
869 985 998 1060 officiis
1027 985 1271 1061 Notariorum
1300 987 1353 1062 sic
1379 987 1654 1076 decedentium,
1676 971 1770 1086 quev

250 1113 410 1187 Romani
440 1110 624 1209 pontificis
656 1136 724 1208 per
756 1111 969 1185 Romanum
997 1110 1222 1206 pontificem,
1252 1136 1327 1209 que
1355 1111 1657 1188 Vicecancellarii
1684 1139 1753 1211 per

249 1236 613 1323 Vicecancellarium,
643 1261 687 1309 ac
715 1259 790 1331 que
819 1223 1023 1310 Camerarii
1042 1259 1111 1332 per
1140 1236 1408 1323 Camerarium,
1429 1263 1505 1334 que
1521 1263 1614 1313 vero
1633 1241 1751 1313 Audi-

251 1377 375 1437 torum
390 1359 509 1435 officia
523 1360 723 1447 extiterint,
740 1385 808 1458 per
823 1360 1028 1434 Auditores
1042 1360 1245 1457 predictos,
1263 1386 1332 1457 pro
1348 1377 1520 1459 tempore
1533 1363 1752 1447 existentes,

252 1485 334 1561 ¹aliis
360 1484 517 1582 ydoneis
545 1484 793 1559 conferantur.

334 1611 384 1684 Et
412 1626 454 1683 ut
480 1609 518 1682 in
536 1608 608 1684 hoc
635 1610 735 1683 clare
753 1625 793 1683 et
810 1633 904 1706 pure
921 1633 965 1683 ac
983 1611 1129 1705 absque
1154 1608 1372 1684 difficultate
1390 1612 1628 1708 procedatur,
1649 1611 1757 1686 volu-

254 1761 338 1809 mus
366 1735 470 1832 quod
501 1735 550 1808 de
587 1749 715 1808 cetero
751 1733 886 1830 prelati
914 1733 1062 1808 Notarii
1092 1757 1141 1807 ex
1168 1735 1260 1830 ipsis
1293 1759 1409 1808 unum
1435 1736 1636 1832 ydoneum,
1666 1761 1758 1833 pro-

254 1861 344 1935 bum
372 1875 412 1934 et
438 1857 587 1933 fidelem
617 1859 774 1958 siugulis
792 1858 1039 1934 semestribus
1067 1856 1210 1957 eligant
1238 1859 1301 1955 qui
1320 1857 1597 1934 Thesaurarius
1624 1861 1759 1957 appel·

254 1985 363 2072 letur,
392 1999 434 2058 et
460 1982 616 2080 Capelle
644 1982 732 2058 dicti
760 1981 931 2081 Collegii,
961 2007 1076 2078 quam
1111 1997 1151 2056 et
1186 1983 1305 2058 altare
1336 1985 1513 2081 portatile
1553 1985 1603 2059 ad
1639 1985 1761 2059 instar
1853 1997 1854 2006 ’

255 2109 403 2208 collegii
438 2107 658 2182 dilectorum
696 2106 854 2181 filiorum
886 2107 1095 2182 litterarum
1122 2109 1415 2205 apostolicarum
1444 2109 1668 2212 scriptorum
1705 2111 1762 2182 eis

255 2233 395 2308 habere
424 2231 535 2306 licere
569 2231 814 2316 decernimus,
845 2256 972 2305 curam
999 2231 1148 2318 habeat,
1170 2246 1377 2328 teneatque
1405 2257 1520 2305 unum
1557 2232 1691 2307 librum
1723 2235 1761 2307 iu

255 2383 334 2456 quo
362 2357 512 2432 nomina
538 2373 578 2430 et
604 2357 829 2454 cognomina
857 2356 1040 2430 dictorum
1058 2355 1397 2454 quadragintaocto
1424 2358 1655 2432 notariorum
1684 2360 1762 2432 sint
1853 2343 1854 2350 ἵ

256 2483 446 2582 descripta
464 2498 504 2557 et
522 2482 558 2557 in
577 2481 662 2580 ipso
679 2481 774 2556 libro
793 2482 843 2555 sit
859 2480 1033 2556 distincte
1052 2481 1291 2580 designatum
1311 2483 1361 2556 ad
1380 2505 1493 2578 quem
1513 2507 1561 2558 ex
1585 2483 1762 2557 Romano

257 2608 446 2693 Pontifice,
495 2603 818 2690 Vicecancellario,
872 2605 1091 2681 Camerario
1131 2603 1191 2680 vel
1227 2605 1416 2681 Auditore
1456 2607 1662 2682 officiorum
1706 2609 1761 2683 sic

257 2733 533 2830 descriptorum
561 2731 803 2806 Notariorum
841 2729 1039 2826 dispositio
1073 2731 1270 2829 pertineat.
1310 2731 1361 2804 Et
1396 2756 1481 2805 cum
1509 2731 1674 2829 aliquem
1711 2758 1761 2806 ex

256 2859 364 2932 dictis
400 2856 740 2955 quadragintaocto
778 2853 1019 2930 Notariorum
1047 2855 1233 2930 decedere
1264 2857 1474 2956 contigerit,
1506 2856 1629 2930 dictus
1655 2856 1762 2930 The-

258 2983 448 3060 saurarius
475 3007 560 3055 cum
587 2981 736 3054 duobus
762 2980 843 3054 aliis
872 2979 1040 3055 Notariis
1068 2980 1118 3054 ad
1145 2978 1248 3054 illum
1274 2982 1324 3055 ad
1351 3005 1467 3078 quem
1493 2981 1605 3056 officii
1633 2980 1762 3056 taliter

258 3107 477 3183 decedentis
503 3106 700 3201 dispositio
728 3105 959 3202 pertinuerit,
990 3105 1116 3179 statim
1137 3105 1303 3192 accedat,
1324 3119 1363 3180 et
1385 3107 1423 3180 id
1446 3107 1481 3181 ei
1504 3104 1691 3204 significet
1719 3122 1762 3179 ut

258 3234 344 3308 talis
372 3232 421 3305 de
449 3230 601 3328 ydoneo
627 3253 849 3304 successore
877 3229 1001 3304 valeat
1026 3229 1147 3303 officio
1180 3229 1328 3304 vacanti
1359 3230 1572 3327 providere.

338 3357 546 3432 Statuimus
573 3355 727 3452 insuper
753 3370 793 3429 et
818 3354 1046 3442 ordinamus,
1077 3355 1181 3451 quod
1210 3355 1258 3430 de
1285 3372 1414 3429 cetero
1440 3354 1575 3452 prefati
1595 3353 1761 3450 quadra·
1853 3383 1854 3388 ¹

259 3485 453 3582 gintaocto
481 3479 627 3554 Notarii
654 3479 703 3552 ad
730 3479 947 3575 solempnes
969 3481 1233 3575 processiones
1259 3494 1300 3553 et
1326 3478 1419 3553 alios
1447 3495 1566 3568 actus,
1586 3479 1637 3552 ad
1659 3504 1760 3577 quos

259 3607 353 3683 alios
379 3605 478 3679 dicte
504 3604 605 3680 curie
632 3603 810 3679 officiales
828 3604 1024 3678 convocari
1043 3620 1329 3690 consueverunt,
1346 3619 1610 3688 convocentur,
1630 3620 1671 3678 et
1688 3603 1761 3678 illis

260 3731 432 3806 intersint
459 3756 543 3804 cum
579 3729 771 3816 talaribus,
801 3743 843 3801 ut
862 3727 984 3802 moris
1016 3742 1086 3816 est,
1125 3729 1190 3824 qui
1217 3727 1499 3803 collocabuntur
1525 3729 1561 3802 in
1598 3728 1683 3804 loco
1710 3729 1761 3802 ad

260 3856 342 3943 boc,
374 3880 442 3950 per
468 3878 535 3928 eos
563 3852 613 3927 ad
639 3877 737 3950 quos
764 3853 938 3948 pertinet,
968 3854 1189 3929 ordinando.

344 3979 397 4052 Ut
433 3994 560 4052 autem
589 3995 666 4052 tam
695 3977 730 4049 in
763 3976 930 4050 moribus
967 3994 1008 4051 et
1042 3976 1129 4064 vita,
1158 3991 1272 4073 quarn
1309 3975 1389 4051 aliis
1422 3979 1472 4051 ad
1505 3977 1543 4050 id
1571 3977 1760 4074 requisitis

263 4103 474 4202 Collegium
502 4104 625 4200 ipsum
654 4101 808 4176 feliciter
826 4102 1018 4199 dirigatur,
1039 4102 1182 4176 eisdem
1207 4101 1375 4176 Notariis
1401 4101 1645 4200 collegialiter
1671 4127 1763 4176 con·
1853 4085 1854 4106 ³

262 4229 444 4329 gregatis,
466 4253 532 4302 seu
557 4227 627 4300 illis
645 4227 764 4300 exeis
783 4225 919 4322 quibus
935 4225 1147 4325 Collegium
1167 4227 1290 4324 ipsum
1305 4226 1454 4300 duxerit
1467 4226 1761 4301 commitendum

262 4378 332 4450 pro
364 4354 483 4448 ipsius
512 4350 673 4450 Collegii
708 4377 754 4426 ac
789 4375 1035 4447 personarum
1072 4351 1242 4425 eiusdem
1271 4351 1365 4425 selici
1406 4365 1506 4424 statu
1544 4366 1585 4424 et
1621 4351 1762 4425 salubri

263 4477 467 4552 directione
494 4501 733 4573 quecumque
761 4476 1017 4550 ordinationes
1045 4492 1084 4550 et
1111 4491 1254 4550 statuta
1280 4473 1514 4550 rationabilia
1541 4492 1580 4549 et
1601 4477 1763 4551 honesta

261 4627 337 4698 que
366 4603 414 4676 ab
450 4602 541 4697 ipsis
574 4602 740 4675 debeant
770 4598 1029 4675 inviolabiliter
1066 4601 1272 4686 observari,
1308 4599 1474 4686 faciendi,
1504 4599 1690 4674 condendi
1724 4616 1763 4673 et

263 4727 459 4800 ordinandi
485 4724 635 4822 plenam
664 4742 703 4799 et
730 4725 884 4800 liberam
917 4725 1179 4799 auctoritatem
1206 4725 1321 4799 etiam
1349 4740 1480 4799 tenore
1508 4725 1761 4820 predictorum

265 4853 506 4927 concedimus
542 4848 768 4925 facultatem.

345 4975 573 5050 Mandamus
601 4976 754 5071 insuper
782 4975 972 5050 modernis
1002 4990 1041 5048 et
1068 4999 1138 5071 pro
1171 4991 1343 5070 tempore
1370 4973 1617 5048 existentibus
1643 4974 1763 5046 Audi-
1853 4983 1854 5004 ¹

266 5101 409 5176 toribus
436 5116 476 5174 et
508 5100 824 5174 Locatenentibus
852 5099 1077 5195 supradictis
1105 5115 1146 5172 et
1162 5099 1358 5194 quibusvis
1389 5097 1470 5173 aliis
1498 5097 1763 5193 cuiuscumque

266 5225 470 5325 dignitatis,
491 5240 625 5308 status,
651 5226 805 5322 gradus,
827 5223 1049 5298 conditionis
1077 5223 1136 5296 vel
1163 5223 1433 5320 preeminentie
1460 5221 1606 5306 luerint,
1628 5223 1664 5293 in
1691 5221 1764 5293 vir-

265 5366 346 5424 tute
366 5376 395 5424 s.
416 5349 628 5424 obedientie
657 5364 695 5423 et
715 5351 787 5423 sub
809 5348 1202 5423 excommunicationis
1221 5347 1296 5422 late
1316 5347 1501 5422 sententie
1519 5369 1628 5443 pena,
1650 5370 1762 5442 quam
