3688 5924
219 315 257 374 32
854 317 990 376 soeculo
1009 317 1096 378 XIII

220 510 357 584 Azario
393 510 604 594 advocato;
645 509 728 606 Ego
770 508 949 582 Matheus
987 507 1219 595 NarniensiS,
1258 509 1504 582 Sacrosancte
1546 509 1712 583 Romane

218 634 386 708 Ecclesie
412 636 637 708 auctoritate
665 634 843 720 notarius,
875 633 1053 729 predictis
1086 635 1244 719 interlui,
1274 634 1389 708 etde
1426 634 1605 708 mandato
1637 661 1712 730 pre·

218 758 284 833 lati
312 758 479 856 magistri
509 758 688 832 Bernardi
717 758 857 853 scripsi,
887 759 989 831 etin
1019 754 1203 854 publicam
1233 758 1390 832 sormam
1420 759 1603 856 redegi».

937 1019 1001 1100 35.

219 1181 321 1256 Idem
348 1183 536 1280 Magister
562 1182 757 1255 Martinus
785 1181 944 1281 lspanns
971 1207 1083 1279 mque
1113 1183 1159 1256 ab
1201 1184 1406 1257 Innocentio
1434 1183 1505 1270 IV,
1543 1211 1656 1282 neque
1690 1213 1713 1258 a

301 1306 501 1382 cardinali
523 1309 563 1380 in
581 1334 686 1406 quem
706 1315 837 1407 partes
855 1307 1008 1405 dent'pne
1025 1309 1355 1406 compromiserant,
1377 1316 1529 1384 vocatur
1550 1309 1715 1382 Auditor

294 1433 482 1529 generales
508 1457 707 1506 cansarum
734 1432 860 1505 curiae
886 1431 1027 1504 donn'ni
1053 1433 1191 1530 Papae.

300 1587 392 1656 (Rnn.
412 1585 656 1660 Vnr.,23,s01.
675 1585 754 1653 142,
771 1601 862 1644 anno
882 1584 959 1658 XII,
977 1593 1046 1660 cap.
1065 1585 1169 1654 8in's‚·
1187 1573 1222 1645 E.
1242 1586 1387 1658 Benene,
1406 1603 1438 1644 n.
1457 1587 1559 1659 7811).

1270 1729 1350 1800 1254,
1369 1729 1450 1788 iunii
1467 1730 1512 1800 24,
1531 1729 1716 1806 Anagniae.

217 1935 560 1953 ......
602 1936 627 1952 ..
687 1937 695 1952 .
754 1935 761 1950 .
821 1935 828 1950 .
888 1933 896 1948 .
953 1876 1054 1950 Sane
1082 1876 1214 1972 petitio
1241 1893 1380 1964 vestra,
1412 1879 1519 1952 nobis
1547 1879 1717 1953 exhibita

215 2001 431 2076 continebat
457 2001 562 2098 quod
589 2027 673 2074 cum
700 2001 799 2074 inter
815 2025 936 2077 vos,..
966 2017 1006 2074 et
1033 2001 1196 2096 priorem
1223 2017 1264 2075 et
1290 2017 1516 2076 conventum
1533 2033 1567 2078 ι..
1600 2029 1722 2100 super

215 2126 393 2224 eoquod
421 2142 580 2202 vacante
608 2129 837 2200 monasterio
866 2125 1001 2222 ipso
1031 2125 1118 2200 dicti
1146 2127 1249 2222 prior
1275 2143 1315 2199 et
1352 2143 1610 2203 conventus
1642 2127 1717 2204 lra-

214 2268 310 2326 trem
340 2253 542 2328 Martinum
624 2253 660 2324 in
688 2253 865 2326 abbatem
901 2277 1011 2326 suum
1047 2243 1253 2350 elegerant,
1287 2276 1519 2349 quamquam
1551 2253 1588 2326 in
1623 2277 1717 2349 pos-

212 2379 384 2452 sessione
410 2377 470 2450 vel
499 2379 606 2474 quasi
635 2377 722 2450 iuris
750 2375 913 2472 eligendi
940 2379 1089 2450 abatem
1123 2377 1160 2447 in
1197 2377 1332 2450 eodem
1366 2377 1597 2451 monasterio
1628 2378 1717 2452 luis·

213 2503 356 2578 setis
386 2527 513 2578 coram
541 2502 678 2575 dilecto
706 2499 779 2574 filio
799 2500 827 2596 J.
901 2503 1125 2598 presbytero
1144 2500 1331 2587 cardinali,
1353 2503 1524 2598 partibus
1542 2501 1718 2578 auditore

212 2651 407 2714 concesso,
436 2627 587 2724 questio
615 2641 835 2704 verteretur.
866 2627 1020 2700 tandem
1047 2627 1146 2722 quia,
1176 2626 1241 2699 lite
1269 2649 1383 2721 super
1410 2625 1481 2700 hiis
1512 2650 1639 2701 coram
1669 2653 1717 2701 eo

212 2751 379 2848 legitime
407 2767 630 2837 contestata,
668 2768 708 2825 et
743 2750 792 2824 de
820 2751 979 2825 veritate
1007 2737 1355 2848 dicenda'prestito
1383 2753 1431 2824 ab
1458 2751 1590 2825 iisdem
1628 2777 1720 2848 par-

212 2877 313 2950 tibus
340 2877 560 2962 iuramento,
589 2876 772 2972 factisque
802 2875 1049 2972 positionibus
1076 2893 1115 2949 et
1144 2875 1452 2972 responsionibus
1490 2876 1718 2962 subsecutis,

213 2999 404 3098 predictus
445 3002 643 3076 cardinalis
685 3001 797 3076 variis
844 3001 1045 3097 impeditus
1083 3001 1244 3098 negotiis
1284 3002 1482 3075 commode
1519 3001 1720 3096 premissis

213 3147 285 3198 non
313 3141 463 3220 poterat
491 3125 686 3208 interesse
716 3125 956 3222 questionem
975 3123 1135 3198 eandem
1153 3122 1290 3198 dilecto
1309 3123 1384 3198 filio
1404 3123 1591 3222 Magistro
1611 3125 1719 3198 Mar-

212 3251 290 3323 tino
318 3249 466 3346 lspano,
496 3250 691 3346 capellano
724 3265 856 3323 nostro
886 3250 1139 3338 commisimus
1172 3249 1443 3323 terminandam
1500 3307 1508 3324 .
1567 3306 1576 3322 .
1636 3311 1643 3324 .

212 3431 490 3448 .....
547 3369 677 3474 (Lis
660 3399 699 3445 tn
726 3372 888 3446 arbitros
914 3373 1171 3468 compromissa
1198 3370 1283 3444 dein
1300 3372 1393 3464 fin't,
1423 3381 1459 3446 et
1497 3372 1720 3446 cardenalu

210 3497 350 3570 arbiter
376 3499 428 3570 sic
453 3499 663 3591 εινίὀίί).·...
700 3497 885 3571 Dominus
915 3497 1018 3592 Papa
1045 3497 1267 3594 magistrum
1297 3494 1500 3570 Mar'tinum
1520 3498 1717 3595 lspanum,

210 3623 335 3694 virum
356 3622 555 3721 providum
581 3640 620 3695 et
647 3622 853 3707 deneratam,
885 3620 989 3695 dedit
1016 3621 1187 3717 partibus
1215 3622 1450 3708 Auditorem,
1473 3645 1599 3697 coram
1633 3647 1720 3719 quo
1838 3667 1839 3676 κ

209 3747 474 3822 attestationes
492 3762 624 3843 aperte
645 3745 794 3820 luerunt
811 3762 852 3820 et
871 3744 1017 3818 rubrice
1034 3743 1133 3818 lacte
1149 3747 1200 3818 ab
1225 3760 1385 3840 utraque
1404 3761 1523 3841 parte.
1546 3745 1719 3820 Domum

209 3895 295 3944 cum
322 3870 367 3944 lis
394 3872 603 3968 agitaretur
629 3894 755 3945 coram
776 3870 945 3966 predicto
966 3868 1149 3943 Auditore
1168 3871 1360 3950 intereos,
1382 3870 1504 3944 dictus
1581 3869 1720 3945 Mona·

211 3996 303 4069 chus
339 4011 379 4070 et
413 4011 636 4092 procurator
670 3996 991 4071 monasterii
1030 3995 1067 4066 in
1104 4018 1175 4067 nos
1211 3994 1519 4090 compromittere
1557 4018 1719 4069 curave·

215 4136 312 4206 runt,
344 4137 415 4196 etc.

924 4261 988 4341 36.

212 4443 442 4516 Innocentrns
471 4443 541 4528 IV,
577 4443 818 4538 Magistrum,
849 4440 1082 4516 Rostandnm
1110 4439 1377 4534 Snbdz'aronum
1410 4448 1446 4513 ct
1474 4439 1720 4540 Capellanum

291 4592 409 4652 sunm,
439 4593 510 4670 non
537 4575 640 4640 vocat
655 4566 874 4640 Auditorum
896 4565 1118 4663 generalem,
1138 4565 1204 4638 sed
1226 4564 1427 4638 dumtaxat
1446 4565 1543 4649 dicit,
1568 4590 1605 4636 se
1630 4590 1720 4636 cum

291 4691 431 4764 dedt'sse
453 4691 625 4788 partibus
654 4691 884 4766 Andz'torem.

294 4845 388 4917 (Rrec.
406 4843 498 4918 Vnr,
518 4843 578 4918 23,
587 4844 652 4918 sol.
672 4843 755 4918 2011,
772 4859 864 4902 anno
882 4841 960 4914 XII,
978 4850 1048 4917 cap.·
1067 4842 1158 4913 462,Ι
1176 4829 1211 4902 E.
1229 4843 1375 4918 Benene,
1393 4862 1425 4903 n.
1445 4845 1556 4916 8296).

1213 4968 1295 5044 1255,
1314 4971 1443 5046 augusti
1461 4969 1507 5044 31,
1525 4971 1722 5046 Anagniae.
1789 4979 1798 4998 ·

289 5117 488 5212 Proposito
515 5117 674 5192 ecclesie
693 5118 742 5191 de
763 5116 1019 5204 Eulenhnven,
1041 5116 1195 5192 Ordinis
1222 5117 1351 5193 Sancti
1367 5117 1568 5204 Benedicti,
1591 5117 1723 5192 Eiste·

211 5242 328 5317 tensis
363 5241 534 5319 diocesis.
563 5285 583 5298 -
619 5243 806 5340 Exposuit
842 5242 950 5317 nobis
984 5243 1143 5318 dilectus
1171 5243 1266 5318 filius
1300 5243 1483 5320 Henricus

210 5383 335 5443 rector
363 5368 411 5441 de
439 5367 557 5441 Stufse
586 5370 693 5442 etde
714 5367 928 5466 Reuzzinge
946 5366 1199 5455 ecclesiarum,
1220 5369 1324 5466 quod
1345 5393 1429 5444 cum
1458 5391 1527 5441 nos
1545 5366 1660 5441 olim.
1682 5424 1720 5442 ..
