3686 5916
866 286 1003 346 Soeculo
1022 285 1145 347 XVIII

335 512 354 555 e
375 483 524 580 giorum
552 482 687 558 exinde
716 485 868 559 oriatur.
884 527 912 540 -
926 482 1017 559 Vice
1036 501 1162 559 autem
1182 461 1303 571 versa,
1320 487 1424 582 quod
1444 488 1480 560 in
1499 487 1580 560 aliis
1601 487 1751 574 Causis‚

337 610 411 681 ‹in
453 609 590 705 quibus
627 634 675 682 ex
711 608 797 706 lege
835 609 1119 684 Commissionis
1156 635 1339 706 expresse
1381 613 1603 708 requisitum
1646 613 1755 687 fiterit

337 749 504 806 <votum
545 733 737 820 Ponentis,
774 759 923 829 semper
959 748 998 808 et
1041 749 1118 808 tam
1155 736 1190 809 in
1229 737 1309 831 pari
1350 761 1522 822 numero,
1561 762 1674 834 quam
1718 739 1751 812 in
1829 809 1830 844 ,

340 857 519 954 <dispari
547 857 643 932 illius
672 857 891 957 suffragium
910 884 994 931 cum
1013 860 1094 933 aliis
1113 876 1323 956 cooptetur,
1346 861 1497 936 servati
1515 863 1564 936 ad
1584 888 1751 960 unguem

341 1012 359 1055 <
378 983 513 1057 eadem
541 983 628 1081 lege
657 982 943 1057 Commissionis
1017 983 1121 1058 salvii
1140 1011 1292 1081 semper
1310 987 1488 1062 facultate
1507 986 1610 1060 aliud
1629 989 1754 1061 decer·
1829 983 1830 1054 l

342 1108 491 1180 <nendi
520 1109 555 1181 in
584 1109 871 1182 circumstantiis
891 1125 929 1182 et
948 1111 1095 1184 casibus
1114 1111 1409 1207 particularibus,
1432 1110 1752 1209 quemadmodum
1829 1147 1830 1190 t

341 1257 449 1329 «pro
477 1259 608 1306 eorum
636 1232 835 1330 prudentia
855 1248 896 1307 et
913 1233 1077 1318 arbitrio,
1098 1259 1261 1332 aequum
1282 1236 1497 1333 iustumque
1516 1236 1752 1312 videbitur».

337 1357 412 1430 Die
439 1380 483 1429 rr
511 1358 683 1430 ianuarii
706 1357 813 1454 1760.
1829 1347 1830 1350 ¹

335 1514 450 1586 (Anca.
469 1513 555 1586 Ror,
581 1513 707 1572 «Liber
724 1513 797 1572 Sac.
815 1514 919 1573 Rotae
938 1515 987 1572 2»
1007 1521 1087 1590 pag.
1107 1515 1286 1588 eae-484).

956 1819 1046 1899 458.
1829 1899 1830 1910 ἵ

257 1961 446 2036 Clementis
476 1961 592 2037 XIII
611 1965 733 2037 Breve
759 1961 829 2061 que
858 1963 1098 2064 privilegiam
1135 1965 1368 2064 Reipublicae
1405 1915 1641 2042 lancearum*
1675 1995 1755 2041 con-

333 2112 468 2161 cessum
490 2088 760 2187 praesentandi
783 2098 943 2188 quatuor
970 2090 1148 2163 Doctores
1174 2093 1273 2164 iuris
1295 2094 1490 2190 exquibus
1510 2093 1619 2192 Papa
1642 2119 1755 2168 unum

333 2212 509 2310 deligeret
533 2215 573 2286 in
601 2215 822 2288 Auditorem
850 2215 889 2290 S.
919 2215 968 2290 R.
997 2217 1113 2290 Rotae
1139 2217 1345 2316 amplietur
1373 2219 1427 2290 ad
1449 2219 1611 2304 formem
1631 2219 1756 2317 paff-
1829 2205 1830 2222 ,

335 2337 426 2434 legii
449 2362 677 2411 summorum
706 2340 862 2436 Regum,

335 2493 450 2565 (Auen.
469 2492 556 2566 Rom,
581 2493 860 2554 ‹Conste'tutrbnes
873 2519 899 2566 ι,
918 2511 948 2554 n.
967 2493 1127 2568 XXXIV).

1307 2621 1384 2696 1761,
1403 2619 1543 2680 ianuarii
1564 2622 1607 2696 10,
1626 2621 1755 2682 Romae.

337 2746 495 2820 Dilectis
524 2747 623 2822 Filiis
653 2748 850 2824 Nobilibus
878 2748 978 2824 Viris
1007 2749 1114 2836 Duci,
1144 2765 1185 2823 et
1220 2750 1463 2846 Reipublicae
1500 2750 1755 2825 Venetiarum.

339 2872 474 2946 Dilecti
503 2871 594 2958 Filii,
626 2872 751 2948 Nobili
780 2872 868 2961 Viri,
900 2872 1067 2948 Salutem
1095 2891 1135 2948 et
1154 2874 1413 2972 Apostolicam
1441 2873 1754 2951 Benedictionem.

255 2997 294 3069 ln
323 2996 394 3071 hoc
430 2997 669 3095 gravissimo,
706 2998 809 3095 quod
846 2999 1074 3090 sustinemus
1108 2999 1352 3096 Apostolicae
1384 2997 1585 3073 Servitutis
1623 3001 1756 3074 Officio

256 3120 511 3196 molestiarum
541 3123 706 3219 undique
734 3124 858 3219 pleno,
879 3123 966 3197 nihil
984 3123 1127 3198 dulcius
1146 3139 1216 3211 est,
1239 3124 1420 3219 quamde
1448 3123 1589 3200 Vestro
1607 3127 1757 3223 amplis-

255 3246 351 3320 simo
380 3245 535 3331 Ordine,
566 3246 784 3345 Nostraque
813 3247 1017 3322 Carissima
1046 3248 1179 3336 Patria,
1203 3247 1339 3322 Avitae
1368 3247 1574 3347 Religionis
1602 3253 1757 3324 retinen·
1829 3237 1830 3258 ,

257 3371 412 3458 tissima,
452 3396 567 3468 posse
603 3371 806 3468 aliquando
843 3371 1079 3456 confabulari,
1119 3396 1310 3468 quamque
1353 3397 1594 3469 summopere
1632 3399 1757 3450 amare
1829 3463 1830 3470 ἵ

257 3496 476 3592 profitemur
504 3513 544 3570 et
561 3522 584 3570 a
603 3496 724 3593 prima
741 3496 813 3585 die,
835 3522 910 3594 qua
929 3497 998 3570 suit
1015 3496 1202 3572 humilitas
1224 3496 1363 3572 Nostra
1382 3497 1431 3571 ad
1451 3496 1649 3572 Summum
1669 3500 1758 3573 Pon·

258 3619 436 3695 tificatum
456 3626 595 3709 evecta,
618 3646 768 3717 semper
786 3623 1033 3719 cogitavimus
1053 3620 1152 3696 ultro
1166 3621 1377 3720 gratificari.
1396 3621 1507 3696 Hunc
1523 3623 1708 3698 Paternae
1722 3640 1759 3698 et

258 3746 459 3844 singularis
480 3745 672 3820 charitatis
692 3746 857 3820 Nostrae
880 3771 1033 3820 sensum
1053 3746 1321 3821 Nobilitatibus
1340 3745 1488 3840 Vestris
1505 3746 1600 3820 alias
1620 3748 1758 3846 signifi-

258 3872 435 3954 cavimus,
465 3885 545 3942 tum
573 3896 663 3945 vero
693 3873 894 3968 praecipue
919 3897 1003 3946 cum
1031 3871 1159 3946 literas
1186 3870 1357 3945 dedimus
1386 3871 1459 3945 diei
1483 3897 1529 3946 10
1549 3872 1641 3947 Maii
1659 3873 1757 3946 Anni
1829 3897 1830 3900 ’

260 4019 380 4089 nuper
411 3994 529 4090 elapsi
561 4019 631 4091 per
664 3995 851 4070 Dilectum
890 3995 1023 4069 Filium
1056 3996 1233 4092 Equitem
1278 3996 1473 4091 Aloysium
1517 3997 1757 4096 Mocenigum

260 4117 421 4192 SMarci
438 4118 732 4204 Procuratorem,
745 4118 795 4194 ad
808 4121 954 4218 Regem
970 4121 1167 4216 utriusque
1177 4118 1332 4206 Siciliae,
1346 4120 1589 4216 Reipublicae
1600 4121 1759 4196 Vestrae

260 4242 461 4317 Oratorem
490 4245 609 4318 isthac
636 4260 976 4341 pertranseuntem,
1002 4248 1222 4342 atque'hoc
1249 4247 1384 4342 ipsum,
1405 4246 1459 4319 uti
1482 4271 1755 4343 receperamus,

258 4367 381 4442 eidem
402 4369 702 4444 confirmavimus
730 4369 903 4444 redeunti
931 4385 971 4444 et
998 4371 1136 4444 Vestra
1163 4395 1211 4443 ex
1239 4369 1443 4444 Voluntate
1472 4369 1694 4468 Nostraque
1713 4373 1757 4444 ob

258 4509 426 4568 veterem
456 4494 667 4569 Amicitiam
696 4520 780 4568 cum
810 4496 1037 4569 iucunditate
1065 4495 1113 4568 ad
1142 4494 1294 4591 aliquod
1315 4496 1495 4591 temporis
1515 4497 1681 4591 spatium
1705 4498 1757 4570 hic

257 4620 514 4695 commoranti.
536 4617 795 4712 Quamobrem
814 4620 1076 4715 reputantibus
1097 4620 1226 4706 Nobis,
1248 4643 1323 4715 qua
1346 4622 1489 4694 ratione
1508 4636 1755 4695 contestatam

257 4744 393 4817 iamdiu
423 4744 735 4832 benevolentiam,
766 4745 824 4817 Re
851 4746 946 4841 ipsa,
978 4747 1324 4841 comprobaremus,
1347 4769 1393 4818 ea
1421 4744 1533 4820 subiit
1565 4745 1753 4844 cogitatio,

257 4870 361 4966 quod
381 4895 499 4943 vacuo
527 4870 723 4945 Romanae
751 4871 875 4943 Rotae
904 4871 1099 4944 Auditoris
1126 4870 1211 4944 loco
1229 4886 1388 4966 propter
1406 4869 1754 4970 illustreRegnum,

257 4994 404 5090 quoda
425 4993 619 5068 Catholica
638 4993 730 5068 Fide
750 4995 950 5078 defecerat,
972 4995 1030 5069 fel.
1053 5021 1126 5070 rec.
1149 4995 1277 5068 Sixtus
1297 4995 1331 5094 V
1353 4995 1457 5069 Pont.
1480 4995 1581 5070 Max.
1604 4996 1755 5069 Praede·

259 5143 389 5194 cessor
417 5119 558 5193 Noster
585 5118 704 5193 Vobis
732 5118 894 5204 indulsit,
925 5137 966 5193 ut
993 5118 1169 5213 Quatuor
1204 5119 1297 5193 luris
1326 5119 1533 5214 Utriusque
1571 5120 1756 5194 Doctores

257 5243 397 5318 Vestra
425 5269 473 5317 ex
511 5243 663 5318 Ditione
700 5244 978 5340 proponeretis,
1018 5270 1039 5318 e
1076 5244 1211 5339 quibus
1250 5244 1444 5317 Romanus
1483 5242 1655 5317 Pontifex
1691 5241 1756 5316 sibi

258 5371 380 5468 magis
408 5370 627 5444 benevisum
665 5367 858 5467 deligeret,
888 5368 1207 5465 quemadmodum
1242 5368 1423 5442 hactenus
1451 5369 1486 5440 in
1518 5391 1623 5441 more
1660 5369 1756 5466 posi-
