3684 5920
699 321 858 394 Gregorio
876 321 965 382 XVI
1526 319 1586 380 639

87 517 189 588 nibus
218 512 483 612 Perduellionis
512 514 663 588 crimine
692 515 843 589 foedata
880 529 950 599 est,
990 513 1290 609 obtruncataque
1326 515 1460 611 quavis
1496 518 1587 589 obe·

85 639 218 713 dientia
244 663 338 736 erga
365 638 504 712 Sedem
535 638 773 724 Pontificum,
804 639 902 712 inter
927 639 1033 734 ipsos
1072 637 1186 712 Cives
1225 637 1475 736 Magistratus
1512 664 1587 713 non

85 763 214 850 solum,
244 762 311 837 sed
340 765 453 837 etiam
482 789 682 861 supremos
711 764 855 836 ludices
884 763 1075 861 selegit
1105 762 1211 839 brevi
1249 762 1453 836 admodum
1492 779 1587 837 tem-

84 913 172 985 pore
202 888 466 962 Perduellionis
494 887 676 962 iraenesis
704 889 740 961 in
769 888 936 985 plurimis
964 888 1045 962 aliis
1066 887 1244 962 Pontificii
1263 887 1394 962 Status
1414 887 1587 962 Partibus

84 1013 321 1088 disseminata
348 1027 418 1098 est,
449 1031 697 1110 nostrumque
725 1014 964 1087 Auditorium
994 1013 1055 1087 vix
1084 1014 1185 1086 siluit
1212 1015 1261 1087 ob
1280 1013 1467 1086 delectum
1489 1013 1585 1087 Cau-

86 1163 217 1212 sarum.

784 1367 874 1447 530.

86 1511 178 1583 Rota
195 1511 317 1609 plura
334 1521 527 1608 conquestu
544 1511 660 1608 digitu
679 1513 820 1610 repm't
834 1509 874 1582 in
893 1510 1040 1584 edictali
1059 1510 1137 1608 lege
1154 1510 1267 1606 dr'er‘5
1288 1509 1451 1585 Octobris
1472 1513 1522 1585 18
1519 1531 1583 1606 31,

159 1660 317 1732 quorum
343 1637 485 1710 relatio
503 1635 738 1709 Somnium
754 1634 854 1730 fieri
877 1635 981 1710 rubet.

159 1791 275 1864 (Atreu.
294 1791 382 1864 Ros..
405 1791 594 1852 ‹Dr'arium
616 1792 792 1852 Camerale
804 1791 840 1864 »).

509 1973 665 2045 Veneris
702 1976 743 2047 18
776 1973 1001 2046 Novembris
1038 1977 1148 2065 1831.

161 2133 246 2207 Hoc
276 2158 384 2206 mane
413 2133 580 2206 solemne
610 2135 829 2228 praestitum
859 2133 925 2206 suit
954 2133 1213 2208 iuramentum.
1226 2192 1288 2208 .....

158 2258 257 2332 Cum
287 2259 346 2331 die
377 2282 397 2352 3
427 2257 594 2330 octobris
622 2281 741 2352 nuper
769 2257 888 2354 elapsi
916 2235 1031 2331 latum
1062 2258 1193 2332 luisset
1222 2258 1395 2332 Edictum
1416 2259 1465 2332 ab
1485 2259 1581 2332 Emo

81 2407 102 2454 a
141 2383 307 2456 Secretis
349 2382 492 2468 Status,
522 2408 599 2479 quo
640 2383 903 2456 innovabatur·
928 2386 1023 2456 ordo
1063 2383 1321 2456 Tribunalium
1370 2382 1582 2456 Pontificiae

81 2507 226 2582 ditionis
243 2532 287 2581 ac
306 2507 504 2582 nonnullae
524 2509 637 2580 etiam
657 2509 1001 2604 praestituebantur
1019 2510 1238 2582 novationes
1257 2510 1383 2604 quoad
1404 2507 1442 2584 S.
1460 2509 1582 2582 Rotae

81 2633 271 2721 Tribunal,
300 2631 437 2706 idcirco
467 2632 650 2705 nonnullis
678 2633 726 2706 ab
755 2631 838 2705 hinc
865 2631 998 2706 diebus
1027 2633 1064 2707 S.
1096 2631 1250 2706 Ordinis
1269 2634 1474 2707 Auditores
1494 2658 1579 2707 con·

81 2775 263 2831 venerunt
290 2780 407 2853 penes
436 2757 481 2828 R.
513 2755 551 2830 P.
574 2755 620 2830 D.
645 2755 705 2830 De
727 2755 881 2841 Cursus,
905 2755 1180 2840 Subdecan'um,
1202 2782 1284 2829 cum
1309 2756 1411 2830 Urbe
1429 2758 1583 2830 abesset

82 2880 171 2954 Rrirs
201 2881 239 2957 P.
275 2881 321 2955 Ι).
354 2880 493 2976 Spada,
526 2879 714 2966 Decanus‚
745 2879 794 2954 ad
822 2879 995 2954 eflectum
1025 2881 1249 2953 decernendi
1277 2879 1368 2975 quid
1398 2881 1582 2954 inhaere

81 3021 180 3079 esset
207 3005 412 3104 agendum.
442 3003 684 3100 Quamquam
713 3031 804 3079 vero
833 3007 937 3101 prius
965 3004 1102 3103 singuli
1130 3005 1337 3080 Auditores
1357 3006 1392 3076 in
1412 3005 1581 3078 diversas

82 3130 260 3204 abiissent
286 3130 503 3213 sententias,
533 3146 699 3204 attamen
728 3147 861 3227 postea
889 3145 1074 3204 statutum
1103 3131 1171 3204 luit
1198 3130 1303 3226 quod
1330 3132 1379 3203 ab
1399 3129 1443 3204 R.
1467 3129 1505 3205 P.
1528 3130 1575 3204 D.

84 3253 137 3327 De
167 3255 315 3328 Cursiis
343 3253 529 3350 quaedam
560 3255 740 3328 instantia
771 3270 876 3328 esset
913 3255 1120 3352 redigenda
1154 3271 1193 3328 et
1221 3254 1378 3328 Summo
1416 3252 1581 3327 Pontifici

80 3380 327 3476 proponenda
357 3381 505 3453 nomine
533 3379 637 3453 Sacri
665 3378 818 3453 Ordinis
839 3379 873 3451 in
894 3403 969 3476 qua
988 3380 1082 3454 haec
1102 3381 1302 3476 praecipue
1321 3379 1444 3452 sorent
1461 3378 1581 3451 adno-

82 3505 210 3580 tanda:
243 3503 294 3577 Et
327 3511 361 3576 ι0
391 3505 429 3579 S.
459 3502 638 3578 Tribunal
667 3529 782 3600 aegre
810 3505 940 3578 tulisse
959 3504 1244 3602 abrogationem
1266 3503 1581 3576 commissionum

78 3653 125 3701 eo
152 3630 260 3724 quod
288 3629 338 3700 ad
367 3629 485 3701 instar
503 3605 716 3702 Tribunalis
734 3627 997 3724 appellationis
1017 3628 1054 3703 S.
1077 3628 1177 3702 Rota
1197 3629 1233 3702 in
1253 3643 1447 3724 posterum
1467 3628 1584 3701 habe-

79 3769 191 3840 retur,
223 3769 266 3827 et
293 3776 375 3826 eam
404 3754 594 3827 amitteret
622 3755 889 3849 praestantiam
912 3778 955 3826 ac
975 3752 1196 3850 dignitatem
1218 3777 1294 3848 qua
1314 3753 1581 3837 honorabatur,

79 3877 128 3950 ita
156 3895 200 3952 ut
229 3879 546 3952 Commissionum
577 3903 645 3950 usu
676 3877 713 3954 S.
748 3879 845 3952 Rota
874 3879 1076 3952 haberetur
1105 3894 1296 3973 tamquam
1334 3877 1371 3952 S.
1403 3876 1511 3951 Sedis
1544 3892 1583 3950 et

79 4001 264 4078 Catholici
296 4003 410 4077 Orbis
438 4003 617 4076 Tribunal
647 4004 773 4099 potius
801 4028 914 4100 quam
952 4004 1068 4076 solius
1107 4003 1318 4076 Pontificiae
1353 4002 1527 4077 Ditionis.
1557 4043 1584 4056 -
1631 4077 1633 4083 A

82 4135 118 4201 2⁰
145 4129 414 4225 exponendum
441 4144 556 4211 esset,
595 4128 785 4203 adversari
820 4129 972 4203 omnino
1013 4130 1117 4226 praxi
1160 4128 1198 4203 S.
1228 4126 1439 4201 Tribunalis
1480 4127 1584 4222 quod

79 4271 342 4350 proponantur
370 4277 507 4326 causae
525 4256 671 4349 absque
692 4252 829 4339 Dubio,
852 4277 919 4326 seu
941 4277 1009 4350 per
1024 4253 1244 4326 Memoriale
1263 4251 1583 4347 quemadmodum

80 4380 127 4451 de
170 4377 360 4452 nonnullis
402 4379 525 4451 causis
553 4379 588 4449 in
624 4379 795 4473 praelato
832 4378 967 4451 Edicto
1004 4378 1277 4451 instituebatur.
1294 4433 1357 4452 .....
1388 4377 1586 4448 Adnotan-

80 4503 171 4578 dum
193 4511 244 4596 '3⁰
272 4502 457 4576 decedere
485 4526 642 4598 prorsus
671 4503 892 4600 dignitatem
922 4501 960 4575 S.
991 4501 1145 4575 Ordinis
1173 4516 1212 4573 et
1230 4501 1479 4596 perniciosum
1500 4523 1586 4572 esse

80 4628 319 4725 litigantibus
346 4650 560 4724 proponere
589 4627 625 4698 in
654 4627 692 4701 S.
715 4627 816 4700 Rota
834 4652 969 4700 causas
988 4651 1087 4722 quae
1106 4625 1211 4721 parvi
1238 4641 1326 4698 sunt
1343 4625 1536 4701 momenti.

80 4761 119 4844 4⁰
138 4753 406 4848 exponendum
427 4753 678 4848 periculosum
697 4751 902 4825 admodum
921 4775 1018 4836 esse,
1034 4752 1106 4824 etsi
1125 4750 1461 4846 expeditissimum,
1482 4773 1588 4822 acce-

78 4878 171 4952 dere
202 4878 378 4952 Ponentis
407 4895 534 4952 votum
563 4878 599 4950 in
628 4879 790 4952 cuiusvis
818 4903 955 4952 causae
983 4877 1242 4975 propositione
1270 4891 1313 4948 ut
1339 4879 1375 4948 in
1404 4867 1485 4972 ipsa
1514 4874 1587 4971 pri-

77 5004 229 5077 mordia
257 5003 516 5100 propositione
545 5004 581 5076 in
609 5019 787 5100 promptu
817 5003 864 5076 sit
892 5003 1082 5076 resolutio.
1107 5001 1192 5074 Hoc
1212 5003 1310 5074 enim
1330 5000 1444 5074 modo
1464 5001 1587 5074 cuius-

75 5128 170 5202 libet
198 5153 337 5201 causae
366 5128 506 5201 decisio
534 5128 747 5202 necessario
775 5127 1087 5201 circumscribitur
1114 5127 1247 5200 iudicio
1276 5125 1392 5199 solius
1429 5140 1588 5221 quartae

76 5255 200 5351 partis
232 5251 268 5328 S.
300 5253 523 5340 Tribunalis,
554 5254 657 5349 quod
686 5277 777 5326 sanc
805 5253 1079 5348 improvvidum
1108 5268 1168 5325 est
1186 5252 1422 5348 potissimum
1443 5250 1478 5322 in
1500 5273 1587 5346 gra-

78 5379 190 5453 vibus
220 5379 419 5476 dubiisque
447 5379 581 5456 causis.
595 5437 657 5454 .....
688 5377 962 5476 improvvidum
991 5403 1144 5474 quoque
1163 5378 1311 5452 videtur
1330 5376 1487 5451 Ponenti
1514 5374 1585 5448 sul-
