3684 5920
733 308 892 379 Gregorio
911 307 998 366 XVI
1246 367 1250 374 ,
1558 307 1614 368 645

111 491 159 562 ad
189 490 228 566 S.
259 491 413 566 Ordinis
439 494 623 570 iudicium.
654 493 770 588 Quod
798 496 1007 572 executioni
1035 495 1276 570 commissum
1304 495 1371 568 suit
1390 497 1425 568 in
1449 494 1611 592 quadam

113 614 240 689 Causa
268 618 365 690 inter
392 617 607 714 Capitulum
636 619 674 693 S.
707 621 804 694 Petri
831 622 867 695 in
896 619 1080 694 Vaticano
1108 637 1148 694 et
1177 621 1329 694 Fratres
1359 620 1501 718 Giorgi‚
1527 644 1613 692 nam

111 764 180 835 pro
223 742 304 816 RR.
349 743 415 817 ΡΡ.
463 741 549 818 DD.
596 743 753 819 Boiondi
799 761 838 818 et
882 747 941 818 De
983 746 1143 842 Cuppis,
1188 745 1405 844 suffragium
1448 743 1614 818 tulerunt

113 865 196 937 RR.
231 866 295 940 ΡΡ.
328 866 415 940 DD.
448 868 507 941 De
536 869 630 942 Retz
656 884 695 942 et
725 870 784 942 De
813 870 955 945 Avelld.

818 1205 908 1284 539.

118 1343 212 1416 Tres
231 1345 347 1419 Rotae
364 1346 566 1420 Auditorcs
582 1348 744 1420 membro
762 1349 1030 1422 constituunt-ur
1043 1349 1218 1447 Supremi
1231 1349 1383 1424 Consilii
1393 1376 1491 1424 onrzo
1503 1350 1611 1444 1835.

181 1499 298 1567 (Arcen
317 1500 404 1572 Ros,
424 1499 513 1558 inter
536 1523 549 1550 ι
562 1499 694 1560 Lettere
711 1517 729 1558 e
747 1501 938 1575 bartiano).

1229 1681 1307 1757 1835,
1326 1683 1395 1742 iulii
1414 1684 1460 1759 25,
1479 1685 1611 1744 Romae.

383 1837 670 1910 Ordinamcnto
695 1840 799 1908 della
823 1837 1111 1910 Giurisdizione
1134 1842 1390 1911 contensiose

527 1946 629 2014 nelle
653 1947 821 2017 Materie
845 1947 1195 2017 Amministrative

790 2052 938 2122 Editto.

111 2191 146 2238 n.
181 2187 201 2257 3
208 2171 323 2258 3667.

367 2308 497 2380 Anton
527 2306 735 2382 Domenico
764 2309 824 2382 del
854 2308 960 2382 titolo
988 2308 1025 2380 di
1054 2307 1091 2384 S.
1124 2305 1355 2383 Prassede...

194 2467 264 2541 Nel
294 2467 402 2542 titolo
430 2467 521 2540 XVI
549 2469 697 2542 sezione
727 2468 804 2541 XX
834 2469 894 2574 del
913 2485 1018 2542 moto
1038 2470 1191 2566 proprio
1217 2492 1262 2543 10
1282 2470 1486 2543 novembre
1512 2473 1611 2562 1834

107 2593 143 2666 la
175 2592 321 2666 Santitd
348 2591 385 2664 di
414 2592 461 2664 N.
492 2592 654 2691 Signore
683 2592 805 2667 stabili
832 2593 964 2666 alcone
993 2593 1122 2692 regole
1150 2596 1298 2667 intorno
1335 2595 1410 2692 agli
1446 2595 1516 2667 atti
1552 2594 1612 2668 dei

106 2718 284 2791 dicasteri
312 2718 381 2792 che
410 2718 535 2791 hanno
563 2719 714 2813 potest&
743 2719 780 2790 di
809 2718 982 2794 decidere
1010 2719 1047 2791 in
1074 2719 1134 2791 via
1162 2719 1471 2792 amministrativa
1499 2720 1549 2793 od
1577 2719 1612 2792 al

105 2841 224 2916 modo
252 2842 290 2914 di
317 2843 518 2938 eseguirne
545 2840 580 2914 le
609 2841 804 2917 decisioni:
826 2841 988 2916 volendo
1016 2868 1084 2916 ora
1103 2843 1353 2916 determinare
1372 2843 1383 2916 i
1403 2843 1536 2917 confini
1556 2858 1613 2917 tra

106 2969 128 3040 il
161 2984 295 3062 potere
323 2967 632 3041 amministrativo
660 2967 708 3040 ed
737 2967 759 3040 il
788 2984 922 3064 potere
950 2968 1166 3066 giudiziario
1185 2994 1207 3041 e
1226 2969 1458 3064 prescrivere
1479 2969 1613 3041 inoltre

104 3092 139 3165 le
172 3116 303 3165 norme
331 3105 591 3186 opportune...
622 3091 652 3164 si
680 3090 702 3163 ἑ
731 3091 898 3190 degnato
926 3093 1100 3167 ordinare
1129 3109 1272 3190 quanto
1302 3119 1432 3192 segue.

763 3643 888 3716 Titolo
916 3644 957 3718 11.

201 3803 273 3876 Dei
303 3802 518 3900 Magistrati
546 3806 774 3899 competenti
803 3802 898 3877 nelle
926 3805 1182 3879 controversie
1209 3806 1529 3879 amministrative.

449 4017 623 4114 Capitolo
652 4018 720 4089 1-
749 4018 778 4091 11
807 4063 832 4074 -
861 4019 960 4090 111-
990 4019 1039 4092 IV
1069 4063 1090 4074 -
1123 4016 1169 4092 V.
1199 4033 1270 4094 etc.

642 4352 817 4452 Capitolo
837 4355 892 4428 IX
912 4353 1017 4458 (pag.
1041 4359 1087 4453 8).

596 4530 668 4604 Del
699 4531 894 4630 Consiglio
928 4532 1125 4627 Supremo

803 4712 914 4807 §34-

192 4851 243 4926 Se
280 4852 332 4950 gli
370 4825 651 4926 eminentissimi
693 4851 820 4951 legati,
857 4851 891 4926 la
928 4877 1034 4926 sacra
1076 4854 1376 4952 congregazione
1412 4852 1473 4925 del
1510 4854 1611 4927 buon

103 5003 281 5077 governo
309 5005 330 5052 e
357 4978 393 5052 la
427 4978 739 5077 Congregazione
776 4979 811 5050 di
847 4979 1032 5053 revisione
1070 4978 1350 5053 revocheranno
1388 5004 1412 5051 o
1445 4979 1610 5052 risorme-

104 5127 228 5178 ranno
256 5105 291 5178 le
320 5103 499 5178 decisioni
518 5104 695 5199 proferite
715 5105 751 5177 in
770 5105 891 5200 primo
911 5105 1032 5203 grado
1052 5102 1150 5177 dalle
1170 5104 1458 5202 congregazioni
1476 5127 1611 5202 gover-

103 5227 235 5302 native
263 5253 284 5302 e
313 5228 412 5302 dalla
440 5231 739 5327 congregazione
768 5228 952 5303 camerale
976 5228 1072 5303 nelle
1099 5229 1353 5303 controversie
1373 5229 1531 5303 indicate
1550 5227 1610 5302 dai

101 5355 148 5450 ἐξ
174 5376 218 5446 ι4
246 5379 268 5426 e
299 5357 359 5438 28,
390 5352 570 5450 l'appello
598 5352 774 5427 ulteriore
804 5353 1047 5450 s’interporrd
1074 5355 1108 5428 al
1138 5353 1318 5451 consiglio
1347 5377 1537 5449 supremo.
