3718 5918
851 309 987 370 soeculo
1003 309 1036 370 Χ
1045 309 1124 370 VIII

936 643 1028 722 385.

239 789 338 862 <De
366 790 554 864 Examzire
581 791 830 864 Notnrzbrum
858 791 986 872 Rotae,
1006 789 1183 883 sacrando
1209 813 1332 862 coram
1361 786 1513 861 Decano
1536 797 1609 884 pro
1644 797 1734 858 um-

321 944 338 985 «
350 928 444 1014 pore
470 924 507 986 et
522 914 660 987 duobus
677 913 852 988 Notamts
870 915 999 998 Rotae,
1012 923 1087 1010 per
1104 911 1265 986 eumdem
1284 912 1478 984 Decanum
1497 910 1673 1008 eligendis
1692 939 1729 982 ι.

311 1070 427 1143 (Ancn.
445 1069 531 1142 Ros..
555 1069 683 1128 «Liber
702 1068 736 1127 S.
755 1068 861 1127 Rotae
876 1093 898 1142 ν,
917 1084 978 1128 seu
999 1067 1128 1126 «Liber
1147 1069 1372 1140 iuramenti»,
1390 1075 1468 1140 pag.
1487 1065 1571 1136 189).

1256 1228 1334 1300 1702,
1353 1228 1535 1288 decembris
1556 1229 1578 1302 1,
1597 1227 1732 1287 Romae.

313 1359 415 1457 Papa
434 1359 594 1435 loannes
614 1361 724 1434 XXII
744 1361 780 1434 in
800 1359 908 1433 Bulla
933 1383 979 1452 14
998 1362 1016 1456 ᾖ
1042 1379 1084 1452 17
1107 1375 1159 1434 to.
1178 1359 1193 1432 1
1219 1357 1369 1433 Bullarii
1387 1361 1541 1432 mandat
1560 1381 1731 1442 examen,

232 1501 272 1559 et
299 1487 609 1582 approbationem
639 1485 883 1560 Notariorum
912 1484 1035 1558 Rotae
1064 1485 1204 1560 debere
1232 1483 1309 1556 fieri
1338 1509 1407 1582 per
1425 1483 1474 1558 D.
1495 1482 1734 1557 Vicecancel·

233 1608 376 1694 larium.
406 1609 466 1684 vel
494 1609 606 1684 alium
634 1610 683 1683 de
710 1609 790 1683 eius
820 1609 972 1706 speciali
1000 1608 1191 1682 mandato.
1222 1609 1408 1682 Martinus
1435 1607 1470 1678 V
1498 1609 1536 1682 in
1563 1607 1672 1681 Bulla
1693 1613 1736 1700 3⁸

234 1737 252 1832 ᾗ
283 1760 325 1808 21
361 1751 450 1810 tom.
487 1759 518 1808 1.
549 1735 686 1810 Bullar.
716 1737 877 1832 loquens
905 1734 952 1806 de
980 1735 1164 1820 examine,
1193 1750 1233 1808 et
1258 1735 1533 1830 approbatione
1562 1733 1737 1808 Notario-

235 1885 316 1933 rum
352 1861 476 1935 Rotae
513 1860 599 1934 nihil
634 1861 722 1934 dicit
756 1862 804 1934 de
832 1859 1154 1934 Vicecancellario.
1187 1859 1314 1933 Hodie
1352 1876 1489 1946 tamen,
1518 1875 1557 1932 et
1591 1883 1616 1932 a
1651 1859 1738 1954 plu-

234 1985 335 2058 ribus
353 1986 461 2058 annis
489 2001 578 2080 post
607 1985 746 2081 Papam
767 1983 920 2058 Paulum
940 1984 985 2069 V,
1011 2007 1167 2056 examen
1187 1999 1228 2057 et
1245 1983 1469 2081 approbatio
1489 1981 1733 2057 Notariorum

235 2111 359 2186 Rotae
396 2133 469 2183 non
505 2109 546 2182 fit
583 2136 652 2206 per
688 2111 720 2182 V
724 2106 1050 2194 icecancellarium,
1081 2106 1149 2181 sed
1177 2131 1245 2204 per
1272 2108 1478 2198 Auditores
1515 2108 1648 2190 Rotae.
1678 2122 1733 2192 et,

233 2261 364 2332 eorum
393 2236 553 2320 nomine,
584 2261 712 2310 coram
741 2235 907 2322 Decano,
937 2233 1081 2306 vocatis
1114 2258 1183 2329 per
1219 2233 1341 2329 ipsum
1379 2233 1529 2307 duobus
1566 2231 1734 2306 Notariis

236 2362 358 2434 Rotae
387 2376 428 2433 ut
454 2359 621 2458 disponit
650 2359 752 2457 Papa
780 2359 917 2433 Paulus
948 2357 992 2446 V,
1023 2359 1060 2432 in
1089 2356 1196 2432 Bulla
1227 2379 1270 2452 71
1305 2361 1322 2454 ξ
1358 2381 1401 2449 19
1432 2383 1467 2432 n.
1490 2382 1523 2446 2,
1544 2374 1583 2431 et
1609 2356 1733 2456 magis

235 2485 407 2581 specifice
434 2509 469 2559 n.
506 2509 589 2575 109.
621 2484 671 2557 Et
699 2483 785 2557 ideo
812 2485 849 2557 in
872 2481 1173 2579 expeditionibus
1194 2481 1456 2556 Notariatuum
1477 2482 1610 2568 Rotae,
1633 2505 1733 2576 quae

234 2611 328 2684 fiunt
354 2611 389 2683 in
419 2609 587 2694 Dataria‚
608 2611 810 2706 apponitur
829 2607 1010 2682 clausula:
1030 2607 1223 2680 dummodo
1234 2607 1365 2704 fueris
1381 2607 1531 2681 idoneus
1548 2617 1585 2680 et
1599 2605 1734 2679 habilis

233 2743 402 2833 repertus
422 2744 496 2831 per
522 2735 670 2810 Rotam.
710 2733 761 2806 Et
797 2733 962 2820 ulterius,
1003 2730 1183 2814 Notarius
1222 2731 1345 2805 Rotae
1381 2747 1584 2828 postquam
1621 2731 1734 2804 suerit

235 2857 468 2932 examinatus
497 2857 612 2932 debet
640 2871 835 2955 praestare
863 2855 1110 2932 iuramentum
1144 2857 1192 2930 de
1218 2855 1378 2930 fideliter
1404 2855 1616 2930 exercendo
1637 2853 1736 2928 offi-

235 2985 331 3056 cium
360 3009 468 3057 suum
497 3008 622 3058 coram
653 2981 808 3056 Decano
837 2982 972 3068 Rotae,
1001 2983 1104 3057 iuxta
1141 2985 1298 3057 formam
1336 2979 1547 3078 specialiter
1573 2981 1734 3078 disposi-

235 3126 312 3182 tam
340 3133 410 3205 pro
437 3111 655 3183 iuramentis
684 3107 925 3182 Notariorum
956 3107 1089 3183 Rotae.

315 3233 364 3306 Et
401 3233 452 3306 ita
485 3232 566 3306 fieri
602 3231 742 3306 debere
769 3232 807 3304 in
833 3233 1007 3330 ingressu
1037 3234 1202 3306 omnium
1232 3231 1471 3306 Notariorum
1502 3232 1625 3304 Rotae
1653 3247 1733 3304 tam

234 3359 361 3454 quoad
408 3381 579 3442 examen,
623 3381 736 3454 quam
783 3357 911 3454 quoad
952 3357 1200 3432 iuramentum
1242 3355 1331 3430 mihi
1371 3355 1533 3453 Iosepho
1568 3356 1734 3430 Molines

234 3485 272 3560 S.
306 3484 430 3558 Rotae
459 3482 571 3556 Dec.⁰
598 3483 752 3560 iniunxit
780 3468 882 3558 SS.¹¹¹
902 3483 950 3559 D.
972 3481 1019 3558 N.
1043 3482 1220 3557 Clemens
1240 3482 1305 3556 XI.
1326 3480 1387 3556 die
1405 3488 1461 3576 pf
1480 3481 1732 3575 Xbris1702.

235 3609 285 3683 Et
312 3609 416 3705 quod
444 3606 542 3680 idem
571 3610 820 3682 observarent
846 3607 905 3680 alii
936 3607 1080 3682 Decani
1108 3633 1178 3703 pro
1207 3623 1388 3703 tempore.
1411 3607 1461 3680 Et
1480 3605 1566 3705 Ego
1594 3607 1735 3704 loseph

234 3732 396 3808 Molines
426 3732 602 3805 Decanus
630 3731 700 3806 iam
730 3731 782 3806 ita
808 3732 1007 3816 observavi
1034 3748 1122 3806 ante
1154 3732 1226 3808 hoc
1253 3733 1472 3816 mandatum
1503 3730 1571 3806 SS.
1602 3731 1649 3806 D.
1683 3731 1732 3808 N.

234 3859 271 3932 in
298 3857 471 3933 omnibus
500 3858 666 3932 Notariis
696 3857 820 3931 Rotae
848 3882 934 3930 meo
962 3872 1136 3954 tempore
1164 3858 1397 3943 intrantibus,
1427 3872 1466 3930 et
1496 3857 1533 3930 ln
1567 3858 1736 3932 futurum

233 3983 446 4058 observabo
472 3983 603 4057 maiori
631 3981 822 4079 vigilantia
849 3982 987 4056 virtute
1015 3982 1174 4078 praelati
1201 3982 1342 4056 ordinis
1368 3981 1437 4076 SS.
1468 3981 1517 4058 D.
1548 3982 1594 4057 N.

941 4295 1031 4374 386.

235 4439 489 4514 Controversia
518 4440 718 4513 Auditores
747 4441 863 4514 Rotae
889 4441 1048 4513 inierat
1076 4440 1278 4514 Advocatos
1303 4439 1578 4515 conmortales
1604 4443 1739 4515 acrior

312 4565 527 4640 exardescit.

312 4719 427 4794 (Aren.
447 4719 533 4786 Ror..
558 4719 683 4778 «Liber
701 4719 734 4777 S.
754 4719 869 4792 Rotae,
887 4735 919 4776 n.
938 4717 1002 4789 2»,
1018 4727 1098 4793 pag.
1118 4718 1191 4780 223
1210 4724 1241 4780 et
1257 4723 1343 4793 sen).

668 5124 730 5140 .....
761 5065 891 5138 Lunae
921 5087 940 5158 5
974 5065 1152 5140 Octobris
1178 5087 1288 5159 1707.

312 5228 352 5301 ln
380 5227 587 5326 aperitione
615 5224 826 5302 Tribunalis
854 5225 1036 5322 equitavit
1064 5225 1163 5323 de.
1185 5225 1425 5302 Falconerius
1453 5253 1537 5302 cum
1565 5228 1731 5322 Omar‘ra,

232 5380 300 5429 nec
328 5354 543 5452 equitarunt
569 5353 673 5427 iuxta
699 5348 850 5427 solitum
878 5350 1063 5426 Advocati
1098 5351 1391 5428 Consistoriales
1426 5355 1516 5450 quia
1547 5380 1733 5452 expresse
