3720 5914
797 289 890 348 Sixto
908 289 964 350 IV
1570 291 1624 352 201

122 481 261 554 vestris
290 505 403 576 quarn
431 479 516 578 ipso
543 481 643 556 Iacto
670 481 869 555 incurrisse
897 498 937 556 et
964 481 1140 556 incidisse
1172 483 1347 556 volumus
1384 501 1422 556 et
1458 482 1626 558 declara-

121 629 218 692 mus,
256 604 425 680 districte
462 607 702 703 precipiendo
730 607 963 692 mandamus,
994 623 1182 702 quatenus
1218 631 1414 682 causarum
1451 609 1626 683 commis-

122 729 251 803 slones
280 728 506 804 Reverendo
533 731 632 828 patri
664 731 817 805 domino
854 730 1013 804 Matheo
1040 730 1089 806 de
1117 746 1228 829 porta
1262 731 1350 806 dicti
1379 729 1506 830 palatii
1543 757 1626 806 cau-

124 877 253 928 sarum
296 854 471 929 Auditori
513 857 549 929 in
591 856 673 929 eius
708 881 732 930 a
769 855 940 930 Romana
976 857 1078 930 curia
1120 858 1292 932 absentia
1327 857 1547 932 distributas
1588 875 1628 932 et

125 979 408 1055 distribuendas
443 1004 527 1053 cum
565 1007 610 1056 ea
647 1005 724 1077 qua
757 981 869 1056 decet
904 981 1116 1058 reverentia
1153 981 1341 1080 recipiatis
1381 1009 1425 1057 ac
1463 981 1629 1058 Notariis

124 1105 212 1179 dicti
240 1105 379 1180 domini
408 1105 552 1180 Mathei
580 1106 776 1180 Auditoris
804 1106 1035 1206 consignetis
1063 1122 1103 1182 et
1129 1105 1287 1203 quilibet
1312 1122 1481 1181 vestrum
1510 1109 1627 1182 consi·

125 1245 230 1328 gnet,
260 1254 471 1326 causasque
500 1229 604 1327 ipsas
631 1255 753 1328 usque
789 1230 839 1304 ad
875 1231 1046 1306 eiusdem
1082 1231 1223 1306 domini
1256 1230 1400 1306 Mathei
1429 1233 1629 1308 Auditoris

125 1356 338 1430 addictam
368 1356 577 1430 Romanam
605 1357 746 1432 curiam
783 1381 1000 1455 regressum
1037 1357 1202 1431 audiatis
1229 1373 1269 1430 et
1296 1357 1369 1432 fine
1397 1357 1526 1432 debito
1554 1375 1629 1433 ter-

125 1480 285 1566 minetis,
322 1495 365 1554 ut
400 1497 461 1555 est
494 1481 622 1556 moris.
651 1483 692 1554 In
727 1482 833 1556 cuius
870 1481 924 1556 rei
957 1482 1212 1556 testimonium
1249 1496 1447 1580 presentes
1484 1482 1629 1558 litteras

122 1605 260 1680 exinde
273 1605 353 1681 fieri
372 1607 568 1702 nostrique
586 1605 697 1706 sigilli
715 1608 890 1682 iussimus
910 1623 950 1682 et
963 1606 1119 1683 fecimus
1134 1607 1381 1704 impressione
1396 1609 1626 1684 communiri.

204 1731 348 1806 Datum
371 1746 412 1806 et
437 1745 563 1806 actum
593 1732 715 1806 Rome
742 1733 778 1806 in
806 1731 982 1806 domibus
1010 1749 1140 1806 nostre
1169 1729 1280 1806 solite
1316 1731 1529 1820 residentia,
1556 1735 1627 1808 sub

118 1879 220 1930 anno
234 1880 258 1929 a
273 1855 479 1931 Nativitate
494 1857 634 1931 domiui
652 1855 1623 1956 millesimoquadsingentesimoseptuagesimonono,

121 1981 248 2057 indict.
271 1981 353 2056 XII.
374 1981 435 2055 die
454 2006 546 2056 vero
565 1981 603 2056 X
618 1982 759 2056 mensis
778 1981 989 2058 decembris
1009 1979 1248 2078 pontificatus
1264 1981 1324 2056 Ss.
1342 1982 1392 2055 D.
1410 1981 1456 2059 N.
1474 1982 1628 2057 Domini

122 2105 217 2180 Sixti
245 2105 372 2180 divina
399 2106 637 2204 providentia
664 2131 764 2204 pape
792 2107 843 2179 IV
872 2130 971 2181 anno
1000 2132 1111 2182 nono.
1141 2107 1192 2183 Io.
1223 2107 1350 2204 Lopis.

837 2463 924 2542 121.

122 2623 238 2697 Anna
265 2623 365 2719 1480
390 2623 580 2698 audientia
606 2649 809 2698 caasaram
845 2625 979 2697 itteram
1015 2623 1157 2697 sedebat
1180 2624 1221 2697 in
1249 2624 1395 2724 palatio
1423 2623 1626 2724 apostolico,

204 2749 246 2821 in
272 2773 345 2844 quo
370 2748 458 2821 iara
484 2749 597 2822 reddi
620 2748 792 2823 solebant.

193 2901 311 2973 (Auen.
330 2898 419 2969 Rern,
445 2899 647 2960 ‹Manuatr'a
660 2926 686 2973 »,
706 2903 878 2970 manuale,
902 2919 935 2960 n.
954 2903 1008 2974 11).

1193 3043 1275 3115 1480,
1294 3042 1433 3103 octobris
1449 3042 1476 3116 2,
1494 3041 1627 3102 Romae.

746 3190 787 3263 In
815 3191 998 3266 omnibus.

211 3335 322 3425 1480,
353 3331 552 3408 indictione
580 3331 716 3420 XVIII,
747 3333 807 3407 die
836 3357 927 3408 vero
955 3331 1042 3406 lune
1074 3357 1092 3405 2
1122 3334 1262 3408 mensis
1290 3334 1466 3418 octobris,
1505 3333 1627 3409 Rome

121 3458 227 3554 apud
256 3472 426 3530 sanctum
455 3455 605 3532 Petrum
634 3458 670 3531 in
704 3457 845 3555 palatio
881 3456 1105 3554 apostolica,
1135 3458 1197 3532 ubi
1234 3457 1357 3532 solent
1391 3459 1498 3532 reddi
1533 3459 1625 3546 iura,

121 3581 220 3655 lecte
248 3581 398 3655 fuerunt
425 3581 729 3671 constitutiones;
758 3582 895 3680 quibus
924 3581 1040 3668 lectis,
1071 3583 1246 3658 dominus
1265 3584 1402 3658 sedens
1422 3608 1492 3681 pro
1511 3585 1627 3658 tribu-

124 3704 201 3780 nali
231 3767 238 3782 .
269 3765 277 3780 .
310 3765 318 3782 .
349 3730 482 3781 omnes
509 3707 755 3804 reassumpsit
783 3731 918 3781 causas
948 3769 955 3781 .
988 3765 996 3782 .
1028 3767 1035 3782 .

826 4061 913 4140 122.

119 4221 256 4296 Seras
283 4222 312 4294 J
314 4222 349 4296 V
370 4221 526 4295 mandat
550 4229 729 4318 quatenus
756 4223 855 4296 Rota
882 4221 1052 4298 kalendis
1087 4225 1286 4300 octobribus
1317 4226 1521 4324 aperiatur,
1558 4226 1629 4300 etsi

203 4347 303 4421 locas
328 4347 434 4446 apud
457 4345 495 4422 S.
526 4348 685 4421 Petram
704 4359 781 4446 pro
807 4348 875 4422 illa
903 4349 1059 4424 tenenda
1087 4351 1189 4438 derr't,
1219 4360 1254 4424 et
1278 4351 1400 4425 adbuc
1419 4351 1535 4450 pestis
1554 4362 1627 4451 per

206 4471 340 4546 Urbem
362 4481 571 4570 grassetur.

202 4627 318 4698 (Anca.
337 4625 424 4700 Ror,
446 4627 742 4702 «ordinatiorem»,
759 4633 845 4702 part.
864 4626 892 4701 I,
913 4645 947 4687 n.
967 4627 1041 4700 IX).

1051 4787 1129 4861 1481,
1147 4788 1341 4862 septembris
1358 4789 1402 4863 Q,
1421 4787 1622 4848 Bracchiani.

203 4949 417 5027 Revereudi
445 4954 586 5040 Patres,
615 4969 807 5048 tamquam
835 4950 972 5026 Iratres
992 4950 1196 5028 Carissimi.
1218 4995 1234 5008 -
1249 4953 1513 5030 Sanctissimus
1543 4955 1624 5029 Do-

119 5075 245 5150 minus
274 5075 415 5154 Noster
442 5078 605 5176 receptis
636 5078 770 5153 litteris
804 5077 1074 5152 Paternitatum
1102 5075 1324 5152 Vestrarum
1358 5081 1494 5177 quibus
1526 5079 1622 5155 San·

119 5199 291 5274 critatem
319 5199 434 5278 Suam
463 5201 720 5288 consulebant,
750 5225 797 5275 an
826 5201 1014 5275 audientia
1043 5201 1078 5276 in
1101 5200 1270 5276 kalendis
1290 5201 1531 5292 Octobribus,
1551 5229 1621 5301 pro

118 5323 278 5421 antiquo
305 5342 345 5402 et
370 5327 545 5404 laudabili
573 5352 688 5414 more,
719 5326 829 5423 incipi
856 5327 1023 5414 deberet,
1049 5323 1222 5423 perlegit,
1245 5325 1443 5402 Commisit
1468 5328 1559 5402 mihi
1581 5343 1624 5402 ut
