3708 5918
244 299 280 359 72
872 309 1008 368 Soeculo
1026 308 1114 369 XIV

324 491 416 588 §95³
445 495 549 580 Item,
572 496 773 572 statuimus
791 515 832 572 et
850 499 1076 582 ordinamus,
1103 499 1206 593 quod
1225 497 1392 572 Auditor
1419 499 1586 575 eiusdem
1616 499 1741 596 palatii

242 641 266 689 a
303 634 473 715 tempore
502 645 569 694 sue
606 621 833 718 receptionis
869 623 1067 717 antiquior,
1098 621 1270 717 primitus
1307 623 1456 719 incipiat
1490 624 1628 698 relerre
1667 625 1742 699 suis

242 741 541 830 coauditoribus;
571 760 610 818 et
637 771 784 833 causas,
806 771 903 842 quas
929 747 1045 832 audit,
1068 747 1100 822 si
1127 749 1177 820 ad
1196 747 1267 822 hoc
1295 764 1452 844 paratus
1480 749 1627 835 existat,
1648 750 1745 823 inter

241 889 309 940 eos
347 868 382 938 in
411 868 652 944 relationibus
681 887 808 967 ponat,
839 886 881 945 ut
914 889 974 946 est
1002 873 1126 947 moris.
1156 871 1295 968 Sicque
1324 896 1393 968 per
1420 897 1658 970 consequens
1684 873 1743 948 alii
1841 851 1842 856 Ἰ

241 989 277 1063 d.
299 991 426 1086 palatii
453 993 648 1070 auditores
676 997 888 1070 successive
917 995 1121 1070 secundum
1151 997 1313 1095 gradum
1337 997 1594 1094 receptionum
1612 1023 1743 1072 eorum

242 1117 438 1192 cuiuslibet
464 1119 631 1194 similiter
659 1120 840 1206 referant;
870 1137 909 1194 et
936 1145 1082 1208 causas,
1112 1147 1209 1218 quas
1236 1121 1402 1210 audiunt,
1434 1124 1469 1194 in
1501 1120 1742 1197 relationibus

241 1257 394 1338 ponant,
424 1243 455 1316 si
483 1242 531 1316 ad
551 1243 622 1319 hoc
640 1245 754 1320 etiam
774 1246 849 1320 sint
867 1247 999 1342 parati.
1021 1245 1071 1345 Et
1099 1245 1203 1341 quod
1230 1263 1434 1342 postquam
1463 1272 1538 1321 una
1566 1271 1679 1322 causa
1707 1249 1743 1322 in

240 1365 480 1442 relationibus
507 1368 719 1446 huiusmodi
745 1371 870 1466 posita
901 1370 1022 1458 luerit,
1065 1369 1138 1445 alia
1174 1386 1348 1467 ponatur,
1378 1397 1577 1469 quousque
1614 1388 1742 1470 partes

237 1492 483 1592 allegaverint
501 1519 576 1589 que
595 1493 779 1568 voluerint
805 1495 991 1593 allegare;
1021 1520 1095 1570 non
1124 1511 1249 1572 tamen
1279 1497 1486 1572 Auditores
1514 1496 1585 1593 ipsi
1612 1497 1742 1572 audire

239 1614 485 1716 allegationes
514 1619 722 1714 superfluas
749 1620 1082 1719 adstringantur*
1369 1633 1370 1638 ’
1549 1705 1553 1712 ,

320 1743 339 1838 5
373 1766 430 1818 10.
461 1743 563 1827 Item,
594 1744 699 1838 quod
728 1743 849 1818 nullus
868 1745 1093 1820 Auditorum
1113 1745 1230 1843 ipsius
1258 1744 1385 1842 palatii
1402 1744 1565 1840 aliquam
1585 1745 1743 1820 definiti·

239 1892 324 1942 vam
344 1868 580 1952 sententiam,
602 1893 843 1967 quecumque
861 1871 983 1956 luerit,
1005 1895 1071 1945 seu
1092 1870 1264 1967 quamvis
1293 1868 1609 1946 interlocutoriam
1629 1897 1744 1967 super

240 1991 540 2067 devolutionibus
582 2019 781 2068 causarum
826 1995 861 2069 in
903 2019 1059 2069 romana
1095 1997 1196 2069 curia
1241 1996 1532 2084 tractandarum,
1569 1995 1601 2070 si
1646 1995 1743 2073 inter

239 2131 368 2212 partes
399 2116 447 2191 de
475 2117 558 2213 ipsa
586 2118 827 2193 devolutione
855 2121 1111 2194 controversia
1138 2120 1258 2204 luerit,
1280 2120 1339 2194 vel
1368 2144 1484 2216 super
1514 2118 1741 2196 admissione

240 2242 300 2315 vel
327 2241 541 2339 repulsione
569 2242 812 2320 articulorum
838 2262 906 2320 aut
934 2270 1048 2343 super
1079 2246 1298 2321 remissione
1335 2270 1451 2342 super
1477 2244 1618 2320 eisdem
1651 2247 1741 2320 arti-

240 2351 418 2440 culis'aut
434 2366 516 2442 aliis
544 2368 829 2463 probationibus
847 2386 955 2445 extra
983 2369 1121 2444 curiam
1141 2370 1329 2457 faciendis,
1352 2370 1421 2444 nisi
1440 2372 1566 2446 lorsan
1585 2371 1634 2444 de
1652 2395 1740 2446 con-

239 2516 354 2566 sensu
383 2493 544 2588 partium
574 2491 706 2568 fierent
726 2495 896 2570 remissio
923 2494 984 2570 vel
1000 2494 1182 2570 admissio
1201 2495 1437 2592 supradicte;
1463 2519 1607 2571 necnon
1626 2519 1740 2592 super

238 2615 475 2690 restitutione
504 2643 569 2690 seu
601 2619 839 2693 revocatione
866 2633 1148 2706 attentatorum,
1179 2619 1257 2693 sive
1286 2619 1559 2704 innovatorum,
1590 2619 1653 2693 lite
1681 2619 1741 2694 vel

237 2739 490 2837 appellatione
517 2739 716 2838 pendente,
739 2743 816 2818 sive
836 2767 952 2840 super
969 2743 1283 2840 appellationibus
1304 2745 1354 2818 ab
1371 2741 1661 2832 interlocutoria,
1680 2743 1741 2818 vel

238 2888 262 2938 a
280 2841 496 2964 gravamine
516 2868 755 2964 interpositis,
778 2883 844 2942 aut
861 2869 973 2943 aliam
993 2893 1268 2964 quamcumque
1288 2869 1606 2944 interlocutoriam
1625 2895 1742 2966 super

238 3015 292 3076 re,
319 2992 368 3064 de
396 3015 472 3088 qua
498 2991 624 3090 agitur
641 3009 772 3068 contra
799 2993 957 3068 alteram
986 2994 1148 3090 partium
1167 2991 1278 3068 linem
1298 2993 1452 3092 negotio
1470 2994 1737 3090 imponentem,

238 3116 384 3210 absque
430 3115 609 3190 relatione
645 3116 793 3212 publica
828 3133 869 3192 et
904 3118 1057 3192 consilio
1094 3119 1352 3193 coauditorum
1390 3117 1567 3214 proferat.
1616 3116 1741 3218 Super

237 3239 317 3311 aliis
344 3263 434 3313 vero
462 3239 749 3314 interlocutoriis
766 3243 911 3337 absque
938 3241 1118 3317 relatione
1146 3242 1303 3338 publica,
1323 3267 1408 3317 cum
1437 3240 1590 3317 consilio
1613 3257 1740 3317 tamen

237 3362 422 3438 dictorum
451 3365 709 3438 coauditorum
737 3366 787 3440 ad
807 3389 936 3440 eorum
964 3367 1212 3463 prolationem
1233 3368 1354 3464 possit
1382 3368 1601 3462 procedere,
1624 3384 1740 3464 prout

236 3487 417 3564 hactenus
432 3489 554 3564 extitit
571 3489 609 3564 in
627 3490 767 3586 palatio
786 3488 1021 3566 laudabiliter
1035 3493 1290 3566 observatum.
1307 3490 1364 3548 -*
1377 3492 1482 3577 Item,
1499 3492 1604 3588 quod
1618 3491 1740 3566 Audi-

237 3629 298 3688 tor
324 3611 500 3699 reserens,
537 3612 637 3688 facta
654 3613 835 3690 relatione
864 3615 1142 3690 coauditoribus
1171 3618 1260 3704 suis,
1290 3616 1442 3692 consilia
1478 3613 1738 3691 coauditorum

236 3739 454 3812 eorumdem
488 3737 580 3812 inlra
615 3738 814 3814 duodecim
856 3739 1000 3814 dierum
1039 3739 1202 3837 spatium
1240 3740 1440 3840 diligenter
1468 3741 1657 3838 requirere
1684 3754 1735 3826 et,

235 3862 378 3936 eisdem
407 3862 568 3938 consiliis
604 3863 749 3950 habitis,
784 3864 904 3938 dictas
941 3889 1076 3940 causas
1113 3864 1216 3940 finire
1250 3880 1290 3938 et
1326 3865 1526 3940 terminare
1568 3864 1737 3940 celeriter

237 4001 420 4062 teneatur.

314 4113 333 4210 ς
375 4137 432 4188 11.
449 4111 470 4153 *
496 4113 602 4200 Item,
638 4114 740 4208 quod
769 4113 925 4210 quilibet
952 4117 1137 4190 dictorum
1163 4117 1392 4191 Auditorum
1421 4114 1587 4190 notarios
1605 4112 1739 4188 intelli·

234 4252 380 4335 gentes,
401 4235 531 4312 fideles
550 4253 591 4312 et
607 4237 789 4313 honestos
808 4239 956 4326 habeat,
979 4242 1030 4314 ita
1048 4240 1153 4338 quod
1170 4256 1336 4336 quatuor
1355 4242 1584 4316 notariorum
1612 4264 1739 4314 nume·

235 4385 317 4435 rum
345 4385 419 4435 non
447 4361 617 4436 excedat.
647 4358 723 4454 Qui
750 4363 904 4458 quidem
924 4364 1060 4438 notarii
1086 4387 1155 4461 per
1183 4389 1225 4440 se
1244 4380 1284 4439 et
1303 4390 1376 4441 non
1396 4389 1464 4462 per
1482 4362 1587 4450 alios,
1608 4388 1736 4439 coram

235 4485 483 4584 Auditoribus
512 4487 615 4583 ipsis,
645 4485 681 4559 in
708 4489 832 4562 causis
860 4489 1036 4564 scribant.
1059 4487 1139 4564 Nec
1158 4489 1246 4566 dicti
1265 4491 1472 4565 Auditores
1500 4490 1738 4564 committant

233 4609 452 4686 scribendas
478 4610 586 4687 alicui
613 4611 720 4686 alteri
749 4613 895 4687 notario
923 4637 1058 4688 causas
1085 4614 1306 4690 commissas
1329 4615 1493 4700 eisdem:
1515 4639 1583 4688 nec
1601 4611 1737 4711 aliquis

234 4735 418 4810 dictorum
437 4735 665 4810 Auditorum
692 4760 922 4833 quemquam
950 4739 985 4811 in
1015 4739 1198 4813 notarium
1229 4740 1393 4835 recipiat,
1414 4739 1477 4838 qui
1506 4739 1554 4814 sit
1581 4737 1737 4813 alterius

235 4859 402 4934 notarius
430 4860 637 4934 Auditoris.

312 4987 332 5081 ξ
375 4981 588 5072 12.*Item,
626 4986 730 5084 quod
762 4987 895 5084 prelati
923 4987 1129 5063 Auditores
1158 4986 1381 5086 provideant
1399 4986 1608 5086 diligenter,
1630 4989 1736 5085 quod

234 5109 322 5184 dicti
348 5109 483 5187 notarii
509 5135 623 5208 super
651 5111 818 5208 ipsorum
851 5111 1068 5208 receptione
1095 5111 1216 5188 salarii
1245 5136 1320 5187 non
1347 5110 1541 5197 excedant,
1578 5136 1646 5187 nec
1673 5112 1736 5187 ali·

232 5233 325 5331 quid
349 5235 449 5308 ultra
476 5235 665 5331 recipiant,
687 5234 756 5310 nisi
783 5249 898 5332 prout
915 5251 976 5310 est
991 5235 1233 5334 descriptum,
1256 5251 1425 5312 taxatum
1444 5251 1483 5310 et
1501 5237 1615 5312 etiam
1633 5237 1735 5312 ordi·

234 5375 375 5436 natum.
411 5358 516 5446 Item,
547 5357 651 5453 quod
687 5359 720 5434 si
753 5357 867 5459 aliqui
905 5361 979 5434 sint
1014 5359 1075 5434 vel
1102 5360 1248 5448 luerint,
1286 5361 1351 5458 qui
1384 5363 1434 5438 ob
1468 5374 1733 5458 paupertatem
