3686 5916
673 342 853 402 Benedicta
873 339 928 401 XI
932 339 961 400 V
1512 337 1568 397 545

67 545 185 619 lorum
215 539 314 614 Petri
340 559 380 614 et
397 539 512 613 ¹Pauli
539 536 588 612 ad
616 561 730 634 quam
758 537 860 610 iuxta
898 534 1217 610 Constitutionem
1256 533 1363 609 ssni
1403 533 1479 606 Dni
1517 532 1564 606 N.

68 669 248 742 interesse
285 665 427 738 debent
461 663 543 739 Sac.
580 664 690 738 Rom.
725 662 849 736 Rotae
883 661 1101 746 Auditores,
1133 658 1410 756 celebravitque
1445 659 1569 732 Rr'irus

70 791 106 866 P.
138 789 185 864 D.
218 788 376 863 Valdina
406 789 603 871 Bremona,
633 811 657 859 a
684 811 744 860 me
764 802 956 883 tamquam
976 784 1059 860 Sac.
1081 785 1205 859 Rotae
1225 783 1443 857 Camerario
1463 805 1567 880 prae-

68 915 245 990 cedenter
271 914 475 989 intimatus.

772 1159 863 1237 429.

71 1306 241 1404 Officium
271 1305 553 1380 Canaerariotus
579 1261 720 1379 baenbio
745 1303 909 1378 durabat
933 1312 969 1376 et
995 1313 1069 1401 per
1096 1311 1248 1376 turnum
1275 1301 1514 1375 exercebatur
1543 1343 1564 1356 -

146 1457 327 1530 quaenam
360 1431 642 1506 observarentur
677 1429 716 1503 in
751 1429 949 1544 traditione
985 1427 1098 1524 officii
1130 1429 1175 1501 ab
1211 1453 1284 1501 nno
1319 1427 1375 1500 od
1406 1427 1565 1500 alterum
1697 1447 1699 1458 ·

147 1557 377 1632 Auditorem.
406 1599 433 1611 -
461 1557 552 1629 Post
575 1556 779 1629 vocationes
797 1553 1006 1628 Nololiteos
1022 1553 1141 1648 fiebat
1157 1555 1256 1628 Rota
1275 1551 1565 1628 Memorialium.
1694 1585 1696 1588 ·

147 1713 262 1783 (Anca.
281 1711 369 1785 Ros,
392 1710 582 1770 «Diarium
602 1709 824 1782 eameram).

595 1893 710 1966 Anno
741 1891 893 1966 Domini
927 1913 1038 1986 1754.

146 2054 203 2128 5⁸²
226 2053 420 2128 Romanae
449 2052 572 2127 Rotae
602 2051 883 2126 Camerariatus
913 2051 1098 2139 Officium,
1120 2078 1198 2151 quo
1217 2051 1365 2128 iunctus
1384 2055 1452 2128 luit
1470 2077 1568 2128 anno

67 2178 252 2276 superiori
281 2179 327 2256 R.
358 2179 396 2256 P.
428 2179 476 2254 D.
507 2178 704 2253 Cornelius
734 2176 915 2274 Caprara,
953 2179 1042 2252 mihi
1080 2177 1263 2252 Caietano
1300 2177 1569 2276 Elephantutio

66 2303 237 2403 legitimo
264 2303 380 2378 veluti
407 2303 657 2379 successionis
684 2303 764 2376 iure
792 2304 960 2378 delatum
992 2303 1061 2379 suit
1097 2304 1133 2378 in
1165 2303 1330 2378 sutorum
1367 2305 1566 2380 biennium.

68 2427 327 2522 Quamobrem
356 2455 379 2503 a
406 2428 466 2503 die
485 2454 608 2526 usque
632 2453 679 2522 14
699 2427 815 2503 Xbris
835 2428 952 2527 elapsi
971 2431 1057 2503 anni
1075 2431 1237 2505 traditae
1256 2429 1408 2505 luerunt
1431 2429 1569 2504 Claves

68 2552 235 2628 Archivii
263 2553 421 2641 Rotalis,
452 2554 672 2641 lnventaria,
701 2568 743 2627 et
770 2554 951 2642 Diarium,
981 2571 1023 2628 ut
1051 2553 1100 2630 ibi
1134 2555 1171 2630 S.
1202 2555 1389 2630 Auditorii
1426 2554 1596 2630 resolu-·

68 2679 188 2753 tiones
218 2679 256 2752 in
284 2677 408 2754 causis
435 2679 557 2752 editas
585 2678 836 2754 describerem
856 2693 896 2752 et
914 2679 946 2753 si
965 2705 1063 2778 quac
1091 2681 1354 2778 contingerent
1376 2679 1414 2757 S.
1436 2681 1570 2755 Tribu-

69 2804 141 2878 nali
169 2803 394 2900 spectantia,
425 2819 599 2879 accurate
628 2805 818 2879 relerrem.

148 2926 248 3002 Rem
267 2929 381 3026 igitur
397 2927 629 3002 exordiendo
648 2953 671 3001 a
691 2925 1000 3028 Congregatione
1015 2929 1140 3004 Rotali
1159 2929 1287 3005 habita
1310 2931 1371 3006 die
1397 2953 1416 3025 7
1443 2933 1569 3007 ianua·

69 3051 110 3123 rii
138 3053 353 3148 praesentis
384 3053 482 3140 anni,
512 3051 762 3127 resolutiones
792 3053 839 3128 ibi
877 3053 1000 3128 editas
1030 3057 1132 3130 iuxta
1160 3055 1330 3130 ordinem
1358 3057 1571 3133 describere

71 3175 219 3274 incipio.

146 3301 251 3378 Rota
280 3301 553 3378 Memorialium
585 3327 604 3398 7
635 3304 793 3378 Ianuarii
827 3325 926 3400 1754
960 3323 1031 3383 etc.

780 3639 870 3720 430.

69 3779 170 3880 de.
203 3781 439 3855 Paracciano
467 3783 651 3858 Audetore
677 3783 781 3859 eleeto
807 3789 992 3862 servando
1010 3789 1051 3861 in
1069 3791 1246 3865 embola
1265 3792 1403 3867 nolente
1420 3821 1571 3870 servare

146 3905 267 3979 etad
288 3905 333 3979 ia'
355 3907 412 3979 oo'
435 3907 581 4006 Papam
608 3920 831 3997 recurrente,
861 3917 1021 4010 quaestio
1048 3917 1173 3990 oritur
1198 3926 1234 3991 et
1255 3919 1365 4019 Papa
1383 3921 1489 3996 banos
1506 3923 1574 3996 dat

148 4031 271 4104 Rotae
303 4029 454 4106 Decano
469 4031 689 4126 familiares
716 4037 895 4135 epistolas.

146 4185 269 4258 (Auen.
288 4185 375 4260 Rom,
399 4210 412 4237 ι
424 4186 589 4248 Dtars'um
609 4187 784 4252 Camerata
796 4195 834 4268 ι).

704 4375 809 4450 lunio
834 4397 945 4470 1754.

148 4527 336 4623 Quamvis
364 4532 464 4630 de.
494 4532 737 4612 Paraccianus
765 4539 933 4636 publicas
960 4540 1089 4618 theses
1110 4545 1145 4617 in
1175 4544 1405 4623 Cancellaria
1424 4551 1571 4650 Aplica

66 4653 240 4728 nondum
267 4655 471 4746 habuisset,
503 4681 571 4734 nec
598 4661 702 4735 locus
730 4681 934 4760 propterea
970 4665 1091 4743 sactus
1119 4687 1222 4745 esset
1249 4674 1388 4770 agendi
1415 4676 1463 4750 de
1496 4679 1573 4776 pri-

63 4795 155 4852 vata
184 4779 453 4876 disputatione,
484 4807 583 4878 quae
610 4800 652 4858 ut
679 4785 877 4883 plurimum
906 4789 1003 4866 intra
1041 4814 1083 4887 15
1119 4794 1200 4870 dics
1227 4823 1250 4871 a
1278 4797 1385 4873 dictis
1413 4801 1571 4897 publicis

64 4902 242 4978 thesibus
261 4904 391 4980 haberi
409 4909 613 4998 consuevit,
636 4937 718 4985 cum
740 4929 866 4988 tamen
893 4915 1076 5013 placuerit
1102 4918 1161 4995 Ss.
1180 4921 1228 4999 D.
1247 4921 1292 4999 N.
1315 4924 1450 5022 Papae,
1473 4927 1573 5002 datis

63 5051 86 5100 a
108 5027 254 5102 Castro
275 5029 491 5128 Gandulphi
518 5033 634 5109 literis
662 5035 712 5109 ad
741 5038 890 5124 Rotam,
911 5042 1103 5119 remittere
1122 5059 1161 5120 et
1179 5047 1313 5122 eximia
1341 5051 1572 5149 benignitate

64 5153 337 5227 commendare
365 5157 548 5250 quasdam
576 5161 746 5236 eiusdem
770 5162 867 5261 de.
899 5165 1108 5243 Paracciani
1136 5196 1269 5267 preces
1295 5173 1331 5247 in
1359 5176 1495 5274 quibus
1524 5177 1573 5252 de

62 5275 328 5352 contrahendo
356 5279 427 5354 hoc
461 5303 503 5377 15
535 5284 680 5359 dicrum
706 5291 865 5363 termino
893 5292 1011 5388 petita
1038 5293 1161 5369 luerat
1187 5295 1354 5388 facultas,
1384 5317 1573 5397 quatenus

66 5399 159 5477 DD.
182 5421 366 5479 consueta
394 5405 456 5481 die
482 5431 679 5484 causarum
708 5413 832 5489 studio
851 5415 923 5490 hoc
942 5441 1042 5494 anno
1069 5419 1230 5509 addicta,
1252 5424 1376 5499 eidem
1404 5425 1573 5524 privatae
