<?xml version="1.0" encoding="UTF-8"?>
<!DOCTYPE html PUBLIC "-//W3C//DTD XHTML 1.0 Transitional//EN"
    "http://www.w3.org/TR/xhtml1/DTD/xhtml1-transitional.dtd">
<html xmlns="http://www.w3.org/1999/xhtml" xml:lang="en" lang="en">
 <head>
  <title>
</title>
<meta http-equiv="Content-Type" content="text/html;charset=utf-8" />
  <meta name='ocr-system' content='tesseract 3.04.00' />
  <meta name='ocr-capabilities' content='ocr_page ocr_carea ocr_par ocr_line ocrx_word'/>
</head>
<body>
  <div class='ocr_page' id='page_1' title='image "./capellanipapaee00cercgoog_0317.png"; bbox 0 0 3748 5914; ppageno 0'>
   <div class='ocr_carea' id='block_1_1' title="bbox 737 305 1612 390">
    <p class='ocr_par' dir='ltr' id='par_1_1' title="bbox 737 305 1612 390">
     <span class='ocr_line' id='line_1_1' title="bbox 737 305 1612 390; baseline -0.006 0"><span class='ocrx_word' id='word_1_1' title='bbox 737 331 903 390; x_wconf 81' lang='lat' dir='ltr'><em>Clemente</em></span> <span class='ocrx_word' id='word_1_2' title='bbox 924 329 990 390; x_wconf 88' lang='lat' dir='ltr'>VII</span> <span class='ocrx_word' id='word_1_3' title='bbox 1464 305 1477 318; x_wconf 34' lang='grc' dir='ltr'>η</span> <span class='ocrx_word' id='word_1_4' title='bbox 1556 327 1612 386; x_wconf 84' lang='grc'>273</span> 
     </span>
    </p>
   </div>
   <div class='ocr_carea' id='block_1_2' title="bbox 103 519 1615 5483">
    <p class='ocr_par' dir='ltr' id='par_1_2' title="bbox 104 519 1612 993">
     <span class='ocr_line' id='line_1_2' title="bbox 105 519 1609 620; baseline -0.003 -25"><span class='ocrx_word' id='word_1_5' title='bbox 105 522 335 610; x_wconf 89' lang='lat' dir='ltr'>existerent;</span> <span class='ocrx_word' id='word_1_6' title='bbox 364 523 415 596; x_wconf 91' lang='lat' dir='ltr'>ita</span> <span class='ocrx_word' id='word_1_7' title='bbox 443 537 568 596; x_wconf 89' lang='lat' dir='ltr'>tamen</span> <span class='ocrx_word' id='word_1_8' title='bbox 595 523 700 619; x_wconf 91' lang='lat' dir='ltr'>quod</span> <span class='ocrx_word' id='word_1_9' title='bbox 729 523 934 596; x_wconf 91' lang='lat' dir='ltr'>Auditores</span> <span class='ocrx_word' id='word_1_10' title='bbox 962 524 1026 618; x_wconf 92' lang='lat' dir='ltr'>qui</span> <span class='ocrx_word' id='word_1_11' title='bbox 1054 547 1143 596; x_wconf 88' lang='lat' dir='ltr'>suas</span> <span class='ocrx_word' id='word_1_12' title='bbox 1170 521 1313 620; x_wconf 85' lang='lat' dir='ltr'>gratias</span> <span class='ocrx_word' id='word_1_13' title='bbox 1341 519 1609 618; x_wconf 86' lang='lat' dir='ltr'>expectativas,</span> 
     </span>
     <span class='ocr_line' id='line_1_3' title="bbox 104 645 1612 734; baseline -0.001 -14"><span class='ocrx_word' id='word_1_14' title='bbox 104 673 149 720; x_wconf 92' lang='lat' dir='ltr'>ac</span> <span class='ocrx_word' id='word_1_15' title='bbox 176 646 322 722; x_wconf 91' lang='lat' dir='ltr'>illarum</span> <span class='ocrx_word' id='word_1_16' title='bbox 350 646 593 721; x_wconf 86' lang='lat' dir='ltr'>extensiones</span> <span class='ocrx_word' id='word_1_17' title='bbox 621 663 660 722; x_wconf 91' lang='lat' dir='ltr'>et</span> <span class='ocrx_word' id='word_1_18' title='bbox 688 647 926 722; x_wconf 85' lang='lat' dir='ltr'>collationum</span> <span class='ocrx_word' id='word_1_19' title='bbox 955 649 1192 734; x_wconf 90' lang='lat' dir='ltr'>mutationes,</span> <span class='ocrx_word' id='word_1_20' title='bbox 1224 671 1289 720; x_wconf 94' lang='lat' dir='ltr'>seu</span> <span class='ocrx_word' id='word_1_21' title='bbox 1323 645 1612 720; x_wconf 88' lang='lat' dir='ltr'>revalidationes</span> 
     </span>
     <span class='ocr_line' id='line_1_4' title="bbox 104 769 1612 868; baseline 0 -26"><span class='ocrx_word' id='word_1_22' title='bbox 104 787 384 868; x_wconf 86' lang='lat' dir='ltr'>prosequentes</span> <span class='ocrx_word' id='word_1_23' title='bbox 412 771 548 867; x_wconf 85' lang='lat' dir='ltr'>prelati</span> <span class='ocrx_word' id='word_1_24' title='bbox 575 771 775 846; x_wconf 87' lang='lat' dir='ltr'>nominatis</span> <span class='ocrx_word' id='word_1_25' title='bbox 804 787 843 844; x_wconf 89' lang='lat' dir='ltr'>et</span> <span class='ocrx_word' id='word_1_26' title='bbox 869 769 1193 867; x_wconf 85' lang='lat' dir='ltr'>qualitercumque</span> <span class='ocrx_word' id='word_1_27' title='bbox 1221 769 1442 866; x_wconf 87' lang='lat' dir='ltr'>qualificatis</span> <span class='ocrx_word' id='word_1_28' title='bbox 1462 769 1612 842; x_wconf 91' lang='lat' dir='ltr'>omnino</span> 
     </span>
     <span class='ocr_line' id='line_1_5' title="bbox 105 895 800 993; baseline 0.006 -25"><span class='ocrx_word' id='word_1_29' title='bbox 105 895 346 993; x_wconf 80' lang='lat' dir='ltr'>preferantur</span> <span class='ocrx_word' id='word_1_30' title='bbox 371 911 411 970; x_wconf 89' lang='lat' dir='ltr'>et</span> <span class='ocrx_word' id='word_1_31' title='bbox 439 897 597 992; x_wconf 84' lang='lat' dir='ltr'>preferri</span> <span class='ocrx_word' id='word_1_32' title='bbox 625 897 800 972; x_wconf 90' lang='lat' dir='ltr'>debeant.</span> 
     </span>
    </p>

    <p class='ocr_par' dir='ltr' id='par_1_3' title="bbox 103 1018 1615 4982">
     <span class='ocr_line' id='line_1_6' title="bbox 189 1018 1611 1119; baseline -0.002 -25"><span class='ocrx_word' id='word_1_33' title='bbox 189 1018 382 1118; x_wconf 84' lang='lat' dir='ltr'>Quodque</span> <span class='ocrx_word' id='word_1_34' title='bbox 411 1021 547 1119; x_wconf 87' lang='lat' dir='ltr'>singuli</span> <span class='ocrx_word' id='word_1_35' title='bbox 567 1021 785 1104; x_wconf 91' lang='lat' dir='ltr'>Auditores,</span> <span class='ocrx_word' id='word_1_36' title='bbox 815 1037 855 1095; x_wconf 91' lang='lat' dir='ltr'>et</span> <span class='ocrx_word' id='word_1_37' title='bbox 892 1022 1170 1096; x_wconf 89' lang='lat' dir='ltr'>Locatenentes</span> <span class='ocrx_word' id='word_1_38' title='bbox 1198 1020 1331 1118; x_wconf 85' lang='lat' dir='ltr'>prelati</span> <span class='ocrx_word' id='word_1_39' title='bbox 1355 1043 1611 1116; x_wconf 91' lang='lat' dir='ltr'>quascumque</span> 
     </span>
     <span class='ocr_line' id='line_1_7' title="bbox 103 1143 1611 1243; baseline 0 -26"><span class='ocrx_word' id='word_1_40' title='bbox 103 1145 374 1240; x_wconf 89' lang='lat' dir='ltr'>provisionum,</span> <span class='ocrx_word' id='word_1_41' title='bbox 407 1145 725 1230; x_wconf 88' lang='lat' dir='ltr'>commendarum,</span> <span class='ocrx_word' id='word_1_42' title='bbox 755 1145 1091 1243; x_wconf 89' lang='lat' dir='ltr'>dispensationum,</span> <span class='ocrx_word' id='word_1_43' title='bbox 1112 1143 1289 1218; x_wconf 90' lang='lat' dir='ltr'>unionum</span> <span class='ocrx_word' id='word_1_44' title='bbox 1314 1146 1364 1218; x_wconf 89' lang='lat' dir='ltr'>ad</span> <span class='ocrx_word' id='word_1_45' title='bbox 1383 1144 1508 1230; x_wconf 91' lang='lat' dir='ltr'>vitam,</span> <span class='ocrx_word' id='word_1_46' title='bbox 1529 1167 1611 1239; x_wconf 91' lang='lat' dir='ltr'>pre·</span> 
     </span>
     <span class='ocr_line' id='line_1_8' title="bbox 104 1267 1610 1367; baseline -0.002 -25"><span class='ocrx_word' id='word_1_47' title='bbox 104 1269 318 1356; x_wconf 74' lang='lat' dir='ltr'>sectionum,</span> <span class='ocrx_word' id='word_1_48' title='bbox 350 1269 648 1344; x_wconf 91' lang='lat' dir='ltr'>reservationum</span> <span class='ocrx_word' id='word_1_49' title='bbox 677 1268 874 1356; x_wconf 80' lang='lat' dir='ltr'>fructuum,</span> <span class='ocrx_word' id='word_1_50' title='bbox 905 1271 1128 1367; x_wconf 88' lang='lat' dir='ltr'>pensionum</span> <span class='ocrx_word' id='word_1_51' title='bbox 1164 1285 1203 1342; x_wconf 91' lang='lat' dir='ltr'>et</span> <span class='ocrx_word' id='word_1_52' title='bbox 1238 1267 1396 1342; x_wconf 92' lang='lat' dir='ltr'>aliorum</span> <span class='ocrx_word' id='word_1_53' title='bbox 1432 1291 1610 1364; x_wconf 90' lang='lat' dir='ltr'>quorum·</span> 
     </span>
     <span class='ocr_line' id='line_1_9' title="bbox 105 1390 1610 1492; baseline -0.001 -26"><span class='ocrx_word' id='word_1_54' title='bbox 105 1416 281 1488; x_wconf 89' lang='lat' dir='ltr'>cumque,</span> <span class='ocrx_word' id='word_1_55' title='bbox 320 1417 365 1466; x_wconf 94' lang='lat' dir='ltr'>ac</span> <span class='ocrx_word' id='word_1_56' title='bbox 402 1390 630 1481; x_wconf 78' lang='lat' dir='ltr'>facultatum,</span> <span class='ocrx_word' id='word_1_57' title='bbox 661 1394 936 1480; x_wconf 91' lang='lat' dir='ltr'>mandatorum,</span> <span class='ocrx_word' id='word_1_58' title='bbox 967 1393 1184 1492; x_wconf 90' lang='lat' dir='ltr'>gratiarum,</span> <span class='ocrx_word' id='word_1_59' title='bbox 1225 1410 1265 1468; x_wconf 90' lang='lat' dir='ltr'>et</span> <span class='ocrx_word' id='word_1_60' title='bbox 1302 1392 1532 1467; x_wconf 87' lang='lat' dir='ltr'>indultorum</span> <span class='ocrx_word' id='word_1_61' title='bbox 1566 1415 1610 1465; x_wconf 94' lang='lat' dir='ltr'>ac</span> 
     </span>
     <span class='ocr_line' id='line_1_10' title="bbox 105 1516 1611 1616; baseline -0.001 -26"><span class='ocrx_word' id='word_1_62' title='bbox 105 1516 202 1592; x_wconf 89' lang='lat' dir='ltr'>alias</span> <span class='ocrx_word' id='word_1_63' title='bbox 229 1517 373 1592; x_wconf 90' lang='lat' dir='ltr'>litteras</span> <span class='ocrx_word' id='word_1_64' title='bbox 401 1519 574 1616; x_wconf 87' lang='lat' dir='ltr'>gratiam,</span> <span class='ocrx_word' id='word_1_65' title='bbox 604 1517 663 1592; x_wconf 92' lang='lat' dir='ltr'>vel</span> <span class='ocrx_word' id='word_1_66' title='bbox 691 1518 880 1606; x_wconf 86' lang='lat' dir='ltr'>iustitiam,</span> <span class='ocrx_word' id='word_1_67' title='bbox 912 1543 978 1591; x_wconf 88' lang='lat' dir='ltr'>seu</span> <span class='ocrx_word' id='word_1_68' title='bbox 1007 1517 1150 1592; x_wconf 91' lang='lat' dir='ltr'>mixtim</span> <span class='ocrx_word' id='word_1_69' title='bbox 1179 1532 1448 1592; x_wconf 85' lang='lat' dir='ltr'>concernentes</span> <span class='ocrx_word' id='word_1_70' title='bbox 1475 1541 1498 1588; x_wconf 90' lang='lat' dir='ltr'>a</span> <span class='ocrx_word' id='word_1_71' title='bbox 1520 1516 1611 1590; x_wconf 91' lang='lat' dir='ltr'>sede</span> 
     </span>
     <span class='ocr_line' id='line_1_11' title="bbox 108 1642 1610 1742; baseline 0 -27"><span class='ocrx_word' id='word_1_72' title='bbox 108 1642 291 1736; x_wconf 90' lang='lat' dir='ltr'>predicta,</span> <span class='ocrx_word' id='word_1_73' title='bbox 321 1643 433 1718; x_wconf 89' lang='lat' dir='ltr'>etiam</span> <span class='ocrx_word' id='word_1_74' title='bbox 463 1644 607 1717; x_wconf 90' lang='lat' dir='ltr'>ratione</span> <span class='ocrx_word' id='word_1_75' title='bbox 636 1666 959 1739; x_wconf 89' lang='lat' dir='ltr'>quarumcumque</span> <span class='ocrx_word' id='word_1_76' title='bbox 992 1644 1226 1742; x_wconf 83' lang='lat' dir='ltr'>dignitatum,</span> <span class='ocrx_word' id='word_1_77' title='bbox 1257 1643 1370 1718; x_wconf 90' lang='lat' dir='ltr'>etiam</span> <span class='ocrx_word' id='word_1_78' title='bbox 1408 1642 1610 1738; x_wconf 88' lang='lat' dir='ltr'>Episcopa-</span> 
     </span>
     <span class='ocr_line' id='line_1_12' title="bbox 105 1766 1609 1866; baseline -0.001 -26"><span class='ocrx_word' id='word_1_79' title='bbox 105 1766 207 1855; x_wconf 91' lang='lat' dir='ltr'>lium,</span> <span class='ocrx_word' id='word_1_80' title='bbox 237 1767 634 1866; x_wconf 84' lang='lat' dir='ltr'>Archiepiscopalium‚</span> <span class='ocrx_word' id='word_1_81' title='bbox 662 1785 702 1844; x_wconf 93' lang='lat' dir='ltr'>et</span> <span class='ocrx_word' id='word_1_82' title='bbox 730 1768 1057 1854; x_wconf 88' lang='lat' dir='ltr'>Monasteriorum,</span> <span class='ocrx_word' id='word_1_83' title='bbox 1087 1767 1321 1865; x_wconf 91' lang='lat' dir='ltr'>aliorumque</span> <span class='ocrx_word' id='word_1_84' title='bbox 1348 1767 1609 1842; x_wconf 90' lang='lat' dir='ltr'>beneficiorum</span> 
     </span>
     <span class='ocr_line' id='line_1_13' title="bbox 109 1890 1611 1990; baseline 0 -26"><span class='ocrx_word' id='word_1_85' title='bbox 109 1890 458 1966; x_wconf 89' lang='lat' dir='ltr'>Ecclesiasticorum</span> <span class='ocrx_word' id='word_1_86' title='bbox 488 1916 812 1989; x_wconf 90' lang='lat' dir='ltr'>quorumcumque</span> <span class='ocrx_word' id='word_1_87' title='bbox 848 1917 917 1990; x_wconf 87' lang='lat' dir='ltr'>pro</span> <span class='ocrx_word' id='word_1_88' title='bbox 951 1909 1122 1989; x_wconf 90' lang='lat' dir='ltr'>tempore</span> <span class='ocrx_word' id='word_1_89' title='bbox 1160 1917 1229 1989; x_wconf 91' lang='lat' dir='ltr'>per</span> <span class='ocrx_word' id='word_1_90' title='bbox 1263 1916 1331 1966; x_wconf 91' lang='lat' dir='ltr'>eos</span> <span class='ocrx_word' id='word_1_91' title='bbox 1367 1917 1391 1966; x_wconf 90' lang='lat' dir='ltr'>a</span> <span class='ocrx_word' id='word_1_92' title='bbox 1428 1892 1535 1966; x_wconf 92' lang='lat' dir='ltr'>nobis</span> <span class='ocrx_word' id='word_1_93' title='bbox 1571 1905 1611 1964; x_wconf 91' lang='lat' dir='ltr'>et</span> 
     </span>
     <span class='ocr_line' id='line_1_14' title="bbox 108 2015 1608 2114; baseline -0.002 -24"><span class='ocrx_word' id='word_1_94' title='bbox 108 2017 390 2091; x_wconf 89' lang='lat' dir='ltr'>successoribus</span> <span class='ocrx_word' id='word_1_95' title='bbox 418 2019 558 2092; x_wconf 90' lang='lat' dir='ltr'>nostris</span> <span class='ocrx_word' id='word_1_96' title='bbox 587 2017 768 2093; x_wconf 91' lang='lat' dir='ltr'>Romanis</span> <span class='ocrx_word' id='word_1_97' title='bbox 796 2016 1035 2093; x_wconf 90' lang='lat' dir='ltr'>Pontificibus</span> <span class='ocrx_word' id='word_1_98' title='bbox 1063 2041 1132 2114; x_wconf 92' lang='lat' dir='ltr'>pro</span> <span class='ocrx_word' id='word_1_99' title='bbox 1161 2033 1331 2114; x_wconf 89' lang='lat' dir='ltr'>tempore</span> <span class='ocrx_word' id='word_1_100' title='bbox 1350 2015 1608 2101; x_wconf 87' lang='lat' dir='ltr'>existentibus,</span> 
     </span>
     <span class='ocr_line' id='line_1_15' title="bbox 106 2141 1608 2238; baseline 0 -24"><span class='ocrx_word' id='word_1_101' title='bbox 106 2166 150 2214; x_wconf 90' lang='lat' dir='ltr'>ac</span> <span class='ocrx_word' id='word_1_102' title='bbox 187 2141 280 2214; x_wconf 90' lang='lat' dir='ltr'>sede</span> <span class='ocrx_word' id='word_1_103' title='bbox 317 2141 486 2238; x_wconf 91' lang='lat' dir='ltr'>predicta</span> <span class='ocrx_word' id='word_1_104' title='bbox 522 2142 846 2237; x_wconf 87' lang='lat' dir='ltr'>qualitercumque</span> <span class='ocrx_word' id='word_1_105' title='bbox 882 2142 1147 2238; x_wconf 80' lang='lat' dir='ltr'>impetrandas,</span> <span class='ocrx_word' id='word_1_106' title='bbox 1178 2167 1222 2216; x_wconf 93' lang='lat' dir='ltr'>ac</span> <span class='ocrx_word' id='word_1_107' title='bbox 1263 2141 1332 2216; x_wconf 92' lang='lat' dir='ltr'>sibi</span> <span class='ocrx_word' id='word_1_108' title='bbox 1359 2141 1473 2214; x_wconf 91' lang='lat' dir='ltr'>etiam</span> <span class='ocrx_word' id='word_1_109' title='bbox 1505 2155 1608 2214; x_wconf 93' lang='lat' dir='ltr'>motu</span> 
     </span>
     <span class='ocr_line' id='line_1_16' title="bbox 109 2263 1609 2363; baseline -0.001 -24"><span class='ocrx_word' id='word_1_110' title='bbox 109 2263 227 2351; x_wconf 91' lang='lat' dir='ltr'>simili,</span> <span class='ocrx_word' id='word_1_111' title='bbox 258 2280 371 2340; x_wconf 90' lang='lat' dir='ltr'>etex</span> <span class='ocrx_word' id='word_1_112' title='bbox 399 2281 502 2340; x_wconf 90' lang='lat' dir='ltr'>certa</span> <span class='ocrx_word' id='word_1_113' title='bbox 529 2265 684 2341; x_wconf 88' lang='lat' dir='ltr'>scientia</span> <span class='ocrx_word' id='word_1_114' title='bbox 711 2267 983 2354; x_wconf 88' lang='lat' dir='ltr'>concedendas,</span> <span class='ocrx_word' id='word_1_115' title='bbox 1012 2282 1053 2340; x_wconf 91' lang='lat' dir='ltr'>et</span> <span class='ocrx_word' id='word_1_116' title='bbox 1080 2267 1128 2340; x_wconf 89' lang='lat' dir='ltr'>de</span> <span class='ocrx_word' id='word_1_117' title='bbox 1155 2268 1328 2363; x_wconf 88' lang='lat' dir='ltr'>personis</span> <span class='ocrx_word' id='word_1_118' title='bbox 1347 2290 1478 2340; x_wconf 90' lang='lat' dir='ltr'>eorum</span> <span class='ocrx_word' id='word_1_119' title='bbox 1497 2264 1609 2338; x_wconf 89' lang='lat' dir='ltr'>etiam</span> 
     </span>
     <span class='ocr_line' id='line_1_17' title="bbox 113 2387 1612 2477; baseline -0.001 -15"><span class='ocrx_word' id='word_1_120' title='bbox 113 2390 421 2465; x_wconf 88' lang='lat' dir='ltr'>consistorialiter</span> <span class='ocrx_word' id='word_1_121' title='bbox 447 2390 636 2465; x_wconf 86' lang='lat' dir='ltr'>iaciendas</span> <span class='ocrx_word' id='word_1_122' title='bbox 663 2391 701 2466; x_wconf 90' lang='lat' dir='ltr'>in</span> <span class='ocrx_word' id='word_1_123' title='bbox 728 2390 947 2466; x_wconf 90' lang='lat' dir='ltr'>dilectorum</span> <span class='ocrx_word' id='word_1_124' title='bbox 975 2391 1134 2466; x_wconf 88' lang='lat' dir='ltr'>filiorum</span> <span class='ocrx_word' id='word_1_125' title='bbox 1164 2391 1492 2477; x_wconf 87' lang='lat' dir='ltr'>Abbreviatorum,</span> <span class='ocrx_word' id='word_1_126' title='bbox 1514 2387 1612 2462; x_wconf 91' lang='lat' dir='ltr'>Scri-</span> 
     </span>
     <span class='ocr_line' id='line_1_18' title="bbox 107 2512 1609 2614; baseline -0.001 -26"><span class='ocrx_word' id='word_1_127' title='bbox 107 2532 259 2609; x_wconf 92' lang='lat' dir='ltr'>ptorum</span> <span class='ocrx_word' id='word_1_128' title='bbox 287 2515 472 2590; x_wconf 90' lang='lat' dir='ltr'>bullarum</span> <span class='ocrx_word' id='word_1_129' title='bbox 499 2540 544 2591; x_wconf 92' lang='lat' dir='ltr'>ac</span> <span class='ocrx_word' id='word_1_130' title='bbox 568 2516 727 2614; x_wconf 83' lang='lat' dir='ltr'>registri,</span> <span class='ocrx_word' id='word_1_131' title='bbox 758 2540 929 2591; x_wconf 91' lang='lat' dir='ltr'>necnon</span> <span class='ocrx_word' id='word_1_132' title='bbox 957 2518 1022 2613; x_wconf 91' lang='lat' dir='ltr'>qui</span> <span class='ocrx_word' id='word_1_133' title='bbox 1058 2532 1098 2591; x_wconf 91' lang='lat' dir='ltr'>et</span> <span class='ocrx_word' id='word_1_134' title='bbox 1134 2515 1182 2590; x_wconf 91' lang='lat' dir='ltr'>de</span> <span class='ocrx_word' id='word_1_135' title='bbox 1220 2516 1357 2590; x_wconf 91' lang='lat' dir='ltr'>nostris</span> <span class='ocrx_word' id='word_1_136' title='bbox 1393 2512 1609 2612; x_wconf 90' lang='lat' dir='ltr'>apostolicis</span> 
     </span>
     <span class='ocr_line' id='line_1_19' title="bbox 107 2639 1611 2737; baseline 0 -26"><span class='ocrx_word' id='word_1_137' title='bbox 107 2639 240 2736; x_wconf 89' lang='lat' dir='ltr'>gratiis</span> <span class='ocrx_word' id='word_1_138' title='bbox 267 2639 513 2736; x_wconf 89' lang='lat' dir='ltr'>expectativis</span> <span class='ocrx_word' id='word_1_139' title='bbox 541 2655 667 2715; x_wconf 87' lang='lat' dir='ltr'>taxam</span> <span class='ocrx_word' id='word_1_140' title='bbox 697 2642 889 2737; x_wconf 88' lang='lat' dir='ltr'>recipiunt,</span> <span class='ocrx_word' id='word_1_141' title='bbox 920 2640 1202 2715; x_wconf 88' lang='lat' dir='ltr'>sollicitatorum</span> <span class='ocrx_word' id='word_1_142' title='bbox 1230 2640 1437 2714; x_wconf 90' lang='lat' dir='ltr'>litterarum</span> <span class='ocrx_word' id='word_1_143' title='bbox 1455 2654 1611 2736; x_wconf 90' lang='lat' dir='ltr'>aposto-</span> 
     </span>
     <span class='ocr_line' id='line_1_20' title="bbox 105 2763 1608 2864; baseline -0.001 -28"><span class='ocrx_word' id='word_1_144' title='bbox 105 2763 270 2852; x_wconf 90' lang='lat' dir='ltr'>licarum,</span> <span class='ocrx_word' id='word_1_145' title='bbox 307 2789 377 2840; x_wconf 90' lang='lat' dir='ltr'>nec</span> <span class='ocrx_word' id='word_1_146' title='bbox 411 2788 485 2840; x_wconf 93' lang='lat' dir='ltr'>non</span> <span class='ocrx_word' id='word_1_147' title='bbox 523 2767 809 2840; x_wconf 86' lang='lat' dir='ltr'>secretariorum</span> <span class='ocrx_word' id='word_1_148' title='bbox 846 2781 885 2839; x_wconf 90' lang='lat' dir='ltr'>et</span> <span class='ocrx_word' id='word_1_149' title='bbox 921 2782 1207 2864; x_wconf 89' lang='lat' dir='ltr'>procuratorum</span> <span class='ocrx_word' id='word_1_150' title='bbox 1242 2765 1443 2839; x_wconf 90' lang='lat' dir='ltr'>Audientie</span> <span class='ocrx_word' id='word_1_151' title='bbox 1480 2779 1608 2837; x_wconf 91' lang='lat' dir='ltr'>nostre</span> 
     </span>
     <span class='ocr_line' id='line_1_21' title="bbox 105 2887 1609 2989; baseline -0.002 -24"><span class='ocrx_word' id='word_1_152' title='bbox 105 2892 314 2965; x_wconf 88' lang='lat' dir='ltr'>litterarum</span> <span class='ocrx_word' id='word_1_153' title='bbox 342 2889 669 2978; x_wconf 89' lang='lat' dir='ltr'>contradictarum,</span> <span class='ocrx_word' id='word_1_154' title='bbox 699 2917 743 2966; x_wconf 92' lang='lat' dir='ltr'>ac</span> <span class='ocrx_word' id='word_1_155' title='bbox 771 2891 851 2966; x_wconf 88' lang='lat' dir='ltr'>aliis</span> <span class='ocrx_word' id='word_1_156' title='bbox 878 2891 1073 2989; x_wconf 88' lang='lat' dir='ltr'>quibusvis</span> <span class='ocrx_word' id='word_1_157' title='bbox 1092 2891 1190 2966; x_wconf 91' lang='lat' dir='ltr'>dicte</span> <span class='ocrx_word' id='word_1_158' title='bbox 1212 2889 1325 2965; x_wconf 87' lang='lat' dir='ltr'>Curie</span> <span class='ocrx_word' id='word_1_159' title='bbox 1342 2889 1472 2964; x_wconf 89' lang='lat' dir='ltr'>officiis</span> <span class='ocrx_word' id='word_1_160' title='bbox 1490 2887 1609 2987; x_wconf 88' lang='lat' dir='ltr'>gratis</span> 
     </span>
     <span class='ocr_line' id='line_1_22' title="bbox 106 3015 1610 3115; baseline -0.002 -26"><span class='ocrx_word' id='word_1_161' title='bbox 106 3041 190 3089; x_wconf 92' lang='lat' dir='ltr'>curn</span> <span class='ocrx_word' id='word_1_162' title='bbox 220 3015 494 3111; x_wconf 90' lang='lat' dir='ltr'>subscriptione</span> <span class='ocrx_word' id='word_1_163' title='bbox 522 3015 693 3091; x_wconf 90' lang='lat' dir='ltr'>videlicet</span> <span class='ocrx_word' id='word_1_164' title='bbox 722 3015 867 3115; x_wconf 84' lang='lat' dir='ltr'>(Gratis</span> <span class='ocrx_word' id='word_1_165' title='bbox 894 3041 965 3113; x_wconf 91' lang='lat' dir='ltr'>pro</span> <span class='ocrx_word' id='word_1_166' title='bbox 993 3016 1180 3090; x_wconf 86' lang='lat' dir='ltr'>Auditore</span> <span class='ocrx_word' id='word_1_167' title='bbox 1216 3041 1282 3090; x_wconf 87' lang='lat' dir='ltr'>seu</span> <span class='ocrx_word' id='word_1_168' title='bbox 1313 3016 1610 3089; x_wconf 90' lang='lat' dir='ltr'>Locumtenente</span> 
     </span>
     <span class='ocr_line' id='line_1_23' title="bbox 109 3138 1609 3236; baseline -0.002 -22"><span class='ocrx_word' id='word_1_169' title='bbox 109 3141 224 3236; x_wconf 79' lang='lat' dir='ltr'>Rote)</span> <span class='ocrx_word' id='word_1_170' title='bbox 252 3163 321 3236; x_wconf 89' lang='lat' dir='ltr'>per</span> <span class='ocrx_word' id='word_1_171' title='bbox 348 3139 701 3216; x_wconf 89' lang='lat' dir='ltr'>Rescribendarium</span> <span class='ocrx_word' id='word_1_172' title='bbox 731 3141 938 3216; x_wconf 90' lang='lat' dir='ltr'>litterarum</span> <span class='ocrx_word' id='word_1_173' title='bbox 970 3143 1187 3215; x_wconf 89' lang='lat' dir='ltr'>earumdem</span> <span class='ocrx_word' id='word_1_174' title='bbox 1225 3141 1394 3216; x_wconf 83' lang='lat' dir='ltr'>iacienda</span> <span class='ocrx_word' id='word_1_175' title='bbox 1430 3138 1609 3236; x_wconf 90' lang='lat' dir='ltr'>expedire</span> 
     </span>
     <span class='ocr_line' id='line_1_24' title="bbox 106 3262 1608 3363; baseline -0.001 -24"><span class='ocrx_word' id='word_1_176' title='bbox 106 3265 265 3361; x_wconf 88' lang='lat' dir='ltr'>possint,</span> <span class='ocrx_word' id='word_1_177' title='bbox 286 3279 326 3338; x_wconf 92' lang='lat' dir='ltr'>et</span> <span class='ocrx_word' id='word_1_178' title='bbox 344 3262 518 3351; x_wconf 89' lang='lat' dir='ltr'>debeant,</span> <span class='ocrx_word' id='word_1_179' title='bbox 539 3265 639 3340; x_wconf 91' lang='lat' dir='ltr'>dicta</span> <span class='ocrx_word' id='word_1_180' title='bbox 657 3266 881 3341; x_wconf 90' lang='lat' dir='ltr'>auctoritate</span> <span class='ocrx_word' id='word_1_181' title='bbox 899 3264 1118 3363; x_wconf 89' lang='lat' dir='ltr'>apostolica,</span> <span class='ocrx_word' id='word_1_182' title='bbox 1139 3263 1357 3340; x_wconf 91' lang='lat' dir='ltr'>earumdem</span> <span class='ocrx_word' id='word_1_183' title='bbox 1376 3280 1508 3337; x_wconf 90' lang='lat' dir='ltr'>tenore</span> <span class='ocrx_word' id='word_1_184' title='bbox 1528 3287 1608 3360; x_wconf 88' lang='lat' dir='ltr'>pre-</span> 
     </span>
     <span class='ocr_line' id='line_1_25' title="bbox 106 3388 1610 3488; baseline -0.001 -26"><span class='ocrx_word' id='word_1_185' title='bbox 106 3389 279 3475; x_wconf 90' lang='lat' dir='ltr'>sentium,</span> <span class='ocrx_word' id='word_1_186' title='bbox 299 3389 407 3463; x_wconf 90' lang='lat' dir='ltr'>Motu</span> <span class='ocrx_word' id='word_1_187' title='bbox 426 3388 544 3474; x_wconf 91' lang='lat' dir='ltr'>simili,</span> <span class='ocrx_word' id='word_1_188' title='bbox 566 3389 708 3486; x_wconf 87' lang='lat' dir='ltr'>pariter</span> <span class='ocrx_word' id='word_1_189' title='bbox 725 3389 973 3488; x_wconf 80' lang='lat' dir='ltr'>indulgemus.</span> <span class='ocrx_word' id='word_1_190' title='bbox 993 3390 1220 3464; x_wconf 89' lang='lat' dir='ltr'>Mandantes</span> <span class='ocrx_word' id='word_1_191' title='bbox 1240 3414 1347 3474; x_wconf 91' lang='lat' dir='ltr'>nunc,</span> <span class='ocrx_word' id='word_1_192' title='bbox 1367 3405 1407 3463; x_wconf 91' lang='lat' dir='ltr'>et</span> <span class='ocrx_word' id='word_1_193' title='bbox 1425 3413 1495 3486; x_wconf 90' lang='lat' dir='ltr'>pro</span> <span class='ocrx_word' id='word_1_194' title='bbox 1514 3403 1610 3461; x_wconf 87' lang='lat' dir='ltr'>tem-</span> 
     </span>
     <span class='ocr_line' id='line_1_26' title="bbox 105 3511 1609 3613; baseline -0.001 -25"><span class='ocrx_word' id='word_1_195' title='bbox 105 3536 201 3610; x_wconf 90' lang='lat' dir='ltr'>pore</span> <span class='ocrx_word' id='word_1_196' title='bbox 246 3512 495 3588; x_wconf 86' lang='lat' dir='ltr'>existentibus</span> <span class='ocrx_word' id='word_1_197' title='bbox 540 3513 748 3589; x_wconf 90' lang='lat' dir='ltr'>litterarum</span> <span class='ocrx_word' id='word_1_198' title='bbox 796 3515 1049 3613; x_wconf 90' lang='lat' dir='ltr'>predictarum</span> <span class='ocrx_word' id='word_1_199' title='bbox 1091 3513 1416 3600; x_wconf 90' lang='lat' dir='ltr'>Rescribendario,</span> <span class='ocrx_word' id='word_1_200' title='bbox 1454 3528 1494 3588; x_wconf 91' lang='lat' dir='ltr'>et</span> <span class='ocrx_word' id='word_1_201' title='bbox 1528 3511 1609 3586; x_wconf 90' lang='lat' dir='ltr'>aliis</span> 
     </span>
     <span class='ocr_line' id='line_1_27' title="bbox 105 3635 1610 3734; baseline -0.001 -23"><span class='ocrx_word' id='word_1_202' title='bbox 105 3637 370 3734; x_wconf 88' lang='lat' dir='ltr'>Scriptoribus,</span> <span class='ocrx_word' id='word_1_203' title='bbox 416 3653 456 3711; x_wconf 89' lang='lat' dir='ltr'>et</span> <span class='ocrx_word' id='word_1_204' title='bbox 497 3638 844 3726; x_wconf 88' lang='lat' dir='ltr'>Abbreviatoribus,</span> <span class='ocrx_word' id='word_1_205' title='bbox 892 3637 1214 3725; x_wconf 88' lang='lat' dir='ltr'>Sollicitatoribus‚</span> <span class='ocrx_word' id='word_1_206' title='bbox 1250 3637 1478 3723; x_wconf 88' lang='lat' dir='ltr'>Secretariis,</span> <span class='ocrx_word' id='word_1_207' title='bbox 1512 3635 1610 3710; x_wconf 90' lang='lat' dir='ltr'>dicte</span> 
     </span>
     <span class='ocr_line' id='line_1_28' title="bbox 113 3761 1611 3860; baseline -0.001 -24"><span class='ocrx_word' id='word_1_208' title='bbox 113 3761 315 3837; x_wconf 89' lang='lat' dir='ltr'>Audientie</span> <span class='ocrx_word' id='word_1_209' title='bbox 357 3761 684 3850; x_wconf 88' lang='lat' dir='ltr'>Procuratoribus,</span> <span class='ocrx_word' id='word_1_210' title='bbox 727 3779 766 3838; x_wconf 91' lang='lat' dir='ltr'>et</span> <span class='ocrx_word' id='word_1_211' title='bbox 807 3764 1003 3860; x_wconf 92' lang='lat' dir='ltr'>quibusvis</span> <span class='ocrx_word' id='word_1_212' title='bbox 1038 3763 1120 3837; x_wconf 90' lang='lat' dir='ltr'>aliis</span> <span class='ocrx_word' id='word_1_213' title='bbox 1161 3763 1260 3837; x_wconf 89' lang='lat' dir='ltr'>dicte</span> <span class='ocrx_word' id='word_1_214' title='bbox 1301 3779 1455 3837; x_wconf 85' lang='lat' dir='ltr'>romane</span> <span class='ocrx_word' id='word_1_215' title='bbox 1498 3761 1611 3835; x_wconf 91' lang='lat' dir='ltr'>Curie</span> 
     </span>
     <span class='ocr_line' id='line_1_29' title="bbox 109 3885 1611 3986; baseline -0.001 -24"><span class='ocrx_word' id='word_1_216' title='bbox 109 3885 344 3962; x_wconf 86' lang='lat' dir='ltr'>Officialibus</span> <span class='ocrx_word' id='word_1_217' title='bbox 371 3887 601 3984; x_wconf 90' lang='lat' dir='ltr'>expeditioni</span> <span class='ocrx_word' id='word_1_218' title='bbox 627 3885 834 3962; x_wconf 89' lang='lat' dir='ltr'>litterarum</span> <span class='ocrx_word' id='word_1_219' title='bbox 863 3887 1077 3962; x_wconf 90' lang='lat' dir='ltr'>huiusmodi</span> <span class='ocrx_word' id='word_1_220' title='bbox 1113 3913 1183 3984; x_wconf 90' lang='lat' dir='ltr'>pro</span> <span class='ocrx_word' id='word_1_221' title='bbox 1211 3905 1381 3986; x_wconf 89' lang='lat' dir='ltr'>tempore</span> <span class='ocrx_word' id='word_1_222' title='bbox 1418 3885 1611 3982; x_wconf 91' lang='lat' dir='ltr'>presiden-</span> 
     </span>
     <span class='ocr_line' id='line_1_30' title="bbox 105 4007 1612 4108; baseline -0.002 -24"><span class='ocrx_word' id='word_1_223' title='bbox 105 4011 208 4086; x_wconf 91' lang='lat' dir='ltr'>tibus</span> <span class='ocrx_word' id='word_1_224' title='bbox 236 4025 276 4083; x_wconf 89' lang='lat' dir='ltr'>et</span> <span class='ocrx_word' id='word_1_225' title='bbox 305 4008 497 4096; x_wconf 90' lang='lat' dir='ltr'>Ministris,</span> <span class='ocrx_word' id='word_1_226' title='bbox 529 4011 600 4085; x_wconf 93' lang='lat' dir='ltr'>sub</span> <span class='ocrx_word' id='word_1_227' title='bbox 633 4011 1027 4086; x_wconf 86' lang='lat' dir='ltr'>excommunicationis</span> <span class='ocrx_word' id='word_1_228' title='bbox 1061 4009 1137 4086; x_wconf 90' lang='lat' dir='ltr'>late</span> <span class='ocrx_word' id='word_1_229' title='bbox 1166 4011 1363 4096; x_wconf 88' lang='lat' dir='ltr'>sententie,</span> <span class='ocrx_word' id='word_1_230' title='bbox 1394 4007 1612 4108; x_wconf 87' lang='lat' dir='ltr'>privationis</span> 
     </span>
     <span class='ocr_line' id='line_1_31' title="bbox 104 4134 1612 4234; baseline -0.001 -25"><span class='ocrx_word' id='word_1_231' title='bbox 104 4150 146 4210; x_wconf 92' lang='lat' dir='ltr'>et</span> <span class='ocrx_word' id='word_1_232' title='bbox 182 4134 443 4231; x_wconf 88' lang='lat' dir='ltr'>suspensionis</span> <span class='ocrx_word' id='word_1_233' title='bbox 480 4160 633 4209; x_wconf 90' lang='lat' dir='ltr'>suorum</span> <span class='ocrx_word' id='word_1_234' title='bbox 669 4135 887 4210; x_wconf 87' lang='lat' dir='ltr'>Officiorum</span> <span class='ocrx_word' id='word_1_235' title='bbox 920 4153 959 4212; x_wconf 91' lang='lat' dir='ltr'>et</span> <span class='ocrx_word' id='word_1_236' title='bbox 990 4136 1243 4234; x_wconf 89' lang='lat' dir='ltr'>perceptionis</span> <span class='ocrx_word' id='word_1_237' title='bbox 1274 4135 1612 4210; x_wconf 90' lang='lat' dir='ltr'>emolumentorum</span> 
     </span>
     <span class='ocr_line' id='line_1_32' title="bbox 105 4259 1613 4358; baseline -0.001 -25"><span class='ocrx_word' id='word_1_238' title='bbox 105 4259 328 4334; x_wconf 91' lang='lat' dir='ltr'>eorumdem</span> <span class='ocrx_word' id='word_1_239' title='bbox 355 4259 464 4356; x_wconf 91' lang='lat' dir='ltr'>penis</span> <span class='ocrx_word' id='word_1_240' title='bbox 491 4283 561 4356; x_wconf 91' lang='lat' dir='ltr'>per</span> <span class='ocrx_word' id='word_1_241' title='bbox 587 4285 666 4345; x_wconf 87' lang='lat' dir='ltr'>eos,</span> <span class='ocrx_word' id='word_1_242' title='bbox 696 4261 745 4336; x_wconf 90' lang='lat' dir='ltr'>ad</span> <span class='ocrx_word' id='word_1_243' title='bbox 773 4285 871 4356; x_wconf 92' lang='lat' dir='ltr'>quos</span> <span class='ocrx_word' id='word_1_244' title='bbox 899 4261 1131 4357; x_wconf 89' lang='lat' dir='ltr'>pertinuerit,</span> <span class='ocrx_word' id='word_1_245' title='bbox 1152 4277 1192 4334; x_wconf 91' lang='lat' dir='ltr'>et</span> <span class='ocrx_word' id='word_1_246' title='bbox 1219 4261 1282 4358; x_wconf 94' lang='lat' dir='ltr'>qui</span> <span class='ocrx_word' id='word_1_247' title='bbox 1302 4285 1369 4334; x_wconf 92' lang='lat' dir='ltr'>eas</span> <span class='ocrx_word' id='word_1_248' title='bbox 1386 4259 1506 4357; x_wconf 89' lang='lat' dir='ltr'>gratis</span> <span class='ocrx_word' id='word_1_249' title='bbox 1525 4259 1613 4332; x_wconf 91' lang='lat' dir='ltr'>sub·</span> 
     </span>
     <span class='ocr_line' id='line_1_33' title="bbox 106 4365 1614 4484; baseline -0.001 -26"><span class='ocrx_word' id='word_1_250' title='bbox 106 4365 270 4459; x_wconf 81' lang='lat' dir='ltr'>scribere</span> <span class='ocrx_word' id='word_1_251' title='bbox 311 4385 371 4460; x_wconf 91' lang='lat' dir='ltr'>vel</span> <span class='ocrx_word' id='word_1_252' title='bbox 413 4385 620 4459; x_wconf 88' lang='lat' dir='ltr'>concedere</span> <span class='ocrx_word' id='word_1_253' title='bbox 656 4383 842 4460; x_wconf 91' lang='lat' dir='ltr'>noluerint</span> <span class='ocrx_word' id='word_1_254' title='bbox 881 4411 928 4460; x_wconf 92' lang='lat' dir='ltr'>eo</span> <span class='ocrx_word' id='word_1_255' title='bbox 965 4385 1049 4484; x_wconf 91' lang='lat' dir='ltr'>ipso</span> <span class='ocrx_word' id='word_1_256' title='bbox 1086 4383 1316 4460; x_wconf 90' lang='lat' dir='ltr'>incurrendis</span> <span class='ocrx_word' id='word_1_257' title='bbox 1355 4385 1500 4482; x_wconf 88' lang='lat' dir='ltr'>absque</span> <span class='ocrx_word' id='word_1_258' title='bbox 1540 4381 1614 4456; x_wconf 87' lang='lat' dir='ltr'>alio</span> 
     </span>
     <span class='ocr_line' id='line_1_34' title="bbox 105 4508 1614 4608; baseline -0.003 -26"><span class='ocrx_word' id='word_1_259' title='bbox 105 4525 249 4594; x_wconf 82' lang='lat' dir='ltr'>nostro,</span> <span class='ocrx_word' id='word_1_260' title='bbox 279 4524 346 4583; x_wconf 88' lang='lat' dir='ltr'>aut</span> <span class='ocrx_word' id='word_1_261' title='bbox 372 4534 635 4584; x_wconf 86' lang='lat' dir='ltr'>successorum</span> <span class='ocrx_word' id='word_1_262' title='bbox 662 4527 890 4597; x_wconf 88' lang='lat' dir='ltr'>nostrorum,</span> <span class='ocrx_word' id='word_1_263' title='bbox 919 4525 959 4584; x_wconf 95' lang='lat' dir='ltr'>et</span> <span class='ocrx_word' id='word_1_264' title='bbox 987 4509 1097 4586; x_wconf 87' lang='lat' dir='ltr'>Sedis</span> <span class='ocrx_word' id='word_1_265' title='bbox 1126 4511 1304 4608; x_wconf 91' lang='lat' dir='ltr'>predicte,</span> <span class='ocrx_word' id='word_1_266' title='bbox 1326 4508 1491 4584; x_wconf 91' lang='lat' dir='ltr'>ulteriori</span> <span class='ocrx_word' id='word_1_267' title='bbox 1511 4531 1614 4580; x_wconf 89' lang='lat' dir='ltr'>man·</span> 
     </span>
     <span class='ocr_line' id='line_1_35' title="bbox 107 4633 1615 4733; baseline -0.001 -26"><span class='ocrx_word' id='word_1_268' title='bbox 107 4635 211 4720; x_wconf 90' lang='lat' dir='ltr'>dato,</span> <span class='ocrx_word' id='word_1_269' title='bbox 242 4657 310 4708; x_wconf 87' lang='lat' dir='ltr'>eas</span> <span class='ocrx_word' id='word_1_270' title='bbox 338 4634 458 4733; x_wconf 89' lang='lat' dir='ltr'>gratis</span> <span class='ocrx_word' id='word_1_271' title='bbox 487 4633 733 4720; x_wconf 90' lang='lat' dir='ltr'>subscribant,</span> <span class='ocrx_word' id='word_1_272' title='bbox 764 4650 804 4708; x_wconf 92' lang='lat' dir='ltr'>et</span> <span class='ocrx_word' id='word_1_273' title='bbox 830 4659 900 4732; x_wconf 91' lang='lat' dir='ltr'>per</span> <span class='ocrx_word' id='word_1_274' title='bbox 934 4637 1060 4710; x_wconf 90' lang='lat' dir='ltr'>omnia</span> <span class='ocrx_word' id='word_1_275' title='bbox 1096 4659 1218 4732; x_wconf 91' lang='lat' dir='ltr'>usque</span> <span class='ocrx_word' id='word_1_276' title='bbox 1254 4635 1303 4710; x_wconf 92' lang='lat' dir='ltr'>ad</span> <span class='ocrx_word' id='word_1_277' title='bbox 1341 4633 1547 4732; x_wconf 90' lang='lat' dir='ltr'>plumbum,</span> <span class='ocrx_word' id='word_1_278' title='bbox 1575 4647 1615 4706; x_wconf 91' lang='lat' dir='ltr'>et</span> 
     </span>
     <span class='ocr_line' id='line_1_36' title="bbox 103 4759 1611 4847; baseline 0.001 -14"><span class='ocrx_word' id='word_1_279' title='bbox 103 4759 178 4834; x_wconf 91' lang='lat' dir='ltr'>alia</span> <span class='ocrx_word' id='word_1_280' title='bbox 212 4760 425 4834; x_wconf 89' lang='lat' dir='ltr'>necessaria</span> <span class='ocrx_word' id='word_1_281' title='bbox 459 4759 650 4847; x_wconf 90' lang='lat' dir='ltr'>inclusive,</span> <span class='ocrx_word' id='word_1_282' title='bbox 680 4760 781 4836; x_wconf 89' lang='lat' dir='ltr'>omni</span> <span class='ocrx_word' id='word_1_283' title='bbox 813 4760 1110 4836; x_wconf 89' lang='lat' dir='ltr'>contradictione</span> <span class='ocrx_word' id='word_1_284' title='bbox 1136 4778 1176 4836; x_wconf 91' lang='lat' dir='ltr'>et</span> <span class='ocrx_word' id='word_1_285' title='bbox 1212 4759 1390 4836; x_wconf 88' lang='lat' dir='ltr'>dilatione</span> <span class='ocrx_word' id='word_1_286' title='bbox 1428 4774 1611 4845; x_wconf 90' lang='lat' dir='ltr'>cessante,</span> 
     </span>
     <span class='ocr_line' id='line_1_37' title="bbox 107 4883 324 4982; baseline 0.009 -24"><span class='ocrx_word' id='word_1_287' title='bbox 107 4883 324 4982; x_wconf 86' lang='lat' dir='ltr'>expediant.</span> 
     </span>
    </p>

    <p class='ocr_par' dir='ltr' id='par_1_4' title="bbox 105 5008 1613 5483">
     <span class='ocr_line' id='line_1_38' title="bbox 189 5008 1613 5106; baseline -0.001 -24"><span class='ocrx_word' id='word_1_288' title='bbox 189 5008 365 5083; x_wconf 87' lang='lat' dir='ltr'>Preterea</span> <span class='ocrx_word' id='word_1_289' title='bbox 391 5010 600 5086; x_wconf 87' lang='lat' dir='ltr'>Auditores</span> <span class='ocrx_word' id='word_1_290' title='bbox 627 5025 667 5084; x_wconf 92' lang='lat' dir='ltr'>et</span> <span class='ocrx_word' id='word_1_291' title='bbox 695 5009 973 5085; x_wconf 85' lang='lat' dir='ltr'>Locatenentes</span> <span class='ocrx_word' id='word_1_292' title='bbox 999 5011 1191 5106; x_wconf 91' lang='lat' dir='ltr'>predictos</span> <span class='ocrx_word' id='word_1_293' title='bbox 1219 5033 1316 5083; x_wconf 92' lang='lat' dir='ltr'>nunc</span> <span class='ocrx_word' id='word_1_294' title='bbox 1344 5023 1383 5081; x_wconf 89' lang='lat' dir='ltr'>et</span> <span class='ocrx_word' id='word_1_295' title='bbox 1420 5033 1489 5105; x_wconf 93' lang='lat' dir='ltr'>pro</span> <span class='ocrx_word' id='word_1_296' title='bbox 1518 5024 1613 5082; x_wconf 91' lang='lat' dir='ltr'>tem-</span> 
     </span>
     <span class='ocr_line' id='line_1_39' title="bbox 105 5131 1612 5232; baseline -0.003 -23"><span class='ocrx_word' id='word_1_297' title='bbox 105 5159 199 5232; x_wconf 88' lang='lat' dir='ltr'>pore</span> <span class='ocrx_word' id='word_1_298' title='bbox 226 5135 443 5220; x_wconf 83' lang='lat' dir='ltr'>existentes,</span> <span class='ocrx_word' id='word_1_299' title='bbox 472 5159 517 5209; x_wconf 92' lang='lat' dir='ltr'>ac</span> <span class='ocrx_word' id='word_1_300' title='bbox 544 5159 675 5210; x_wconf 89' lang='lat' dir='ltr'>eorum</span> <span class='ocrx_word' id='word_1_301' title='bbox 704 5134 921 5230; x_wconf 89' lang='lat' dir='ltr'>quemlibet,</span> <span class='ocrx_word' id='word_1_302' title='bbox 950 5137 1194 5231; x_wconf 90' lang='lat' dir='ltr'>ipsorumque</span> <span class='ocrx_word' id='word_1_303' title='bbox 1227 5131 1406 5207; x_wconf 87' lang='lat' dir='ltr'>beneficia</span> <span class='ocrx_word' id='word_1_304' title='bbox 1424 5148 1464 5206; x_wconf 88' lang='lat' dir='ltr'>et</span> <span class='ocrx_word' id='word_1_305' title='bbox 1491 5133 1612 5206; x_wconf 89' lang='lat' dir='ltr'>officia</span> 
     </span>
     <span class='ocr_line' id='line_1_40' title="bbox 106 5225 1609 5358; baseline -0.005 -22"><span class='ocrx_word' id='word_1_306' title='bbox 106 5259 360 5336; x_wconf 87' lang='lat' dir='ltr'>ecclesiastica</span> <span class='ocrx_word' id='word_1_307' title='bbox 386 5285 431 5334; x_wconf 87' lang='lat' dir='ltr'>ac</span> <span class='ocrx_word' id='word_1_308' title='bbox 465 5260 562 5334; x_wconf 87' lang='lat' dir='ltr'>bona</span> <span class='ocrx_word' id='word_1_309' title='bbox 597 5225 833 5358; x_wconf 84' lang='lat' dir='ltr'>quecitmque</span> <span class='ocrx_word' id='word_1_310' title='bbox 870 5283 946 5356; x_wconf 95' lang='lat' dir='ltr'>que</span> <span class='ocrx_word' id='word_1_311' title='bbox 982 5259 1152 5333; x_wconf 91' lang='lat' dir='ltr'>obtinent</span> <span class='ocrx_word' id='word_1_312' title='bbox 1187 5274 1226 5332; x_wconf 89' lang='lat' dir='ltr'>et</span> <span class='ocrx_word' id='word_1_313' title='bbox 1261 5256 1469 5354; x_wconf 88' lang='lat' dir='ltr'>possident,</span> <span class='ocrx_word' id='word_1_314' title='bbox 1500 5273 1538 5330; x_wconf 92' lang='lat' dir='ltr'>et</span> <span class='ocrx_word' id='word_1_315' title='bbox 1574 5257 1609 5329; x_wconf 93' lang='lat' dir='ltr'>in</span> 
     </span>
     <span class='ocr_line' id='line_1_41' title="bbox 105 5381 1609 5483; baseline -0.003 -24"><span class='ocrx_word' id='word_1_316' title='bbox 105 5386 271 5460; x_wconf 80' lang='lat' dir='ltr'>futurum</span> <span class='ocrx_word' id='word_1_317' title='bbox 299 5385 521 5460; x_wconf 90' lang='lat' dir='ltr'>obtinebunt</span> <span class='ocrx_word' id='word_1_318' title='bbox 547 5402 587 5460; x_wconf 90' lang='lat' dir='ltr'>et</span> <span class='ocrx_word' id='word_1_319' title='bbox 614 5385 874 5483; x_wconf 88' lang='lat' dir='ltr'>possidebunt,</span> <span class='ocrx_word' id='word_1_320' title='bbox 904 5387 975 5460; x_wconf 91' lang='lat' dir='ltr'>sub</span> <span class='ocrx_word' id='word_1_321' title='bbox 1003 5386 1103 5460; x_wconf 89' lang='lat' dir='ltr'>beati</span> <span class='ocrx_word' id='word_1_322' title='bbox 1134 5383 1242 5468; x_wconf 88' lang='lat' dir='ltr'>Petri,</span> <span class='ocrx_word' id='word_1_323' title='bbox 1262 5399 1302 5456; x_wconf 90' lang='lat' dir='ltr'>et</span> <span class='ocrx_word' id='word_1_324' title='bbox 1321 5382 1422 5456; x_wconf 89' lang='lat' dir='ltr'>sedis</span> <span class='ocrx_word' id='word_1_325' title='bbox 1441 5381 1609 5479; x_wconf 88' lang='lat' dir='ltr'>predicte</span> 
     </span>
    </p>
   </div>
   <div class='ocr_carea' id='block_1_3' title="bbox 1493 5565 1523 5609">
    <p class='ocr_par' dir='ltr' id='par_1_5' title="bbox 1493 5565 1523 5609">
     <span class='ocr_line' id='line_1_42' title="bbox 1493 5565 1523 5609; baseline 0.033 -1"><span class='ocrx_word' id='word_1_326' title='bbox 1493 5565 1523 5609; x_wconf 82' lang='lat' dir='ltr'>tt</span> 
     </span>
    </p>
   </div>
   <div class='ocr_carea' id='block_1_4' title="bbox 0 0 1878 5914">
    <p class='ocr_par' dir='ltr' id='par_1_6' title="bbox 0 0 1878 5914">
     <span class='ocr_line' id='line_1_43' title="bbox 0 0 1878 5914; baseline 0 0"><span class='ocrx_word' id='word_1_327' title='bbox 0 0 1878 5914; x_wconf 95' lang='lat' dir='ltr'> </span> 
     </span>
    </p>
   </div>
  </div>
 </body>
</html>
