3708 5918
253 285 307 345 128
904 281 1041 340 soeculo
1059 279 1134 340 XV·

327 479 430 564 Item,
471 475 612 572 recepit
648 476 770 549 ducat.
806 497 920 548 unum
956 473 993 547 in
1028 496 1144 546 causa
1171 471 1369 569 placentin.
1409 497 1480 569 pro
1515 474 1749 550 absolutione

246 603 416 698 impensa
443 625 512 698 per
539 599 664 695 ipsum
693 597 821 694 nepoti
848 597 988 671 domini
1015 597 1224 694 placentini,
1255 595 1375 693 prima
1403 597 1500 682 maii,
1530 597 1566 673 fl.
1602 624 1632 675 1.

327 725 431 811 Item,
463 725 606 820 recepit
631 722 756 798 ducat.
785 739 865 796 tres
893 748 917 796 a
944 721 1098 796 domino
1125 721 1329 795 Laurentio
1365 721 1401 793 in
1433 745 1548 796 causa
1574 747 1749 799 oxomen.

248 848 504 937 absolutionis,
536 863 669 924 octava
696 870 764 945 per
791 849 914 944 ipsum
942 846 1135 950 dominum
1172 844 1416 919 Laurentium
1443 846 1626 942 impensa,
1654 847 1691 922 ff.
1717 871 1749 943 3.

329 974 434 1058 Item,
474 974 616 1071 recepit
651 974 747 1047 duos
785 972 909 1047 ducat.
943 997 967 1045 a
1002 972 1156 1045 domino
1193 971 1364 1045 Roberto
1401 970 1450 1045 de
1477 969 1754 1048 cavalcantibus

251 1123 321 1198 pro
348 1100 513 1196 quadam
541 1097 778 1174 absolutione
804 1121 875 1193 per
902 1121 988 1170 eum
1016 1094 1254 1194 impensa,fl.
1283 1119 1313 1170 1.

330 1224 435 1311 Item,
465 1223 608 1320 recepit
635 1249 657 1298 a
685 1221 839 1298 domino
868 1221 1033 1318 Symone
1052 1220 1237 1295 Auditore
1264 1220 1388 1297 ducat.
1419 1245 1532 1294 unum
1561 1246 1632 1318 pro
1659 1246 1755 1319 qua-

250 1352 338 1424 dam
366 1349 604 1424 absolutione
631 1348 804 1445 impensa
830 1371 901 1444 per
928 1372 1027 1434 eum,
1056 1345 1093 1422 ff.
1128 1371 1158 1421 1.

331 1474 435 1562 Item,
472 1477 516 1547 18
546 1472 722 1560 octobris,
758 1473 899 1569 recepit
926 1497 948 1546 a
977 1472 1129 1546 domino
1158 1470 1383 1545 Geminiano
1409 1472 1596 1581 Auditore
1627 1473 1755 1547 ducat.

253 1624 368 1673 unum
395 1614 435 1672 et
462 1598 624 1672 medium
653 1623 723 1694 pro
750 1595 986 1672 absolutione
1014 1597 1196 1694 impensa,
1224 1595 1260 1671 fl.
1297 1620 1309 1668 1
1335 1611 1374 1670 et
1401 1598 1499 1672 med.
1520 1613 1591 1672 etc.

974 1968 1038 2047 73.

260 2152 298 2225 T
292 2150 538 2226 hesaurarius
564 2127 730 2248 compita
757 2146 932 2222 describit
953 2158 1024 2240 per
1049 2172 1182 2221 manus
1209 2149 1368 2222 Notarii
1390 2155 1427 2221 et
1460 2147 1608 2224 Scriba
1642 2153 1709 2226 sui
1731 2195 1758 2206 -

334 2274 430 2349 iubet
453 2283 498 2347 ut
520 2273 752 2359 adnotentur,
766 2281 924 2372 praeter
949 2297 1112 2346 summas
1138 2281 1308 2372 receptos,
1329 2274 1438 2347 etalem
1464 2277 1614 2350 nomina
1632 2277 1758 2351 Audi-

335 2409 466 2484 torum,
498 2399 757 2483 Notariorum,
788 2405 823 2470 et
848 2395 951 2470 tituli
973 2423 1183 2471 causarum.

331 2590 447 2662 (Accu.
466 2589 555 2661 Ros..
572 2587 696 2648 «Libri
712 2588 890 2648 ratr'onum
911 2586 1066 2662 Capellae
1084 2587 1257 2662 daliwi»,
1276 2588 1298 2646 l.
1316 2588 1362 2660 cl.

1559 2749 1659 2810 Anno
1679 2750 1757 2810 14⁴0.

334 2844 513 2919 Introitus
543 2813 698 2940 Capelle
727 2842 965 2919 dominorum
994 2839 1232 2917 Auditorum.

331 2971 373 3044 In
401 2969 549 3044 nomine
577 2968 727 3044 domini.
759 2969 896 3043 Amen.
925 2969 1041 3043 Anno
1068 2993 1092 3041 a
1120 2967 1326 3042 Nativitate
1354 2968 1506 3044 Domini
1530 2994 1641 3064 1440,
1663 2971 1757 3045 indi-

252 3095 375 3170 ctione
417 3094 537 3177 tertia,
583 3092 824 3168 Pontificatus
865 3093 1092 3167 sanctissimi
1132 3092 1169 3165 in
1212 3089 1364 3168 Christo
1405 3093 1524 3189 patris
1551 3111 1590 3168 et
1616 3094 1757 3170 domini

253 3218 382 3301 nostri,
411 3217 552 3293 domini
580 3215 740 3315 Eugenii
768 3216 892 3291 divina
919 3216 1157 3313 providentia
1184 3239 1283 3313 pape
1301 3216 1354 3289 IV
1382 3241 1481 3292 anno
1506 3218 1676 3307 Decimo,
1697 3220 1757 3295 die

253 3342 400 3418 veneris
429 3343 596 3417 secunda
623 3341 762 3416 mensis
786 3342 1007 3428 decembris,
1028 3341 1406 3416 Reverendus·Pater
1422 3343 1597 3418 dominus
1621 3345 1756 3420 Paulus

254 3467 303 3542 de
330 3466 554 3554 Sanctalide,
585 3467 680 3541 sacri
708 3464 835 3563 palatii
862 3465 1059 3562 apostolici
1086 3490 1285 3540 causarum
1312 3466 1476 3542 Auditor
1493 3493 1636 3570 necnon
1656 3469 1757 3543 The-

253 3594 443 3668 saurarius
472 3591 627 3689 Capelle
656 3593 701 3666 R.
723 3616 760 3688 p.
781 3591 1017 3666 dominomm
1037 3590 1264 3667 Auditorum
1292 3592 1379 3666 dicti
1407 3592 1543 3689 palatii,
1573 3594 1758 3669 commisit

254 3715 363 3791 michi
392 3714 572 3791 Bertoldo
603 3713 764 3798 Helmin,
796 3714 953 3790 Notario
981 3729 1021 3788 et
1047 3713 1176 3790 Scribe
1204 3739 1286 3800 sun,
1315 3731 1358 3788 ut
1385 3715 1552 3814 singulas
1579 3718 1757 3812 pecunias

253 3840 352 3914 dicte
381 3837 537 3938 Capelle
569 3839 618 3912 de
646 3852 773 3912 cetero
802 3835 1015 3936 colligerem
1049 3854 1089 3912 et
1115 3838 1152 3911 in
1180 3837 1345 3935 quodam
1372 3839 1466 3914 libro
1494 3838 1573 3914 sive
1604 3841 1641 3914 in
1665 3865 1757 3938 qua·

255 3981 363 4038 terno
391 3989 475 4038 cum
503 3963 765 4060 designatione
806 3964 996 4036 nominum
1025 3962 1265 4047 Auditorum,
1287 3961 1526 4038 Notariorum
1554 3982 1593 4038 et
1625 3991 1755 4041 causa-

257 4113 339 4162 rum
367 4091 403 4162 in
432 4087 570 4184 quibus
606 4113 676 4183 per
711 4111 771 4160 me
811 4087 1025 4160 huiusmodi
1064 4087 1258 4184 assignata
1287 4086 1422 4162 suerint
1448 4105 1488 4162 et
1519 4089 1616 4164 diem
1654 4114 1755 4164 rece·

258 4213 397 4311 ptionis
424 4212 642 4300 earundem,
676 4228 718 4285 ut
747 4212 919 4309 sequitur
946 4211 1056 4287 inira:

337 4337 388 4409 Et
408 4336 540 4433 primo,
561 4337 621 4411 die
642 4361 684 4410 12
704 4336 843 4410 mensis
862 4335 1071 4410 decembris
1092 4335 1258 4433 predicti,
1280 4337 1462 4434 magister
1475 4337 1691 4413 Everardus
1710 4337 1755 4411 de

261 4461 395 4535 Duche
424 4461 603 4536 Notarius
632 4461 677 4536 R.
707 4486 743 4558 p.
775 4461 811 4535 d.
843 4461 1026 4558 Baptiste,
1060 4460 1169 4536 electi
1197 4461 1368 4547 Theatin,
1398 4461 1502 4536 dedit
1528 4462 1637 4536 michi
1668 4463 1756 4536 Ber-

257 4586 366 4661 toldo
394 4586 566 4682 predicto
592 4585 627 4662 fs.
659 4611 773 4661 unum
801 4608 870 4681 per
896 4610 983 4661 eum
1012 4602 1206 4683 receptum
1233 4586 1270 4660 in
1298 4588 1465 4685 quadam
1494 4612 1609 4662 causa
1638 4588 1755 4662 Pisto-

261 4712 351 4787 rien.
376 4755 402 4766 -
419 4712 566 4786 Praten.
598 4710 826 4808 Capellanie,
857 4735 928 4807 pro
963 4711 1202 4786 absolutione
1238 4713 1410 4809 impensa
1446 4713 1480 4786 in
1510 4713 1655 4801 eadem,
1685 4729 1752 4787 etc.
