3720 5916
750 314 944 374 Alexandro
964 315 1029 376 VII

847 644 937 723 277.

131 803 301 878 Auditor
331 807 454 892 Rotae,
475 816 662 904 tamquam
691 805 940 880 Subdiacmus
967 807 1088 892 defert
1107 805 1256 880 Crucem
1275 816 1358 880 ante
1379 785 1524 903 Palam
1543 831 1634 878 acce-

214 929 354 1004 dentem
380 931 436 1003 ad
463 929 649 1030 Capellam
676 929 955 1005 Sacramentum
981 933 1147 1006 diuinum
1174 931 1432 1006 adoraturum.
1479 919 1481 926 ¹

215 1085 332 1157 (Ancu.
350 1085 437 1158 Rou,
461 1085 650 1144 «Dearium
671 1085 804 1158 Celso).

584 1267 714 1340 Lunae
745 1289 792 1358 29
823 1267 1049 1342 Novembris
1074 1275 1184 1364 1655.

286 1422 427 1496 SSn'ius
457 1423 504 1498 D.
536 1425 583 1500 N.
612 1424 829 1499 Alexander
857 1423 925 1499 VII
953 1451 1066 1523 quem
1095 1425 1157 1499 diu
1187 1426 1293 1498 nobis
1321 1423 1531 1500 incolumen
1560 1447 1635 1497 ser·

131 1563 210 1633 vet,
241 1547 344 1620 finito
373 1547 608 1623 Consistorio
637 1551 802 1624 debebat
829 1550 1059 1625 descendere
1088 1575 1163 1624 uua
1197 1575 1280 1624 cum
1310 1549 1570 1624 Cardiualibus
1599 1549 1634 1621 in

131 1671 358 1768 Cappellam
385 1673 448 1749 ubi
476 1693 558 1748 erat
584 1675 796 1771 expositum
826 1675 976 1749 Ssrirum
1006 1675 1262 1749 Eucharistiae
1288 1673 1573 1750 Sacramentum
1597 1691 1635 1748 et

130 1797 184 1870 ibi
213 1821 366 1874 orare...
387 1813 471 1873 erat
497 1825 654 1874 necesse
681 1800 785 1896 quod
814 1825 909 1873 unus
928 1825 975 1874 ex
994 1801 1239 1874 Auditoribus
1258 1815 1451 1896 tamquam
1475 1799 1635 1874 Subdia·

132 1944 253 1995 conus
292 1921 452 1998 Crucem
485 1917 664 2000 deferret:
701 1925 801 1999 unde
837 1923 1022 2022 expeditis
1063 1927 1186 1999 causis
1227 1928 1262 1998 in
1304 1925 1439 2021 quibus
1480 1926 1636 1998 votabat

134 2045 187 2120 D.
209 2046 362 2133 PrioluS,
383 2048 451 2121 suit
477 2049 599 2123 eidem
627 2049 830 2125 iniunctum
859 2066 944 2125 ut...
965 2051 1161 2124 inserviret
1180 2050 1216 2124 in
1235 2049 1448 2124 huiusmodi
1467 2073 1631 2135 munere,

131 2188 251 2268 prout
277 2172 363 2246 secit
389 2197 472 2246 cum
502 2174 711 2248 Roschetto
739 2191 929 2251 tantum...

846 2490 936 2572 278.

128 2646 380 2720 Auditoribus
407 2651 525 2724 Ratae
551 2651 742 2748 aliquoties
772 2653 1110 2728 extraeudz'cealiter
1135 2654 1407 2728 examinandae
1441 2655 1633 2728 committe·

214 2770 351 2844 lantur
377 2799 517 2849 causae.

213 2927 330 3000 (Arcu.
348 2928 435 3002 Rom,
458 2954 471 2980 ι
483 2929 648 2989 Dianium
670 2933 795 3004 Celsi»)

555 3133 625 3206 Die
654 3109 827 3208 Mercurii
855 3159 897 3226 19
929 3099 1222 3232 lanuarii1656i

215 3397 336 3474 Finita
351 3400 461 3486 Rota,
479 3403 515 3476 iu
534 3426 579 3476 ea
596 3421 855 3478 remanserunt
872 3404 1220 3480 Reverendissimus
1237 3407 1413 3480 Decanus
1426 3422 1466 3480 et
1481 3405 1633 3480 Domini

132 3521 295 3608 Bichius‚
318 3524 459 3600 Cerrus
487 3545 526 3601 et
545 3528 755 3625 Verospius
782 3553 852 3625 pro
879 3531 1128 3604 examinanda
1156 3531 1319 3627 quadam
1338 3556 1451 3606 causa
1469 3531 1632 3604 extraiu-

125 3647 313 3722 dicialiter
339 3651 387 3724 de
415 3652 545 3727 ordine
574 3653 804 3728 Sanctissimi
833 3653 930 3727 circa
958 3654 1169 3754 Collegium
1198 3653 1488 3752 Capranicense.

844 3967 934 4050 279.
1044 4005 1046 4012 ·

127 4123 343 4200 Dubitatur
377 4129 421 4202 de
457 4129 549 4228 stylo
592 4135 708 4207 Ratae
743 4132 913 4230 capc'erea'i
945 4134 1197 4208 resolutionem
1234 4161 1315 4209 eum
1351 4139 1490 4212 matari
1518 4150 1632 4238 parte

213 4263 389 4327 votorum.

211 4411 328 4480 (Anca.
347 4411 434 4486 Rom,
458 4412 647 4472 ‹Decrium
670 4413 803 4488 Celsi»)

594 4593 724 4666 Lunae
756 4617 804 4686 24
834 4594 991 4667 ianuarii
1019 4595 1169 4696 (1656).

213 4761 314 4834 Rota
342 4785 424 4834 cum
456 4757 492 4830 X
513 4758 769 4834 Auditoribus.
793 4755 878 4829 Fuit
897 4759 1092 4852 proposita
1111 4781 1224 4830 causa
1246 4758 1450 4833 Bononien.
1473 4757 1631 4832 Succes-

125 4887 248 4984 ¹sionis
277 4887 324 4960 de
352 4883 462 4959 Zanis
489 4885 526 4958 in
553 4909 629 4980 qua
662 4907 732 4980 pro
761 4883 971 4959 Comitibus
1008 4883 1056 4956 de
1092 4881 1201 4957 Zanis
1230 4899 1407 4956 vorarunt
1437 4905 1470 4976 5,
1502 4882 1631 4979 reliqui

128 5037 223 5086 vero
252 5036 276 5105 4
303 5013 353 5084 ad
381 5012 547 5084 savorem
577 5009 728 5082 Patrum
748 5026 787 5084 et
806 5007 1018 5108 Collegium
1046 5009 1279 5093 Iesuitarum,
1301 5025 1341 5096 et
1358 5009 1534 5104 quoniam
1556 5033 1630 5082 non

124 5138 263 5212 aderat
290 5135 498 5222 Resolutio,
529 5135 596 5209 suit
623 5135 783 5209 dictum:
812 5133 1128 5208 macenaria.

211 5259 420 5336 Occasione
447 5261 554 5334 istius
582 5285 720 5334 causae
738 5261 871 5333 iterum
891 5261 1075 5332 discussio
1093 5259 1225 5333 cecidit
1243 5283 1290 5332 an
1311 5257 1373 5333 tali
1392 5281 1480 5332 casu
1500 5273 1633 5356 posset

125 5388 212 5486 capi
240 5387 418 5462 resolutio
446 5411 516 5482 pro
544 5386 674 5492 maiori
703 5402 831 5483 parte;
853 5409 936 5458 nam
956 5402 1016 5460 est
1033 5401 1176 5458 certum
1196 5384 1300 5481 quod
1320 5385 1419 5460 Rota
1438 5384 1632 5459 cousuevit
