3708 5918
243 251 294 312 124
888 249 1024 308 Saeculo
1042 247 1076 308 X
1082 197 1113 308 ⁴V

248 445 338 541 «pti
367 444 512 529 luimus,
544 458 583 517 et
610 443 778 538 ipsorum
806 441 1019 540 pontificum
1049 466 1093 515 ac
1122 442 1222 515 sedis
1253 442 1352 515 veris
1385 439 1600 536 Capellanis
1636 439 1738 514 lami·

246 567 511 664 ‹liaribusque
553 566 769 641 domesticis
811 581 851 640 et
888 566 1074 641 continuis
1108 565 1421 640 commensalibus
1456 587 1504 638 ex
1540 565 1740 660 quibusvis

245 723 263 764 ‹
284 693 435 778 nostris,
453 718 521 765 nec
546 717 619 765 non
638 691 719 765 aliis
738 692 953 788 pontificum
977 689 1196 764 eorumdem
1216 689 1522 787 Apostolicisque
1541 689 1737 764 Constitu-

244 817 454 899 «tionibus
484 817 770 913 quomodolibet
797 831 1013 911 competere
1042 830 1081 888 et
1108 814 1177 888 illis
1196 815 1393 914 suflragari
1420 828 1610 912 poterunt,
1630 829 1740 887 ante-

244 941 458 1015 ‹lationum
487 940 736 1039 prerogativis
765 956 805 1013 et
831 939 983 1015 indultis
1011 940 1066 1012 uti
1092 956 1131 1014 et
1158 939 1326 1036 gaudere
1358 963 1484 1037 posse,
1513 937 1743 1012 auctoritate

244 1065 499 1162 «apostolica,
530 1063 761 1160 presentium
791 1063 898 1150 serie,
920 1063 1165 1138 declaramus.
1198 1063 1298 1137 Nulli
1325 1087 1419 1161 ergo
1446 1064 1599 1137 omnino
1617 1061 1741 1136 homi·

244 1223 261 1263 r
282 1217 370 1264 num
398 1190 508 1264 liceat
535 1191 630 1264 banc
659 1165 836 1288 paginam
856 1207 983 1264 nostre
1001 1189 1262 1264 declarationis
1280 1187 1481 1287 infringere
1499 1188 1558 1262 vel
1577 1190 1622 1276 ei,
1639 1213 1739 1261 ausu

249 1316 499 1401 «temerario,
531 1314 727 1388 contraire.
759 1313 798 1387 Si
825 1315 910 1410 quis
943 1329 1068 1387 autem
1099 1314 1169 1388 hoc
1197 1328 1423 1409 attemptare
1451 1311 1737 1409 presumpserit,

244 1438 576 1537 «indignationem
604 1441 871 1536 omnipotentis
901 1439 974 1513 Dei
1001 1441 1263 1514 etbeatorum
1292 1438 1388 1512 Petri
1420 1453 1461 1512 et
1489 1437 1591 1512 Pauli
1627 1437 1739 1532 Apo-

244 1564 462 1638 ‹stolorum
490 1565 571 1637 eius
600 1588 642 1637 se
669 1563 815 1636 noverit
842 1563 1086 1638 incursurum.
1110 1563 1251 1638 Datum
1280 1563 1413 1647 Rome,
1443 1563 1546 1659 apud
1574 1561 1743 1636 Sanctos

245 1689 489 1786 «apostolos,
521 1686 670 1763 Octavo
697 1687 769 1763 kal.
799 1687 897 1773 iunii,
930 1687 1169 1764 Pontificatus
1198 1689 1316 1762 nostri
1349 1690 1462 1762 Anno
1480 1688 1742 1762 undecimo».

320 1814 498 1890 Ceterum
519 1831 560 1888 ut
577 1814 795 1890 earumdem
814 1814 1020 1889 litterarum
1039 1830 1149 1890 tenor
1167 1813 1359 1910 predictus
1378 1813 1429 1890 sic
1443 1814 1607 1888 insertus
1621 1812 1741 1888 omni·

237 1940 387 2014 modam
415 1939 469 2012 rei
497 1963 564 2012 seu
584 1938 668 2013 lacti
697 1938 957 2013 certitudinem
975 1937 1096 2020 faciat,
1125 1937 1333 2035 apostolica
1360 1938 1583 2013 auctoritate
1610 1937 1743 2011 decer·

237 2063 369 2147 nimus,
392 2081 433 2136 ut
461 2061 550 2136 illud
578 2063 676 2136 idem
714 2065 828 2137 robur
854 2087 1014 2160 eamque
1044 2062 1118 2136 vim
1146 2079 1186 2136 et
1212 2063 1388 2137 eumdem
1416 2062 1585 2160 vigorem
1613 2061 1745 2134 dictus

237 2204 346 2262 tenor
373 2212 441 2284 per
468 2188 593 2262 omnia
619 2188 767 2271 habeat,
793 2212 868 2284 que
887 2187 1069 2262 habereut
1095 2187 1296 2285 originales
1314 2186 1438 2260 littere
1457 2185 1681 2282 supradicte,
1698 2201 1744 2258 et

237 2313 370 2386 eadem
389 2335 546 2408 prorsus
565 2311 658 2408 ipsis
676 2312 769 2386 fides
783 2311 1006 2386 adhibeatur
1020 2312 1335 2408 quandocumque
1353 2329 1392 2386 et
1408 2311 1641 2405 ubicumque,
1657 2308 1741 2382 sive

237 2438 272 2510 in
300 2437 434 2510 iudicio
461 2435 521 2510 vel
549 2435 646 2520 alibi,
677 2438 739 2511 ubi
768 2436 877 2511 suerit
904 2437 1091 2511 exhibitus
1119 2437 1177 2510 vel
1205 2451 1383 2510 ostensus
1410 2461 1454 2510 ac
1472 2435 1595 2509 eidem
1615 2449 1741 2508 stetur

237 2561 274 2634 in
302 2561 475 2636 omnibus
503 2559 658 2634 firmiter
677 2562 773 2635 sicut
790 2561 933 2636 eisdem
957 2559 1198 2659 originalibus
1217 2561 1350 2635 litteris
1369 2576 1543 2643 staretur,
1566 2560 1596 2632 si
1614 2559 1743 2634 forent

238 2685 401 2760 exhibite
428 2683 488 2758 vel
521 2701 686 2761 ostense.
718 2687 789 2758 Per
816 2686 886 2761 hoc
914 2700 1041 2760 autem
1078 2685 1219 2760 nullum
1256 2687 1314 2758 ius
1350 2685 1524 2781 cuiquam
1552 2683 1600 2756 de
1637 2707 1743 2758 novo

237 2810 378 2906 acquiri
403 2809 588 2896 volumus,
621 2811 689 2884 sed
724 2811 917 2906 antiquum
953 2809 1216 2884 tantummodo
1243 2809 1467 2884 conservari.

319 2933 419 3006 Nulli
451 2957 547 3031 ergo
574 2935 724 3008 omnino
752 2934 943 3010 hominum
981 2934 1092 3009 liceat
1127 2934 1223 3006 hanc
1257 2934 1433 3031 paginam
1461 2933 1580 3014 nostri
1606 2932 1740 3006 statuti

238 3073 277 3132 et
295 3057 499 3132 voluntatis
528 3058 727 3155 infringere
745 3059 806 3132 vel
824 3060 869 3144 ei,
885 3083 980 3132 ausu
1002 3058 1213 3143 temerari0,
1233 3059 1432 3133 contraire.
1453 3057 1492 3131 Si
1508 3057 1592 3154 quis
1610 3071 1741 3132 autem

238 3183 309 3256 hoc
328 3199 555 3278 attemptare
574 3183 856 3279 presumpserit,
878 3183 1174 3281 indignationem
1201 3181 1471 3279 omnipotentis
1500 3181 1572 3256 Dei
1590 3197 1630 3256 et
1648 3183 1741 3256 bea-

138 3326 142 3335 ’
238 3323 360 3382 torum
391 3307 489 3382 Petri
517 3324 556 3382 et
585 3306 686 3380 Pauli
714 3307 987 3403 Apostolorum
1016 3309 1096 3382 eius
1125 3333 1166 3382 se
1195 3307 1341 3382 noverit
1367 3306 1610 3381 incursurum.

319 3431 461 3504 Datum
490 3432 623 3516 Rome,
640 3433 743 3528 apud
762 3430 941 3506 Sanctum
967 3432 1129 3519 Petrum,
1153 3456 1252 3507 anno
1274 3431 1536 3506 incarnationis
1555 3429 1740 3504 dominice

237 3555 435 3630 Millesimo
454 3555 828 3654 quadringentesimo
844 3556 1037 3654 trigesimo
1052 3558 1229 3644 secundo,
1246 3571 1384 3652 quarto
1402 3555 1475 3630 kal.
1492 3554 1630 3641 Martii,
1647 3555 1741 3627 Pon·

237 3680 397 3755 tificatus
426 3681 544 3755 nostri
572 3681 684 3755 Anno
703 3681 881 3756 secundo.

957 3932 1019 4011 71.

239 4107 433 4204 Eugenius
457 4109 526 4185 IV
545 4109 777 4183 antelationz's
804 4109 843 4182 in
870 4111 1102 4208 expectativz's
1124 4111 1363 4208 przbz'legium
1387 4111 1632 4184 Auditorz'bus
1658 4137 1738 4184 con·

322 4233 454 4316 firmat
483 4235 585 4332 quod
614 4235 746 4308 ez'sdem
782 4261 853 4308 non
887 4237 1046 4333 amplius
1081 4245 1274 4334 cmnpclere
1309 4235 1461 4333 quidam
1496 4235 1741 4309 autumabant

319 4385 358 4432 eo
384 4361 473 4456 quia
499 4361 559 4434 rei
583 4359 765 4457 derogare
792 4359 983 4434 videbatur
1002 4359 1193 4434 Indultum
1210 4361 1339 4434 datum
1353 4360 1543 4457 Magistro
1562 4359 1674 4435 Petro
1692 4361 1737 4434 de

322 4485 489 4581 Regalis,
517 4479 637 4584 prmlt
661 4485 810 4559 eruatur
836 4512 884 4558 ex
918 4484 1085 4561 Consilio
1118 4484 1300 4560 Ludovici
1334 4487 1505 4573 Romani,
1536 4487 1633 4559 inter
1658 4487 1738 4559 eius

322 4610 501 4707 impressa
542 4636 579 4685 n.
621 4609 704 4706 436,
748 4609 851 4683 cuius
891 4609 1136 4684 authenticum
1176 4609 1368 4707 exemplar
1403 4607 1582 4682 Archivio
1618 4609 1737 4684 Rotae

321 4743 444 4806 manet
469 4735 509 4807 in
538 4733 998 4832 ItomnPrivz'legrbrum
1034 4735 1236 4822 «Varia»,
1265 4761 1300 4810 n.
1332 4735 1443 4810 LIV.

320 4905 435 4976 (Aren.
454 4905 541 4978 Rom,
565 4906 781 4980 «Privilegr'a
795 4931 819 4981 ›,
839 4913 915 4966 tom.
935 4907 962 4978 I,
978 4913 1064 4982 part.
1084 4907 1110 4976 I,
1133 4925 1164 4966 n.
1191 4905 1235 4978 V).

1173 5032 1251 5106 1435,
1270 5033 1463 5108 septembris
1483 5029 1737 5105 16,F10rentiae.

323 5177 517 5275 Eugenius
544 5179 757 5276 episcopus,
788 5203 921 5252 servus
940 5202 1134 5253 servorum
1155 5180 1238 5254 Dei.
1265 5179 1328 5253 Ad
1346 5179 1508 5254 futuram
1526 5180 1580 5255 rei
1599 5203 1738 5254 memo·

240 5299 343 5375 riam.
374 5301 414 5374 A
440 5313 599 5401 superno
626 5301 890 5398 patrefamilias
917 5302 954 5374 in
982 5302 1097 5377 domo
1126 5303 1277 5378 Domini
1296 5306 1580 5400 dispensatores
1603 5302 1736 5388 eflecti,
