3748 5914
255 311 311 370 298
661 355 679 396 0
892 309 1030 368 Soeculo
1048 311 1136 370 XVI

253 502 429 598 expensis
463 502 698 600 litigantium,
729 502 837 576 unica
877 502 1092 576 commissio
1121 505 1156 576 in
1185 503 1352 598 qualibet
1380 504 1556 577 instantia
1583 502 1754 586 sufficiat,

245 637 293 700 'et
324 627 420 700 illius
446 626 577 726 vigore
606 627 770 700 Auditor
797 650 948 700 causam
977 627 1046 700 sibi
1073 629 1311 702 commissam
1340 652 1582 726 cognoscere,
1613 644 1754 702 etcum

255 753 427 826 omnibus
461 769 500 825 et
537 752 695 850 singulis
723 751 1025 846 dependentibus
1062 767 1102 826 et
1137 755 1430 851 emergentibus,
1460 779 1504 826 ac
1544 753 1636 827 alias
1666 779 1756 850 quo·

253 876 458 950 modolibet
476 875 732 963 incidentibus,
754 876 929 951 decidere
947 876 1084 952 valeat.
1105 877 1229 951 Possit
1247 878 1360 951 etiam
1381 877 1544 951 Auditor
1562 879 1641 952 sine
1656 902 1754 952 nova

252 1001 517 1076 commissione
545 1001 754 1099 praefigere
783 1002 978 1074 terminum
1006 1000 1055 1074 ad
1084 1001 1295 1075 docendum
1319 1001 1368 1076 de
1385 1002 1592 1090 attentatis,
1614 1025 1658 1074 ac
1677 1002 1753 1075 nul·

253 1124 430 1209 litatibus‚
462 1143 500 1198 et
528 1127 651 1199 causis
680 1142 837 1222 propter
864 1150 959 1222 quas
999 1127 1083 1222 quis
1117 1126 1153 1198 in
1190 1127 1377 1225 integrum
1420 1129 1564 1201 restitui
1602 1127 1751 1210 debeat,

254 1275 297 1323 ac
330 1249 392 1325 illo
429 1250 569 1346 elapso,
609 1266 648 1325 et
684 1275 758 1324 non
797 1251 920 1334 docto,
955 1251 1004 1324 ad
1041 1277 1178 1326 causae
1210 1251 1486 1349 expeditionem
1529 1253 1752 1349 procedere:

253 1397 396 1449 necnon
413 1377 646 1449 remissorias
675 1377 888 1460 decernere,
920 1375 1115 1449 dilationes
1143 1377 1363 1462 concedere,
1392 1377 1656 1474 liquidationes
1682 1376 1755 1448 sru-

254 1516 381 1573 ctuum
409 1501 445 1573 in
473 1501 643 1596 partibus
672 1500 860 1598 delegare,
890 1525 934 1573 ac
962 1501 1098 1584 omnia,
1120 1519 1161 1573 et
1189 1501 1336 1599 singula
1364 1499 1434 1574 alia
1454 1525 1575 1598 usque
1593 1501 1643 1574 ad
1663 1501 1755 1575 fina-

252 1621 326 1696 lem
356 1625 624 1698 sententiarum
653 1648 806 1697 suarum
834 1626 1093 1699 executionem
1122 1622 1299 1699 inclusive
1328 1624 1461 1710 facere,
1489 1649 1588 1719 quae
1606 1624 1655 1698 de
1674 1626 1754 1699 iure

254 1747 440 1822 Ordinarii
468 1749 591 1822 lacere
619 1764 789 1847 possunt.
1405 1757 1409 1766 “

336 1896 369 1966 3.
410 1873 702 1972 Prorogationes
738 1890 863 1948 autem
899 1874 1063 1948 fatalium
1096 1877 1235 1970 sepius,
1264 1891 1304 1948 et
1338 1875 1479 1972 passim
1516 1901 1590 1948 non
1624 1899 1754 1950 conce-

253 1999 329 2084 dat,
361 1999 430 2072 sed
459 2015 605 2072 tantum
642 2025 690 2072 ex
725 1999 851 2095 aliqua
887 2000 1047 2072 honesta
1075 2024 1200 2086 causa,
1230 2027 1275 2074 ac
1316 2000 1468 2097 praevia
1495 1999 1591 2074 illius
1628 2001 1755 2098 cogni-

254 2124 355 2196 tione
383 2123 536 2198 arbitrio
564 2125 699 2199 Rotae.

334 2273 370 2341 4.
401 2250 565 2322 Auditor
593 2265 717 2324 tamen
746 2252 782 2322 in
801 2250 926 2345 aliqua
946 2275 1073 2333 causa,
1093 2249 1172 2324 sive
1197 2251 1334 2348 magni,
1357 2250 1435 2323 sive
1451 2249 1555 2346 parvi
1574 2253 1755 2323 momenti

253 2374 400 2459 existat,
436 2375 549 2448 etiam
578 2377 607 2448 si
643 2377 724 2449 eius
760 2374 900 2448 decisio
936 2375 1023 2448 clari
1061 2375 1150 2448 iuris
1187 2401 1274 2449 esse
1310 2375 1490 2463 videatur,
1522 2375 1756 2449 diffinitivam

252 2500 487 2587 sententiam,
524 2498 582 2573 vel
615 2498 931 2573 interlocutoriam
963 2499 1038 2572 vim
1070 2500 1285 2574 diffinitivae
1317 2500 1530 2583 habentem,
1551 2501 1648 2575 serre
1676 2524 1756 2574 non

252 2621 385 2708 valeat,
417 2625 485 2696 nisi
513 2649 626 2698 causa
654 2623 692 2695 in
719 2625 819 2698 Rota
847 2623 1053 2720 proposita,
1084 2638 1124 2696 et
1160 2623 1295 2698 habitis
1332 2625 1429 2698 votis
1468 2620 1753 2710 Coauditorum,

253 2746 322 2819 nisi
349 2764 478 2843 partes
502 2749 537 2821 in
563 2751 658 2822 actis
684 2774 866 2844 expresse
894 2751 1137 2833 consenserit,
1159 2750 1263 2845 quod
1282 2771 1396 2822 causa
1415 2748 1494 2822 sine
1511 2765 1603 2823 voto
1621 2773 1758 2823 eorun-
1785 2736 1789 2742 ’

252 2871 338 2944 dem
368 2871 639 2948 Coauditorum
666 2873 833 2970 expediri
852 2875 983 2969 possit.
1006 2872 1204 2968 Denique¹
1231 2872 1265 2947 in
1285 2872 1366 2946 aliis
1390 2873 1583 2969 quibusvis
1611 2873 1758 2968 praeiu-

253 2995 445 3071 dicialibus
474 2999 633 3072 decretis
657 3000 799 3072 servari
821 2998 1005 3085 volumus,
1026 2999 1058 3072 si
1080 3014 1195 3082 actor,
1217 2997 1276 3071 vel
1300 3023 1397 3081 reus,
1423 2998 1526 3095 quod
1555 2999 1756 3094 negocium

253 3122 288 3196 in
316 3123 428 3217 plena
457 3123 558 3197 Rota
585 3140 847 3221 cognoscatur,
877 3123 1076 3198 insteterit.

225 3229 229 3238 Α
336 3268 370 3341 5.
399 3249 504 3335 Item,
534 3249 743 3322 sententiae
760 3248 859 3322 latae
887 3274 955 3344 per
973 3249 1192 3332 Auditores,
1214 3263 1329 3344 prout
1355 3231 1392 3321 1⁴n
1411 3246 1553 3335 cedula,
1575 3264 1618 3320 ut
1636 3247 1756 3322 moris

252 3387 324 3458 est,
357 3372 416 3446 vel
449 3397 519 3468 per
548 3374 647 3446 viam
685 3373 830 3446 termini
863 3399 933 3469 pro
966 3388 1126 3459 servato,
1163 3371 1454 3456 subscribantur,
1490 3387 1528 3445 et
1559 3370 1756 3467 publicen-

252 3496 376 3571 turin
403 3499 498 3571 actis
529 3498 626 3570 intra
654 3497 864 3592 quindecim
893 3497 984 3582 dies,
1016 3497 1118 3572 etin
1146 3497 1275 3586 ultima
1302 3496 1388 3569 anni
1415 3495 1606 3570 audientia
1637 3495 1752 3584 latae,

251 3620 343 3693 inira
380 3645 564 3707 mensem;
597 3621 761 3717 alioquin
790 3620 1118 3717 pronunciationes
1145 3620 1359 3694 huiusmodi
1391 3643 1461 3716 pro
1489 3618 1754 3694 circumductis

254 3747 474 3822 habeantur.

333 3875 368 3944 6.
399 3870 563 3946 Termini
591 3872 704 3945 etiam
734 3895 803 3968 pro
823 3873 982 3946 servatis
1008 3872 1135 3958 habiti,
1167 3889 1206 3946 et
1235 3871 1390 3945 cedulae
1408 3869 1575 3966 ipsarum
1605 3885 1757 3948 senten·

252 3996 396 4082 tiarum,
427 4019 525 4092 quae
553 3995 740 4070 interdum
769 4021 839 4093 per
878 3995 990 4069 alium
1020 3996 1216 4081 notarium,
1252 4021 1367 4090 quam
1395 3994 1602 4069 actuarium
1634 3995 1754 4091 ipsius

251 4145 388 4194 causae
425 4119 474 4194 ad
507 4120 744 4195 referendum
779 4119 896 4217 accipi
928 4136 1214 4205 consueverunt,
1253 4119 1463 4194 referantur
1488 4121 1559 4217 ipsi
1605 4119 1754 4194 notario

251 4268 388 4319 causae
407 4245 540 4319 eadem
560 4244 619 4319 vel
635 4246 809 4341 sequenti
827 4246 899 4328 die,
921 4270 997 4343 qua
1015 4245 1253 4341 recipiuntur.
1275 4246 1314 4318 ln
1334 4244 1472 4318 ultimis
1491 4271 1582 4321 vero
1601 4245 1756 4320 audien·

252 4371 324 4454 tiis,
355 4371 489 4444 saltem
517 4370 609 4444 infra
637 4369 812 4454 triduum,
844 4385 884 4443 et
912 4371 943 4442 si
970 4368 1146 4454 Auditor,
1176 4369 1240 4466 qui
1268 4369 1539 4465 pronunciavit,
1574 4386 1689 4466 prout
1716 4369 1754 4443 in

253 4493 396 4578 cedula,
417 4495 477 4567 vel
501 4495 700 4568 terminum
727 4493 856 4569 habuit
884 4517 954 4591 pro
982 4511 1145 4582 servato,
1169 4493 1362 4568 retinuerit
1390 4493 1603 4570 citationem
1632 4519 1755 4592 penes

253 4643 306 4706 se,
335 4619 434 4692 illam
462 4619 609 4694 notario
638 4644 773 4693 causae
814 4617 981 4693 similiter
1022 4619 1120 4694 intra
1160 4619 1376 4716 praedictos
1412 4618 1495 4694 dies
1526 4621 1754 4717 consignare

252 4746 410 4832 debeat;
440 4743 532 4818 alias
561 4744 706 4817 termini
733 4745 945 4818 huiusmodi
974 4744 1227 4831 circumducti,
1256 4761 1296 4818 et
1323 4744 1414 4816 irriti
1441 4759 1680 4818 censeantur.

336 4889 369 4961 7.
398 4870 564 4944 Auditor
589 4895 681 4944 vero
709 4893 782 4944 non
810 4871 1032 4965 pronunciet
1060 4870 1096 4942 in
1124 4894 1249 4956 causa,
1280 4869 1351 4942 nisi
1377 4869 1546 4965 perlecto
1575 4872 1750 4968 registro,

251 5011 291 5067 et
317 4993 379 5067 illo
406 4995 456 5068 ad
490 4997 627 5070 Rotam
655 4993 792 5081 delato,
824 5019 1007 5067 unacum
1041 4994 1149 5068 dictis
1179 4994 1343 5079 testium,
1373 4993 1513 5068 illisae
1544 4994 1688 5069 iuribus
1715 4996 1750 5068 in

251 5120 384 5194 eadem
412 5121 524 5206 Rota,
555 5135 668 5216 prout
696 5144 757 5193 res
784 5119 965 5217 exegerit,
995 5119 1113 5194 lectis.
1142 5119 1183 5192 In
1211 5118 1340 5193 ultima
1367 5143 1459 5193 vero
1486 5121 1574 5195 anni
1601 5120 1751 5195 audien·
1775 5099 1782 5116 ⁸

333 5397 342 5430 ¹
362 5397 398 5457 In
422 5395 629 5470 «ordinat»,
649 5413 680 5456 n.
698 5395 815 5471 XVIII,
833 5397 967 5472 legitur:
986 5396 1155 5469 Idemque.
