3708 5918
768 329 924 400 Murtr'no¹
941 339 971 400 V
1556 337 1609 398 105

97 535 235 609 dicitur
263 535 429 612 debilem
456 550 523 610 aut
550 536 671 608 minus
699 535 848 629 plenam
876 531 1175 607 informationem
1203 531 1352 605 dederit
1378 544 1444 604 aut
1467 531 1610 604 miserit

102 683 216 756 super
245 685 305 734 ea.
325 657 441 752 Quod
470 659 502 732 si
529 658 614 756 quis
633 663 920 755 procuratorum
948 656 1224 753 praedictorum
1252 657 1289 728 in
1316 656 1388 729 hoc
1416 653 1611 752 culpabilis

102 799 277 880 repertus
311 783 431 871 luerit,
461 807 531 881 per
559 807 694 858 causae
722 783 934 857 auditorem
961 782 1021 857 vel
1058 781 1227 868 iudicem,
1258 781 1321 877 qui
1351 779 1422 854 hoc
1450 781 1607 868 noverit,

103 910 224 983 autin
242 908 365 984 altero
392 908 685 1006 praemissorum
704 933 789 981 eum
810 906 1112 1005 deprehenderit,
1143 931 1210 980 seu
1240 907 1271 980 si
1298 906 1371 980 hoc
1390 906 1607 1004 neglexerit,

104 1059 172 1131 per
192 1033 551 1109 Vicecancellarium
571 1033 631 1110 vel
651 1035 732 1110 eius
752 1034 1081 1122 locumtenentem‚
1102 1031 1257 1129 quando
1276 1032 1344 1106 sibi
1364 1030 1413 1104 de
1432 1030 1503 1104 hoc
1523 1052 1610 1104 con·

104 1159 253 1246 stiterit,
282 1175 470 1256 perpetuo
493 1161 552 1234 vel
579 1163 630 1234 ad
650 1178 811 1256 tempus,
842 1172 956 1254 prout
983 1181 1098 1232 causa
1126 1157 1263 1254 exiget,
1285 1180 1308 1230 a
1336 1155 1610 1252 procurationis

106 1283 229 1358 officio
256 1284 293 1358 in
321 1285 422 1358 dicta
451 1283 564 1359 Curia
593 1284 856 1382 suspendatur,
887 1297 926 1356 et
957 1283 1050 1356 alias
1082 1283 1290 1356 secundum
1318 1303 1429 1354 casus
1456 1278 1611 1378 exigen-

106 1410 207 1493 tiam,
246 1434 315 1508 per
350 1410 583 1506 praedictum
612 1406 964 1484 Vicecancellarium
991 1406 1051 1480 vel
1079 1404 1396 1480 locumtenentem
1424 1403 1608 1502 puniatur.
1671 1393 1674 1400 ’

108 1533 212 1608 ldem
227 1534 410 1622 volumus,
428 1534 533 1630 quod
548 1535 579 1607 si
593 1548 828 1631 procurator,
845 1557 914 1628 per
927 1531 1207 1628 corruptionem
1222 1529 1282 1604 vel
1294 1529 1404 1603 aliam
1421 1527 1609 1612 malitiam,

105 1660 142 1730 in
170 1658 293 1731 causis
321 1683 417 1755 quas
445 1657 705 1732 defendendas
733 1657 955 1753 susceperit,
986 1671 1026 1728 et
1060 1678 1128 1728 eas
1156 1655 1317 1728 scienter
1342 1653 1402 1727 vel
1431 1677 1500 1750 per
1531 1654 1613 1725 eius

108 1782 378 1880 negligentiam
408 1781 611 1880 perdiderit
638 1783 675 1854 iu
703 1781 907 1854 laesionem
937 1778 1026 1852 iuris
1040 1801 1132 1852 suae
1150 1779 1278 1874 partis,
1299 1779 1514 1852 observari:
1535 1800 1613 1873 quo

107 1931 209 1991 casu,
234 1908 283 1980 ad
312 1931 578 2005 quaecumque
606 1909 743 1980 damna
762 1920 802 1979 et
825 1930 1024 2002 expensae,
1046 1903 1145 1978 ultra
1163 1903 1356 2000 praedicta
1374 1903 1495 1976 eidem
1515 1900 1613 1998 parti

108 2030 355 2118 restituenda,
386 2045 571 2106 teneatur.
607 2031 782 2105 Similiter
810 2031 846 2104 iu
874 2044 1151 2125 procuratores,
1187 2027 1262 2126 qui,
1302 2043 1506 2124 postquam
1543 2049 1615 2123 pro

108 2181 185 2230 una
213 2171 322 2254 parte
349 2181 503 2231 causam
527 2155 699 2242 dixerint,
729 2181 813 2229 eam
851 2169 982 2229 contra
1010 2155 1130 2252 ipsam
1167 2169 1205 2227 et
1242 2177 1312 2250 pro
1339 2153 1421 2227 eius
1453 2151 1614 2226 adversa

109 2298 218 2379 parte
246 2283 453 2357 defendunt
480 2299 519 2356 et
537 2283 688 2356 ducunt.
707 2279 910 2376 Quodque,
941 2279 972 2352 si
1000 2279 1085 2375 quis
1105 2303 1152 2352 ex
1171 2277 1476 2375 procuratoribus
1504 2301 1615 2372 prae-

107 2407 217 2480 dictis
242 2406 301 2482 vel
322 2407 415 2494 aliis,
437 2421 525 2504 post
552 2405 843 2502 appellationem
872 2403 1133 2499 interpositam
1162 2402 1316 2476 indicta
1336 2401 1460 2488 Curia,
1492 2400 1614 2474 huius·

109 2524 214 2604 modi
258 2531 522 2630 appellationis
567 2555 720 2606 causam
761 2529 910 2602 finxerit
957 2553 1043 2602 esse
1087 2526 1337 2612 commissam,
1381 2542 1423 2599 ut
1466 2542 1615 2622 partem

109 2659 311 2733 adversam
339 2659 574 2754 decipiat-et
599 2681 683 2731 eam
702 2657 751 2730 ad
770 2655 971 2729 dicendum
988 2670 1118 2729 contra
1137 2652 1349 2727 huiusmodi
1369 2651 1492 2726 fictam
1513 2675 1616 2724 com·

109 2785 327 2859 missionem
347 2784 451 2857 citari
479 2783 618 2866 lecerit,
640 2783 676 2854 in
704 2780 834 2878 viginti
863 2779 1026 2854 florenos
1047 2778 1230 2853 Camerae
1259 2777 1443 2874 puniatur,
1475 2777 1511 2849 in
1545 2776 1617 2872 piis

109 2909 300 3007 operibus,
329 2933 399 3004 per
427 2931 579 2982 manum
606 2905 891 3002 eleemosynarii
909 2903 1102 3002 praedicti,
1124 2895 1398 2977 convertendis.
1421 2901 1471 2974 Et
1489 2901 1617 2974 huius-

112 3033 214 3109 modi
240 3049 519 3129 procuratores,
550 3033 624 3127 qui,
655 3047 697 3104 ut
724 3031 809 3105 lites
838 3030 900 3103 diu
929 3030 1065 3103 durare
1097 3027 1243 3115 iaciant,
1275 3027 1370 3100 fictis
1400 3025 1616 3123 appellatio-

111 3160 220 3233 nibus
247 3173 287 3231 et
314 3157 637 3230 commissionibus
666 3171 832 3240 utuntur,
863 3155 931 3228 nisi
960 3153 1202 3251 probaverint
1226 3137 1362 3226 ¹causas
1395 3147 1618 3247 appellatio·
1701 3135 1707 3156 ’

111 3272 199 3358 num
228 3301 268 3357 et
297 3283 602 3356 commissionum
631 3279 846 3355 huiusmodi
873 3303 984 3352 veras
1011 3302 1109 3361 esse,
1131 3293 1171 3350 et
1200 3277 1301 3374 ipsas
1329 3274 1540 3350 relevantes
1568 3273 1618 3348 ad

112 3408 202 3483 iuris
217 3407 275 3482 sui
293 3406 599 3492 declarationem,
616 3405 745 3479 iudicis
759 3404 818 3478 vel
838 3400 1138 3478 Vicecancellarii
1158 3427 1225 3476 seu
1244 3400 1494 3497 praesidentis
1508 3422 1619 3494 prae·

112 3535 296 3610 dictorum
326 3531 481 3607 arbitrio
508 3531 724 3627 puniantur,
762 3543 802 3602 et
828 3528 927 3626 parti
954 3528 1150 3613 adversae,
1180 3551 1277 3622 quae
1311 3522 1475 3598 indebite
1503 3546 1619 3596 vexa-

112 3657 245 3743 verint,
275 3656 324 3730 de
352 3655 499 3730 damnis
526 3669 567 3729 et
593 3653 786 3738 interesse,
818 3677 916 3749 quae
943 3667 1147 3748 propterea
1174 3648 1377 3736 incurrerit,
1406 3662 1616 3722 teneantur.

192 3785 211 3880 ᾗ
241 3805 304 3875 32.
325 3778 345 3822 '¹‘
362 3781 516 3865 Verum,
532 3806 617 3855 cum
632 3780 720 3854 dicti
740 3792 1006 3876 procuratores
1025 3777 1156 3876 gravia
1174 3790 1309 3874 gerant
1329 3773 1495 3871 negocia,
1517 3771 1618 3846 simi-

111 3906 195 3981 liter
222 3906 258 3980 in
279 3905 444 3980 moribus
462 3929 611 4004 graves,
642 3905 676 3978 in
705 3921 829 4001 gestu,
851 3903 979 3977 habitu
1004 3917 1043 3976 et
1062 3901 1347 3976 conversatione
1366 3897 1514 3972 honesti
1533 3921 1619 3970 esse

114 4031 271 4107 debent:
301 4031 406 4127 quod
444 4029 600 4128 praelati
629 4045 894 4126 procuratores
922 4026 959 4100 in
986 4027 1115 4100 habitu
1145 4023 1292 4099 decenti
1324 4038 1363 4098 et
1390 4024 1552 4097 honesto
1580 4037 1620 4096 et

112 4172 213 4230 statu
234 4155 417 4228 soeculari
436 4154 671 4229 convenienti
700 4152 883 4240 incedant,
916 4153 1092 4226 tabernas
1122 4174 1194 4224 non
1224 4149 1519 4244 frequentantes,
1551 4171 1620 4219 nec

113 4281 188 4355 sint
215 4279 477 4370 concubinarii.
501 4278 541 4353 Si
569 4278 653 4376 quis
681 4293 808 4352 autem
829 4275 1054 4350 contrarium
1075 4274 1214 4362 lecerit,
1234 4274 1285 4349 ab
1303 4271 1517 4358 huiusmodi
1536 4295 1619 4368 pro·

113 4404 316 4479 curationis
353 4403 484 4492 officio,
514 4428 583 4500 per
614 4403 818 4488 auditores,
858 4401 998 4474 iudices
1033 4417 1073 4474 et
1109 4397 1386 4474 commissarios
1415 4396 1619 4492 praefatos,

114 4529 318 4627 repellatur
334 4545 374 4604 et
401 4528 552 4626 penitus
571 4528 801 4614 excludatur,
823 4542 863 4600 et
889 4525 982 4598 alias
1005 4550 1073 4625 per
1091 4524 1232 4599 dictum
1253 4518 1618 4604 Vicecancellarium

115 4654 173 4729 vel
200 4655 283 4728 eius
310 4654 641 4739 locumtenentem‚
671 4649 994 4726 animadversione
1023 4648 1151 4723 debita
1180 4646 1365 4744 puniatur.
1387 4644 1406 4686 *

194 4781 213 4876 ξ
245 4802 311 4872 33.
333 4777 383 4850 Et
412 4777 658 4861 nihilominus,
681 4776 785 4873 quod
812 4776 861 4849 de
889 4791 1015 4850 cetero
1044 4774 1167 4848 nullus
1188 4772 1222 4844 in
1244 4771 1456 4846 sacerdotio
1484 4769 1622 4844 consti-

117 4919 231 4988 tutus,
252 4919 317 4978 aut
335 4902 558 5001 dignitatem
585 4900 645 4976 vel
665 4915 909 4998 personatum
929 4896 1153 4974 cathedralis
1181 4896 1240 4970 vel
1259 4895 1478 4993 collegiatae
1498 4892 1622 4968 Eccle-

118 5029 194 5104 siae
223 5028 377 5127 pacifice
411 5027 595 5112 obtinens,
626 5027 674 5099 ad
702 5024 914 5098 huiusmodi
951 5021 1223 5120 procurationis
1259 5019 1368 5095 officii
1405 5019 1621 5095 exercitium

116 5153 402 5250 quomodolibet
419 5150 651 5237 admittatur,
681 5149 803 5223 necin
830 5175 878 5224 eo
907 5147 1108 5234 toleretur;
1139 5161 1178 5221 et
1206 5147 1235 5220 si
1259 5145 1307 5221 de
1336 5145 1407 5220 hoc
1436 5145 1470 5217 in
1500 5145 1623 5220 causis

120 5305 186 5377 per
221 5295 369 5377 partem
406 5277 606 5352 adversam
641 5275 730 5350 data
758 5275 868 5350 luerit
895 5273 1080 5371 exceptio,
1109 5297 1157 5346 ex
1185 5289 1273 5346 tunc
1310 5295 1512 5367 processus
1547 5291 1621 5342 non

118 5405 260 5482 valeat:
289 5402 425 5480 eadem
444 5418 570 5477 tamen
598 5425 687 5500 pars
715 5401 876 5474 adversa
904 5400 952 5473 de
972 5423 1039 5472 sua
1068 5397 1103 5470 in
1123 5395 1336 5470 huiusmodi
1356 5418 1469 5469 causa
1498 5392 1622 5468 delen·
