3686 5916
730 290 896 350 Clemente
915 289 1006 350 XIII

119 394 275 404 ...αμα-
284 393 617 402 ----——.--—
823 391 1191 400 mmm-

817 656 908 735 468.

121 817 307 892 Clementis
343 817 461 892 XIII
479 817 681 891 constitutio
707 842 791 915 quo,
821 817 964 889 sublato
1000 817 1193 890 venalitate
1220 817 1488 891 Notariotuum
1524 816 1561 888 T
1556 815 1611 888 ri·

197 942 341 1016 buuolis
377 943 573 1016 Auditomi
606 966 804 1014 caurorum
842 942 989 1015 Palatii
1026 942 1235 1042 Apostolici,
1256 969 1368 1046 ‚noun
1404 942 1613 1015 instituitur

195 1067 381 1142 methodus
404 1081 476 1166 pro
502 1068 654 1140 illorum
681 1065 874 1140 directione
900 1076 936 1139 et
961 1067 1244 1154 exercitiorum
1271 1068 1484 1167 opportunis
1507 1067 1610 1140 ordi-

195 1195 411 1269 notionibus.

194 1350 307 1422 (Anca.
327 1350 414 1424 Rom,
439 1348 692 1408 ‹Adme'ssr'orus
711 1347 931 1408 Notariorum
955 1349 1170 1422 utrorumque
1190 1347 1398 1424 officialium
1416 1347 1450 1408 S.
1469 1347 1613 1420 Rotae»,

113 1447 190 1514 pag.
210 1442 226 1497 1
246 1443 278 1498 et
293 1443 379 1512 ssq.).

1122 1597 1199 1672 1762,
1218 1599 1400 1658 decembris
1417 1597 1460 1672 28,
1480 1597 1612 1658 Romae.

195 1730 373 1804 Clemens
412 1729 635 1825 Episcopus
675 1755 815 1804 servus.
845 1754 1041 1806 servorum
1077 1729 1161 1802 Dei.
1198 1731 1260 1802 Ad
1297 1745 1520 1824 perpetuam
1559 1727 1612 1802 rei

120 1856 348 1930 memoriam.

198 1981 299 2054 Licet
324 1981 530 2054 curandum
563 1979 726 2055 Pontifici
755 1981 921 2054 Maximo
950 1983 998 2054 sit
1026 1995 1067 2052 ut
1095 1981 1129 2052 in
1162 1980 1374 2054 Christiana
1408 1979 1614 2074 Republica

117 2130 175 2178 res
204 2131 381 2202 quaeque
410 2130 556 2178 summa
584 2106 656 2178 fide
685 2107 979 2203 integritateque
1010 2104 1330 2189 administrentur,
1362 2103 1449 2176 illud
1488 2119 1613 2180 tamen

117 2256 267 2326 semper
296 2229 654 2304 Praedecessoribus
684 2230 834 2304 Nostris
862 2230 1105 2304 vehementer
1132 2255 1244 2303 curae
1277 2229 1354 2315 luit,
1386 2245 1427 2301 ut
1456 2230 1490 2300 in
1520 2228 1614 2300 iudi-

116 2355 188 2437 ciis,
210 2355 551 2450 Tribunalibusque
580 2379 653 2427 non
683 2355 804 2428 solum
833 2355 956 2430 omnia
984 2372 1085 2428 recte
1113 2369 1229 2450 atque
1256 2355 1386 2428 ordine
1406 2355 1530 2450 reipsa
1549 2353 1614 2424 fie-

115 2497 207 2568 rent,
240 2483 308 2554 sed
338 2481 423 2553 nihil
453 2482 564 2552 etiam
602 2506 676 2554 non
713 2480 850 2554 decore
886 2495 1002 2574 atque
1040 2481 1172 2556 ordine
1209 2480 1285 2553 fieri
1315 2481 1542 2554 viderentur.
1574 2479 1615 2550 ld

112 2623 242 2680 autem
270 2631 354 2680 cum
391 2621 577 2702 perpetuo
607 2605 726 2680 Nobis
753 2606 804 2678 ita
832 2605 956 2680 animo
983 2629 1027 2678 ac
1056 2629 1153 2701 pene
1189 2623 1278 2680 ante
1314 2608 1443 2680 oculos
1481 2607 1614 2680 obuer-

112 2749 214 2805 setur
248 2748 289 2804 ut
316 2756 427 2803 omne
460 2729 652 2805 consilium
692 2747 874 2816 nostrum,
905 2755 1072 2825 operam,
1104 2731 1335 2828 diligentiam
1368 2732 1404 2804 in
1440 2756 1487 2804 eo
1525 2731 1613 2826 poni

112 2870 292 2951 oportere
328 2855 545 2936 iudicemus,
577 2872 824 2950 posteaquam
854 2852 1028 2930 nonnulla
1057 2854 1103 2928 de
1134 2855 1333 2930 Auditorio
1364 2854 1450 2950 ipso
1481 2881 1613 2928 causa-

111 3005 190 3052 rum
212 2979 347 3052 Palatii
365 2979 491 3066 nostri,
511 2981 614 3076 quod
633 2980 875 3074 praecipuum
895 2977 1273 3075 honorificentiusque
1291 2995 1352 3052 est
1370 3005 1460 3075 prae
1479 2981 1613 3052 ceteris

112 3104 224 3179 Urbis
260 3104 438 3178 Tribunal
472 3119 511 3177 et
548 3103 688 3200 inquo
718 3103 798 3177 Nos
826 3103 939 3177 etiam
968 3104 1048 3178 eius
1076 3105 1172 3178 inter
1200 3103 1270 3176 XII
1294 3104 1406 3178 Viros
1435 3105 1612 3192 sedimus

111 3231 386 3318 constituimus,
408 3253 507 3326 quae
534 3231 582 3305 ad
610 3228 705 3302 illius
733 3228 1016 3326 amplitudinem
1046 3229 1215 3302 conserte
1244 3253 1357 3325 posse
1377 3231 1611 3326 putavimus:

110 3355 156 3430 de
185 3353 365 3450 Collegio
394 3356 545 3428 demum
576 3353 815 3428 Notariorum
845 3353 1013 3428 eiusdem
1042 3354 1252 3428 Tribunalis
1281 3356 1317 3428 in
1345 3369 1511 3428 veterem
1542 3371 1612 3428 sta·

112 3495 190 3552 tum
219 3457 468 3562 restituendo,
499 3477 734 3573 caeterisque
763 3477 986 3573 quibusdam
1019 3476 1167 3576 legibus
1204 3479 1404 3552 muniendo
1433 3480 1615 3577 cogitavi-

113 3630 195 3678 mus
224 3629 272 3678 ne
301 3628 376 3699 qua
406 3629 445 3676 re
471 3602 682 3676 Tribunalis
710 3603 879 3676 eiusdem
907 3603 1033 3677 decori
1063 3603 1372 3700 indemnitatique
1391 3603 1612 3701 litigantium

113 3730 279 3802 defuisse
307 3729 614 3802 existimaremur.

191 3856 300 3928 Alias
330 3853 514 3948 siquidem
544 3878 659 3948 super
691 3853 865 3949 precibus
895 3854 1015 3927 Nobis
1043 3879 1066 3926 a
1096 3853 1262 3928 Notariis
1290 3854 1476 3927 Auditorii
1514 3855 1614 3926 Cau-

111 4004 239 4052 sarum
278 3976 405 4050 Palatii
440 3978 650 4072 Apostolici
691 3977 837 4063 oblatis,
879 3977 1139 4073 particularem
1176 3980 1378 4074 quamdam
1415 3977 1613 4074 deligimus

110 4103 272 4177 duorum
302 4121 341 4175 et
360 4103 397 4176 S.
422 4102 467 4176 R.
491 4103 533 4174 E.
557 4101 820 4188 Cardinalium,
842 4118 881 4174 et
900 4103 1110 4198 aliquorum
1132 4103 1325 4178 Romanae
1347 4101 1482 4176 Curiae
1503 4103 1614 4176 Prae·

109 4227 275 4304 latorum
306 4228 662 4326 Congregationem,
683 4245 725 4302 ut
744 4255 789 4302 ea
819 4228 938 4301 Nobis
966 4228 1131 4314 referret,
1154 4255 1229 4326 qua
1256 4229 1397 4302 ratione
1417 4229 1512 4302 soret
1530 4254 1614 4302 con·
1711 4205 1715 4214 ⁸

110 4352 312 4428 sulendum
342 4353 584 4428 Notariorum
612 4353 830 4428 eorumdem
855 4354 996 4428 iuribus
1024 4373 1063 4428 et
1090 4357 1301 4450 praetensis
1329 4355 1515 4440 oneribus,
1547 4379 1614 4428 nec
1679 4415 1681 4420 ,

110 4504 185 4551 non
215 4479 379 4553 delectui
407 4479 541 4575 integri
563 4479 718 4576 Regesti
738 4478 1047 4554 documentorum
1068 4481 1243 4565 omnium,
1266 4504 1384 4575 penes
1404 4481 1508 4576 ipsos
1527 4505 1615 4576 pro·

107 4604 322 4688 ductorum,
351 4627 373 4676 a
404 4604 584 4675 Romanis
621 4603 858 4677 Pontificibus
897 4604 1252 4678 Praedecessoribus
1283 4605 1432 4679 Nostris
1460 4605 1615 4679 deman-

106 4727 197 4815 dati,
221 4731 327 4824 quod
356 4728 502 4802 Notarii
522 4729 592 4824 ipsi
611 4729 725 4802 modo
746 4731 976 4824 superfluum
996 4755 1082 4804 esse
1102 4730 1391 4804 contendebant.
1411 4730 1613 4826 Postquam

107 4869 241 4926 autem
270 4854 404 4928 eadem
443 4855 700 4952 Congregatio
739 4855 878 4949 pluries
915 4870 1041 4928 erecta
1080 4855 1198 4940 suerit,
1230 4854 1407 4950 expensis
1444 4857 1616 4930 omnibus

106 4976 347 5074 singulisque
376 4979 660 5052 circumstantiis
680 4977 778 5052 serio
797 4980 1042 5052 consideratis
1063 4981 1307 5075 inspectaque
1331 4979 1520 5064 method0‚
1543 5005 1617 5075 qua

105 5102 339 5176 documenta
380 5102 573 5200 originalia
614 5103 708 5176 actis
746 5103 882 5178 tradita
920 5119 1118 5177 servantur
1154 5128 1177 5177 a
1215 5103 1400 5192 Notariis,
1445 5105 1516 5179 sub
1556 5105 1616 5180 die

111 5231 159 5300 28
203 5225 294 5300 Maii
332 5228 500 5324 proxime
537 5229 739 5323 praeteriti,
769 5254 853 5302 cum
891 5231 972 5325 ipsa
1001 5227 1262 5326 Congregatio
1297 5255 1319 5302 a
1354 5228 1498 5302 dilectis
1533 5229 1615 5303 filiis

110 5351 269 5424 Nostris
299 5352 480 5426 Caietano
507 5352 623 5426 Tituli
651 5354 777 5428 Sancti
806 5353 1009 5451 Augustini
1037 5354 1160 5428 dictae
1188 5353 1225 5430 S.
1257 5354 1301 5429 R.
1324 5354 1366 5428 E.
1391 5355 1614 5451 Presbytero
