3720 5914
237 330 292 390 216
467 317 471 328 '
882 327 1019 388 Saeculo
1038 327 1110 389 XV

235 521 476 597 familiaribus
504 523 643 596 nostris
670 521 762 596 alias
788 519 1073 617 quomodolibet
1099 519 1297 618 descriptis
1324 535 1365 595 et
1388 519 1654 606 describendis,
1671 544 1739 594 seu

234 647 285 721 ad
302 647 421 720 instar
439 645 693 742 predictorum
722 660 966 742 exceptorum
993 643 1226 720 familiarium
1254 659 1469 720 nostrorum
1497 643 1739 740 antiquorum

236 770 522 867 descriptorum,
542 770 808 858 obtinentibus
828 768 985 866 aliisque
1002 769 1174 866 personis
1193 795 1262 867 per
1280 794 1350 844 nos
1365 795 1431 844 seu
1447 767 1739 866 predecessores

237 910 389 970 nostros
416 912 484 969 aut
510 897 642 970 sedem
670 895 878 993 predictam
898 896 1088 970 concessis
1115 910 1182 970 aut
1203 897 1241 969 in
1259 910 1455 991 posterum
1474 893 1738 980 concedendis,

236 1044 304 1095 nec
333 1045 408 1095 non
436 1019 645 1108 unionibus,
666 1020 946 1107 annexionibus,
963 1021 1326 1117 incorporationibus
1349 1035 1389 1095 et
1406 1017 1740 1115 suppressionibus

236 1171 305 1245 per
333 1169 402 1220 nos
430 1144 489 1220 vel
522 1146 651 1220 sedem
680 1145 800 1243 ipsam
829 1145 934 1220 factis
968 1171 1035 1219 seu
1065 1144 1253 1245 faciendis,
1284 1160 1326 1220 ut
1352 1143 1550 1241 prefertur,
1580 1141 1740 1240 aliisque

236 1271 440 1369 premissis,
460 1270 597 1368 quibus
616 1271 801 1357 omnibus,
822 1271 935 1345 etiam
964 1271 995 1344 si
1023 1270 1071 1344 de
1099 1269 1170 1344 illis
1189 1295 1398 1366 eorumque
1424 1255 1516 1344 totis
1544 1269 1739 1344 tenoribus

237 1394 411 1493 specialis
439 1409 478 1469 et
506 1420 688 1491 expressa
718 1418 764 1467 ac
800 1394 989 1469 individua
1024 1396 1166 1469 mentio
1207 1394 1382 1470 habenda
1418 1394 1527 1480 foret,
1556 1409 1663 1468 motu
1699 1409 1741 1468 et

237 1520 391 1594 scientia
410 1520 601 1606 similibus,
626 1519 754 1616 quoad
778 1519 964 1616 premissa
984 1519 1197 1616 specialiter
1221 1534 1262 1594 et
1283 1543 1465 1616 expresse
1493 1517 1739 1615 derogamus,

236 1669 409 1742 quasque
428 1645 465 1718 in
483 1669 530 1718 ea
548 1661 657 1741 parte
675 1670 751 1741 qua
769 1643 860 1740 ipsis
880 1645 1128 1719 Auditoribus
1142 1659 1183 1718 et
1196 1645 1512 1720 Locatenentibus
1527 1646 1563 1718 in
1579 1643 1741 1718 Canoni-

237 1787 387 1844 catuum
406 1783 446 1844 et
459 1770 736 1867 prebendarum
752 1795 795 1844 ac
810 1771 1046 1867 dignitatum,
1062 1786 1345 1867 personatuum,
1360 1768 1739 1852 administrationum,

235 1893 453 1981 officiorum,
474 1895 815 1990 prestimoniorum,
837 1894 1049 1992 portionum
1068 1910 1109 1968 et
1127 1893 1348 1989 simplicium
1370 1894 1604 1991 aliorumque
1622 1893 1742 1968 bene—

235 2017 401 2092 liciorum
438 2019 691 2116 predictorum
732 2020 972 2094 assecutione
1008 2018 1240 2115 preiudieent
1275 2036 1341 2092 aut
1381 2019 1508 2115 aliquo
1548 2015 1664 2092 modo
1701 2017 1741 2090 in

236 2143 401 2217 futurum
438 2143 671 2240 preiudicare
708 2161 876 2240 possent,
907 2157 1013 2218 motu
1050 2161 1088 2217 et
1116 2144 1271 2217 scientia
1307 2143 1497 2231 similibus,
1528 2167 1739 2228 cassamus,

237 2267 425 2343 irritamus
448 2284 487 2342 et
512 2268 747 2342 annullamus
774 2295 819 2344 ac
846 2269 986 2344 viribus
1013 2268 1186 2342 omnibus
1213 2293 1453 2356 evacuamus,
1477 2291 1638 2342 necnon
1666 2292 1741 2364 pro

237 2391 365 2481 cassis,
387 2391 497 2466 irritis
520 2408 561 2468 et
586 2391 696 2467 nullis
723 2393 852 2468 haberi
879 2390 1052 2467 volumus
1074 2408 1115 2466 et
1142 2393 1383 2479 mandamus;
1413 2393 1625 2488 ceterisque
1653 2415 1742 2466 con-

236 2518 359 2590 trariis
387 2519 702 2615 quibuscumque:
732 2535 770 2592 et
808 2521 859 2592 ita
890 2541 959 2614 per
988 2541 1249 2615 quoscumque
1276 2517 1418 2592 iudices
1445 2516 1736 2602 commissarios,

237 2641 469 2718 Executores
497 2656 537 2716 et
563 2642 771 2742 delegatos,
802 2657 878 2716 tam
906 2641 942 2716 in
962 2641 1134 2716 Romana
1157 2641 1271 2716 Curia
1289 2666 1403 2738 quam
1423 2657 1531 2714 extra
1548 2665 1645 2726 eam,
1665 2663 1740 2736 pro

235 2782 406 2864 tempore
434 2768 637 2864 deputatos
666 2767 903 2841 iudicandum
930 2768 1012 2841 fore
1040 2782 1078 2841 et
1106 2766 1257 2841 iudicari
1276 2767 1427 2854 debere,
1448 2764 1596 2842 sublata
1623 2765 1679 2840 cis
1697 2781 1741 2838 et

236 2915 367 2965 eorum
394 2891 543 2966 cuilibet
570 2893 704 2988 quavis
731 2891 804 2966 alia
831 2891 927 2967 circa
963 2893 1148 2987 premissa
1179 2891 1287 2965 aliter
1314 2890 1498 2966 iudicandi
1527 2914 1594 2964 seu
1623 2891 1740 2966 etiam

236 3015 505 3111 interpretandi
532 3013 724 3101 facultate;
744 3017 991 3090 decernentes
1009 3040 1057 3089 ex
1078 3039 1174 3089 nunc
1202 3015 1345 3088 irritum
1363 3031 1404 3089 et
1431 3015 1539 3089 inane
1567 3014 1598 3088 si
1627 3039 1740 3088 secus

238 3164 354 3236 super
380 3140 437 3213 his
460 3164 483 3212 a
501 3163 705 3237 quoquam,
731 3141 863 3237 quavis
881 3139 1116 3225 auctoritate,
1138 3139 1300 3214 scienter
1318 3139 1376 3213 vel
1396 3140 1625 3236 ignoranter,
1647 3163 1742 3213 con-

238 3263 364 3361 tigerit
400 3266 635 3361 attemptari:
654 3265 874 3338 eorumdem
893 3279 1021 3339 autem
1040 3263 1272 3362 singulorum
1292 3263 1520 3338 Auditorum
1537 3280 1577 3337 et
1595 3261 1740 3337 locate-

236 3388 402 3462 nentium
421 3388 588 3484 ipsorum
608 3389 758 3462 nomina
775 3404 815 3464 et
832 3389 1066 3485 cognomina,
1088 3387 1242 3486 gradus,
1264 3387 1465 3483 qualitates
1483 3402 1522 3462 et
1541 3386 1738 3462 dioeceses

237 3513 349 3588 etiam
376 3513 617 3610 presentibus
645 3513 774 3588 haberi
801 3510 974 3587 volumus
1007 3537 1078 3609 pro
1104 3536 1301 3610 expresso

257 3699 259 3704 ,
319 3637 417 3710 Nulli
445 3662 539 3734 ergo
567 3638 718 3712 omnino
746 3638 936 3712 hominum
965 3637 1076 3712 liceat
1092 3635 1186 3710 hanc
1205 3638 1383 3735 paginam
1407 3652 1537 3712 nostre
1555 3637 1741 3711 constitu-

236 3759 358 3844 tionis,
389 3759 645 3847 ordinationis,
673 3761 936 3844 concessionis,
970 3759 1122 3844 decreti,
1157 3761 1430 3846 declarationis,
1464 3759 1735 3857 derogationis,

236 3884 468 3967 cassationis,
490 3884 715 3970 irritationis,
737 3883 1009 3970 annullationis,
1039 3885 1302 3970 evacuationis,
1333 3884 1500 3960 mandati
1531 3900 1572 3959 et
1603 3883 1738 3958 volun-

236 4010 325 4082 tatis
353 4008 564 4106 infringere,
593 4010 653 4083 vel
679 4009 726 4098 ei,
746 4035 841 4084 ausu
870 4009 1081 4094 temerario,
1110 4009 1312 4084 contraire:
1343 4009 1375 4082 si
1402 4009 1488 4104 quis
1515 4025 1642 4082 autem
1662 4009 1738 4082 hoc

235 4147 463 4230 attemptare
499 4137 782 4232 presumpserit,
812 4135 1107 4234 indignationem
1135 4133 1404 4230 omnipotentis
1433 4132 1505 4206 Dei
1532 4157 1577 4208 ac
1607 4134 1736 4208 beato-

236 4281 318 4330 rum
348 4256 446 4331 Petri
473 4275 512 4330 et
540 4257 641 4333 Pauli
669 4256 941 4355 Apostolorum
969 4259 1051 4332 eius
1080 4281 1122 4331 se
1151 4257 1297 4332 noverit
1314 4260 1557 4334 incursurum.

318 4381 459 4456 Datum
477 4383 608 4468 Rome,
632 4384 734 4480 apud
752 4383 932 4458 Sanctum
953 4382 1114 4470 Petrum,
1136 4382 1249 4456 Anno
1268 4381 1535 4458 Incarnationis
1550 4382 1737 4458 dominice

236 4504 435 4580 Millesimo
465 4507 836 4606 quadringentesimo
863 4507 1123 4605 octuagesimo
1151 4521 1299 4602 quarto,
1321 4505 1469 4601 Quarto
1497 4531 1617 4582 nonas
1645 4505 1733 4593 iulii,

235 4631 474 4729 pontificatus
502 4633 621 4707 nostri
647 4658 746 4706 anno
775 4631 1045 4707 tertiodecimo.

346 4791 489 4876 Gratti,
519 4791 764 4866 demandato
792 4791 881 4866 Seii.
911 4791 947 4866 d.
977 4817 1013 4868 n.
1038 4803 1147 4891 pape.

453 4934 499 5010 N.
529 4935 578 5008 de
606 4934 828 5010 Gottifredis
1205 4933 1248 5010 F.
1277 4935 1326 5009 de
1354 4935 1489 5009 Parma

450 5059 676 5134 Princivalus
704 5060 816 5160 gratf.
1389 5061 1436 5134 A.
1466 5059 1733 5157 Trapeluntins

451 5184 491 5260 B.
522 5183 571 5260 de
599 5183 776 5282 planeriis
