3686 5916
745 285 911 346 Clemente
929 285 1013 346 XIV
1573 287 1626 348 601

130 479 296 577 singulis,
337 480 500 576 quandiu
539 483 775 569 Auditorum,
815 498 854 555 et
891 481 1242 556 Locumtenentium
1284 505 1437 553 munere
1475 480 1628 576 perfun-

127 620 277 699 gentur,
308 602 555 702 indulgemus,
586 623 625 680 et
652 605 868 680 facultatem
905 605 1142 680 concedimus
1179 605 1330 704 legendi
1366 604 1626 699 retinendique

126 753 273 811 omnes,
303 744 344 802 et
371 755 629 828 quascumque
664 733 713 806 ab
741 731 962 827 Apostolica
1003 730 1113 814 Sede,
1145 728 1203 803 vel
1236 730 1315 804 eius
1351 729 1628 826 Congregatio-

128 853 239 925 nibus
275 851 484 940 damnatos,
514 881 558 928 ac
595 856 803 953 prohibitos
840 854 975 930 Libros
1011 854 1060 928 ad
1096 854 1155 928 ius
1192 855 1392 950 publicum,
1422 854 1539 942 civile,
1568 853 1627 926 vel

126 975 432 1051 Ecclesiasticum
474 981 758 1076 quomodolibet
798 981 1042 1076 pertinentes,
1086 980 1140 1052 iis·
1172 996 1296 1053 tamen
1339 979 1518 1075 exceptio,
1563 978 1626 1074 qui

128 1101 362 1176 Catholicam
391 1104 626 1202 Religionem
661 1122 894 1204 oppugnent,
925 1104 1130 1180 dummodo
1164 1105 1247 1178 illos
1275 1103 1473 1202 diligenter
1500 1119 1626 1177 custo-

85 1229 90 1235 ’
125 1227 243 1310 diant,
273 1251 319 1300 ue
347 1228 396 1302 ad
424 1229 579 1303 aliorum
613 1255 745 1304 manus
773 1230 990 1315 deveniant,
1031 1229 1281 1304 Permittimus
1318 1245 1456 1312 autem,
1487 1244 1529 1302 ut
1556 1251 1626 1322 pro

126 1354 364 1438 necessitate,
394 1369 459 1427 aut
495 1355 776 1451 opportunitate
816 1353 1036 1440 Causarum,
1073 1370 1113 1428 et
1148 1353 1364 1428 Studiorum
1400 1353 1624 1437 huiusmodi,

123 1501 257 1550 eorum
287 1502 438 1574 quoque
467 1481 501 1551 in
533 1477 666 1554 Studio
694 1481 941 1554 Adiutoribus
974 1480 1157 1554 dictorum
1191 1479 1388 1553 Librorum
1425 1479 1624 1552 lectionem

126 1605 306 1680 mandare
334 1623 373 1680 et
401 1609 608 1681 concedere
637 1609 793 1706 possint.

210 1737 245 1805 6.
277 1729 375 1824 Quia
411 1757 501 1806 vero
538 1734 657 1818 decet,
698 1758 794 1818 eum,
831 1733 895 1829 qui
931 1733 1088 1831 egregio
1122 1731 1194 1806 hoc
1231 1757 1385 1805 munere
1423 1731 1624 1806 decoratus

122 1871 242 1953 atque
269 1857 485 1952 perfunctus
513 1857 632 1944 fuerit,
655 1876 810 1954 accepta
839 1858 956 1931 semel
983 1858 1170 1955 quaedam
1200 1858 1351 1930 honoris
1370 1857 1531 1955 insignia
1550 1883 1624 1930 non

124 1979 324 2064 dimittere,
347 1982 415 2054 sed
444 1983 620 2070 retinere,
650 1981 747 2069 ideo,
767 1997 807 2056 et
835 1981 905 2057 hoc
933 1981 1182 2081 indulgemus,
1205 1998 1246 2055 ut
1263 1983 1427 2056 Auditor
1454 1983 1526 2069 ille,
1547 1981 1625 2055 sive

125 2105 293 2178 Nostrae
331 2105 553 2191 Pontificiae,
584 2108 662 2179 sive
696 2121 849 2180 exterae
886 2105 996 2180 fuerit
1031 2107 1204 2194 Ditionis,
1235 2106 1300 2203 qui
1336 2107 1386 2180 ad
1420 2106 1493 2180 alia
1528 2107 1626 2180 sorte

122 2255 282 2302 munera
309 2248 506 2326 promotus
536 2231 762 2304 Auditoratu
791 2257 833 2304 se
858 2232 1099 2316 abdicaverit,
1130 2231 1254 2304 valeat
1282 2231 1470 2327 deinceps
1500 2257 1621 2327 aeque

122 2379 170 2427 ac
199 2354 230 2427 si
256 2379 304 2427 eo
333 2381 374 2428 se
403 2355 524 2429 officio
552 2380 627 2429 non
653 2357 877 2443 abdicasset,
901 2357 1143 2452 infrascriptis
1171 2355 1387 2442 honoribus,
1408 2354 1623 2454 privilegiis,

123 2497 243 2574 atque
271 2481 571 2575 exemptionibus
606 2481 669 2567 uti,
700 2507 744 2555 ac
781 2482 869 2567 frui;
906 2481 1122 2554 facultatem
1157 2481 1326 2555 nimirum
1366 2479 1552 2567 induendi,
1581 2506 1625 2553 ac

122 2604 317 2679 deferendi
345 2623 565 2680 consuetum
594 2605 760 2681 habitum
791 2607 1042 2681 Praelatitium
1072 2633 1155 2680 cum
1186 2607 1414 2694 Rocchetto;
1436 2605 1623 2680 Vescendi

122 2731 218 2818 ovis,
249 2755 373 2818 caseo,
404 2734 548 2828 butyro,
579 2745 619 2805 et
644 2731 724 2806 aliis
753 2731 931 2818 laticiniis,
961 2731 1030 2806 sibi
1062 2748 1187 2806 tamen
1224 2735 1298 2820 uni,
1329 2757 1442 2807 causa
1479 2733 1625 2805 valetu-

123 2855 235 2942 dinis,
264 2854 323 2929 vel
352 2856 542 2931 laboribus
569 2858 720 2931 attritae
747 2855 805 2930 vel
833 2873 958 2932 aetate
994 2858 1290 2954 ingravescentis
1318 2857 1519 2940 concessis,
1540 2855 1625 2930 uie-

123 2982 209 3068 bus,
229 2998 269 3054 et
297 2983 539 3077 temporibus,
561 2983 697 3077 quibus
725 2983 768 3054 iis
795 2982 850 3055 uti
878 2982 1029 3056 omnino
1056 2973 1138 3055 alii's
1155 2983 1312 3056 vetitum
1340 2995 1414 3067 est;
1444 2981 1557 3077 idque
1575 2981 1624 3054 ad

123 3105 296 3180 tramites
335 3105 622 3181 Constitutionis
660 3106 866 3180 Clementis
903 3107 971 3180 Vll
1013 3107 1184 3204 incipien.
1225 3105 1398 3180 Convenit
1434 3106 1623 3203 aequitati,

122 3231 373 3305 transferendi
402 3247 601 3327 praeterea
627 3257 772 3305 annuas
792 3231 1075 3306 Ecclesiasticas
1095 3229 1300 3306 Pensiones
1320 3255 1442 3327 usque
1460 3230 1509 3304 ad
1526 3255 1626 3303 sum·

122 3381 223 3429 mam
252 3355 499 3430 ducentorum
529 3357 749 3430 ducatorum
786 3358 865 3430 auri
903 3358 952 3430 de
980 3356 1140 3431 Camera
1177 3357 1280 3430 iuxta
1318 3356 1438 3429 Breve
1475 3381 1498 3430 a
1536 3355 1623 3429 Cle-

123 3497 252 3554 mente
285 3481 338 3554 XI
375 3479 516 3554 editum
545 3480 605 3554 die
639 3506 683 3572 ¹9
713 3481 947 3578 Septembris
981 3489 1093 3576 1716,
1121 3498 1237 3579 atque
1272 3481 1442 3580 erigendi
1470 3481 1621 3556 demum

123 3607 267 3690 Altare,
299 3607 423 3702 ibique
451 3606 584 3680 diebus
612 3607 768 3703 singulis
801 3607 1014 3682 celebrandi
1051 3632 1118 3682 seu
1156 3605 1345 3682 celebrare
1380 3607 1437 3680 bis
1467 3606 1624 3680 faciendi

123 3729 414 3805 Sacrosanctum
444 3731 586 3804 Missae
613 3730 850 3818 Sacrificium,
872 3733 975 3828 quod
994 3732 1043 3804 ad
1060 3732 1289 3829 implendum
1309 3733 1499 3806 Ecclesiae
1518 3755 1624 3828 prae-

123 3872 276 3952 ceptum
304 3857 605 3953 quibuscumque
631 3857 814 3952 personis,
837 3873 925 3930 tunc
945 3859 1207 3954 praesentibus
1227 3857 1464 3956 suffragetur,
1486 3858 1534 3929 ad
1554 3857 1623 3930 for·

124 4006 224 4055 mam
243 3980 509 4078 praelaudatae
530 3980 818 4056 Constitutionis
838 3981 1042 4056 Clementis
1063 3979 1149 4055 Xlll
1168 3981 1337 4077 incipien.
1359 3981 1447 4056 Etsi
1461 3983 1621 4058 Iustitia.

208 4129 241 4200 7.
272 4105 375 4178 Sacri
403 4129 557 4201 quoque
586 4105 714 4180 Palatii
742 4105 951 4202 Apostolici
980 4107 1166 4204 Magister
1184 4130 1281 4179 unus
1300 4131 1385 4180 cum
1405 4107 1453 4180 sit
1471 4131 1518 4179 ex
1538 4105 1622 4180 Col-

122 4230 223 4328 legio
260 4231 477 4304 eorumdem
511 4231 750 4317 Auditorum,
779 4247 894 4327 atque
932 4230 1077 4306 illorum
1115 4229 1260 4317 Ordini,
1290 4230 1368 4305 iure
1395 4257 1439 4306 ac
1473 4232 1619 4316 merito,

122 4354 332 4442 adiunctuS,
367 4371 498 4440 ratam,
534 4355 755 4451 firmamque
790 4355 918 4430 haberi
955 4353 1138 4441 volumus,
1170 4373 1208 4430 et
1245 4357 1416 4430 iubemus
1452 4373 1618 4433 veterem

122 4479 217 4553 hanc
246 4482 432 4566 unionem,
462 4495 501 4553 et
537 4481 850 4578 aggregationem
888 4482 990 4555 iuxta
1018 4481 1241 4576 Apostolica
1276 4480 1421 4555 lndulta
1459 4481 1621 4554 Praede·

122 4629 315 4678 cessorum
353 4622 567 4678 nostrorum
596 4605 756 4703 Eugenii
794 4605 860 4680 ΡΡ.
892 4605 944 4677 lV
971 4629 1069 4680 anno
1105 4628 1214 4699 1437,
1246 4622 1286 4679 et
1318 4605 1522 4680 Alexandri
1551 4605 1619 4677 VII

122 4755 222 4802 anno
248 4735 362 4824 1655:
392 4730 447 4802 lta
476 4746 518 4802 ut
536 4729 641 4804 Sacri
661 4730 789 4803 Palatii
807 4729 1018 4826 Apostolici
1039 4732 1234 4827 Magister,
1257 4731 1427 4804 ultimum
1447 4733 1495 4805 de
1515 4756 1621 4805 more

120 4857 243 4930 locum
273 4875 360 4952 post
388 4879 518 4929 omnes
547 4857 752 4928 Auditores
781 4872 924 4940 tenens,
949 4855 1113 4952 Capellis
1137 4857 1309 4930 omnibus
1328 4855 1527 4929 Pontificiis
1546 4881 1620 4928 una

121 5005 205 5052 cum
234 4978 302 5053 illis
330 4981 515 5053 interesse
541 4980 694 5090 debean
725 4979 892 5066 tumidi,
924 5003 1021 5076 quae
1051 4981 1143 5054 infra
1172 4979 1358 5054 Octavam
1387 4978 1618 5053 Festivitatis

122 5105 189 5178 SS.
221 5105 493 5201 Apostolorum
522 5105 620 5178 Petri
647 5121 686 5178 et
715 5104 816 5178 Pauli
846 5105 880 5178 in
912 5105 1078 5179 Ecclesia
1108 5105 1145 5178 S.
1168 5106 1311 5178 Mariae
1331 5108 1366 5178 in
1386 5105 1457 5178 Via
1476 5103 1551 5178 lata
1569 5106 1619 5178 ab

120 5231 206 5326 ipso
233 5231 459 5305 Auditorum
489 5229 659 5329 Collegio
687 5231 816 5304 haberi
845 5230 978 5317 solent,
1001 5255 1069 5304 nec
1088 5256 1162 5304 non
1181 5231 1286 5305 alteri
1305 5233 1354 5305 ab
1373 5231 1504 5305 iisdem
1524 5254 1619 5327 quo-

123 5355 246 5430 tannis
286 5356 483 5429 habendae
525 5357 658 5429 Mense
701 5355 924 5429 Novembris
965 5356 1001 5428 in
1044 5356 1202 5434 Basilica
1245 5357 1311 5432 SS.
1349 5357 1538 5430 Laurentii
1579 5373 1620 5431 et
