3748 5914
677 347 786 406 Leone
805 347 892 408 XI·
909 347 1024 407 Paulo
1044 347 1072 407 V

121 447 694 456 ——m———n-

830 723 917 804 193.

120 905 242 978 Leone
270 905 343 979 XI
364 906 458 1002 (160
463 911 583 1000 5·160
588 907 637 1004 5).
668 905 808 978 Mortis
834 906 1030 1002 regnantis
1057 905 1185 1004 Papae
1221 905 1352 978 nuncio
1384 904 1502 976 Rotae
1535 901 1621 976 dato

199 1029 363 1128 incoepta
385 1055 584 1102 causarum
615 1030 844 1116 discussione,
874 1031 919 1103 ab
946 1029 1165 1103 discussione
1191 1037 1396 1103 ceterarum
1423 1049 1621 1101 cansarum
1654 1123 1656 1127 .

139 1233 142 1238 ,
200 1153 372 1228 desistere
398 1154 517 1228 uoluit
542 1155 653 1240 Rota,
683 1181 782 1228 anno
808 1153 913 1250 1605.

199 1325 317 1397 (Anca.
336 1325 422 1400 Rom,
440 1325 492 1384 Ex
516 1325 662 1385 «Dianio
682 1325 814 1386 cocum·
825 1333 928 1402 penes
946 1324 1111 1385 Diarium
1134 1323 1309 1384 otthoboni
1318 1327 1354 1395 ι).

638 1544 710 1618 Die
742 1567 789 1638 27
820 1543 961 1640 Aprilis
997 1549 1109 1638 1605.
1215 1582 1255 1663 s·

201 1723 300 1798 Cum
328 1737 545 1818 peteremus
574 1723 713 1797 Rotam
750 1723 818 1798 suit
852 1722 1068 1798 nunciatum
1103 1712 1207 1818 q'uod
1245 1721 1284 1794 S.
1315 1718 1364 1793 D.
1395 1718 1444 1796 N.
1481 1719 1622 1815 agebat

116 1846 282 1922 animam
316 1846 353 1919 in
389 1847 522 1920 Monte
558 1845 751 1940 Quirinali,
790 1848 1018 1922 accessimus
1056 1846 1105 1918 ad
1141 1845 1280 1920 Rotam
1317 1859 1355 1918 et
1391 1842 1480 1917 dum
1517 1860 1619 1918 vota·

117 1972 258 2044 bantur
286 1969 446 2058 Causae,
476 1970 686 2044 audivimus
716 1995 849 2047 sonum
878 1971 1109 2068 Campanae,
1139 1995 1252 2068 quem
1282 1969 1367 2043 Ave
1385 1967 1506 2042 Maria
1524 1993 1619 2042 mor-

118 2111 270 2169 tuorum
306 2109 453 2182 vocant,
492 2111 532 2169 et
569 2095 734 2170 Bidellus
763 2113 891 2170 noster
918 2096 1105 2169 nunciavit
1136 2093 1176 2171 S.
1207 2092 1255 2171 D.
1287 2093 1334 2171 N.
1365 2093 1530 2167 Leonem
1564 2092 1619 2166 XI

117 2221 259 2294 obiisse
295 2220 388 2294 hora
428 2245 470 2294 12
511 2246 595 2296 cum
634 2221 795 2306 dimidia,
836 2236 875 2294 et
910 2221 998 2318 quia
1030 2218 1152 2294 solum
1189 2219 1374 2293 medietas
1407 2217 1618 2292 Causarum

118 2343 242 2418 suerat
279 2343 460 2431 discussa,
503 2342 593 2422 DD.
632 2346 808 2420 dixerunt
842 2333 945 2442 quod
982 2345 1260 2418 discuterentur
1287 2365 1420 2417 omnes
1456 2340 1616 2429 Causae,

119 2483 234 2565 prout
261 2465 399 2544 iactum
427 2469 507 2544 fuit.

832 2771 916 2850 194.

120 2949 267 3023 Paulus
304 2951 341 3022 V
369 2949 633 3050 (1605-1621)
661 2951 792 3050 pergit
828 2950 988 3024 tri'buere
1023 2949 1255 3024 auditoribus
1290 2949 1501 3024 almannum
1544 2947 1617 3022 Cle·

197 3075 330 3148 mantis
365 3075 473 3160 VIII,
502 3085 690 3153 moscus.
719 3074 819 3152 auri'.

195 3247 313 3318 (Anca.
332 3245 420 3320 Rom,
443 3245 666 3307 ‹Extractnm
684 3247 805 3307 Dtarii
821 3247 997 3320 Coccimu).

537 3503 541 3514 =
648 3465 789 3554 Lunae,
820 3493 845 3560 4
874 3467 948 3541 iulii
982 3473 1092 3560 1605.
1161 3473 1166 3482 '

199 3645 262 3716 80.
286 3641 371 3715 Fuit
390 3642 491 3716 Rota
510 3641 796 3731 Memorialium,
817 3645 956 3742 quibus
974 3644 1091 3730 lectis,
1117 3642 1321 3718 exhibitum
1340 3644 1408 3718 fuit
1427 3641 1618 3744 DD[omi-

120 3763 191 3871 nis]
219 3782 442 3842 consuetum
471 3766 704 3853 Convivium,
726 3785 842 3868 atque
861 3769 1034 3867 exemplo
1060 3770 1120 3845 fel.
1145 3793 1219 3846 me.
1250 3769 1455 3844 Clementis
1484 3764 1518 3843 8i
1543 3771 1617 3844 sin·

120 3891 217 3988 gulis
237 3908 387 3966 centum
414 3894 517 3966 aurei
546 3893 587 3969 S.
617 3893 665 3968 D.
697 3894 744 3969 N.
776 3895 878 3968 Pauli
907 3893 941 3966 V
970 3895 1120 3970 nomine
1149 3895 1277 3970 donati
1305 3893 1491 3970 fuerunt.¹

822 4232 907 4312 195.

388 4414 487 4486 Rota
515 4414 756 4487 Martiniano
783 4437 856 4486 non
874 4412 994 4508 fiebat
1017 4413 1123 4486 initio
1151 4413 1352 4488 tertiariae.

197 4585 312 4656 (Anca.
332 4585 420 4659 Rom,
444 4583 665 4646 «Extinctum
685 4587 806 4646 Diarii
823 4585 1003 4661 Coccinx'2).

531 4805 603 4878 Die
632 4804 824 4890 Sabbhati‚
858 4809 906 4878 28
936 4804 1063 4902 aprilis
1098 4811 1208 4899 1607.

200 4985 261 5058 82.
291 4983 444 5058 Domini
472 4982 672 5058 noluerunt
698 4984 820 5058 facere
840 4983 1105 5058 Martinianam
1123 4985 1211 5081 quia
1231 4984 1267 5056 in
1285 4981 1389 5057 initio
1412 4981 1617 5056 Tertiariae

121 5103 344 5183 Martiniana
372 5133 446 5182 non
475 5109 572 5182 solet
599 5107 689 5196 fieri,
718 5109 867 5182 etiamsi
896 5108 1121 5182 Martiniana
1149 5106 1323 5182 fueritin
1351 5106 1481 5183 forma.
1560 5149 1562 5154 ·

199 5402 208 5437 ¹
228 5403 351 5464 Eadem
370 5403 531 5464 habentur
550 5405 611 5464 sub
629 5405 681 5465 die
699 5405 719 5462 5
736 5405 806 5464 iulil
827 5405 905 5464 1606.
