3720 5914
961 733 1047 814 131.

250 900 481 974 Innocentius
517 898 622 973 VIII
634 898 891 997 (1484-1492)
921 897 1051 972 statuit
1072 896 1301 970 Auditorum
1330 893 1370 970 S.
1395 896 1445 970 R.
1477 895 1594 970 Rotae
1620 892 1743 990 officia

330 1049 464 1097 uocare
483 1022 609 1097 debere
632 1035 707 1122 per
738 1022 944 1096 eorumdem
975 1020 1205 1094 Auditorum
1224 1021 1489 1120 promotionem
1506 1021 1562 1093 oo'
1583 1018 1746 1094 ecclesias

330 1143 558 1220 cathedrales
583 1146 642 1219 uel
669 1144 977 1242 metropolitauus.

330 1315 484 1388 (Borean.
501 1315 593 1390 Rou,
611 1321 689 1374 tom.
715 1315 750 1388 V,
765 1323 843 1390 pag.
861 1313 935 1388 319,
953 1312 1042 1373 Edit.
1061 1313 1178 1387 Taum).

1305 1476 1383 1551 1485,
1401 1477 1532 1552 augusti
1548 1475 1594 1548 23,
1612 1475 1751 1535 Romae.

330 1643 567 1718 Innocentius
594 1643 807 1741 episcopus,
838 1667 989 1717 servum
1017 1667 1211 1718 servorum
1243 1642 1330 1717 Dei.
1354 1644 1417 1718 Ad
1445 1658 1669 1740 perpetuam
1699 1643 1751 1716 rei

249 1769 479 1842 memoriam.
509 1809 526 1836 ν
556 1766 822 1868 Circumspecto
845 1769 885 1842 iu
912 1766 1076 1840 ommtos
1102 1767 1247 1877 actibus
1275 1767 1353 1842 suis
1373 1767 1618 1864 Apostollcae
1638 1767 1750 1842 Sedis

249 1892 501 1989 providentia,
545 1893 594 1965 ad
636 1917 681 1966 ea
717 1893 877 1966 libenter
911 1891 1081 1976 intendit,
1125 1917 1194 1989 per
1232 1917 1332 1989 quae
1373 1891 1519 1991 singula
1553 1891 1751 1966 Romanae
1847 1915 1848 1998 ζ

251 2017 388 2092 Curiae
414 2017 545 2104 officia,
568 2034 610 2091 ut
628 2018 847 2114 praefertur,
868 2016 905 2090 in
932 2017 1069 2113 quibus
1098 2018 1156 2092 ius
1184 2015 1318 2092 dicitur
1345 2041 1413 2114 per
1426 2041 1619 2114 personas,
1649 2040 1751 2114 quae
1847 2017 1848 2056 l

249 2144 298 2217 ab
326 2141 426 2216 omni
454 2139 527 2216 alio
555 2166 670 2216 onere
697 2139 812 2215 libere
841 2141 890 2214 ad
918 2139 979 2215 illa
1006 2140 1207 2216 commode
1235 2140 1430 2216 intendere
1457 2141 1615 2238 possint,
1644 2165 1751 2216 exer-

249 2282 414 2353 ceantur,
458 2280 497 2339 et
537 2290 723 2361 personae
765 2265 882 2363 ipsae,
920 2265 1009 2339 dum
1044 2265 1322 2340 cathedralibus
1350 2265 1409 2340 vel
1450 2265 1751 2362 metropolitanis

249 2390 426 2465 Ecclesiis
455 2391 729 2485 praeficiuntur,
757 2393 806 2466 ab
833 2391 1010 2465 oneribus
1038 2391 1245 2466 officiorum
1273 2390 1485 2465 huiusmodi
1512 2413 1583 2488 pro
1601 2388 1751 2487 pontifi·

250 2513 339 2589 calis
366 2517 579 2590 reuerentia
606 2515 811 2615 dignitatis,
840 2515 894 2589 uti
922 2517 1148 2591 conveniens
1183 2515 1318 2600 existit,
1356 2516 1540 2589 immunes
1576 2513 1751 2612 regimini

249 2656 289 2714 et
327 2640 593 2738 gubernationi
636 2639 875 2714 ecclesiarum
917 2639 1084 2735 ipsarum
1119 2664 1190 2736 pro
1227 2639 1358 2713 debito
1399 2638 1598 2737 pastoralis
1638 2637 1751 2714 officii

248 2763 400 2838 liberius
437 2787 583 2850 vacare,
614 2780 655 2837 et
689 2789 797 2847 onus,
827 2763 877 2836 ad
919 2763 1023 2859 quod
1068 2763 1254 2861 assumpti
1290 2763 1405 2846 luere,
1436 2762 1567 2837 melius
1601 2760 1751 2836 valeant

248 2889 465 2986 adimplere.
496 2889 607 2976 Sane,
638 2890 734 2963 sicut
762 2889 849 2962 lacti
875 2887 1063 2963 evidentia
1090 2889 1338 2976 demonstrat,
1367 2911 1641 2985 saepenumero
1660 2912 1752 2963 con·

249 3014 361 3110 tingit
388 3029 429 3087 ut
465 3013 628 3088 Romani
670 3013 866 3088 Pontifices
903 3038 973 3110 pro
1011 3029 1181 3109 tempore
1216 3014 1434 3100 existentes,
1465 3011 1750 3088 considerantes

249 3140 381 3213 merita
408 3137 628 3213 dilectorum
657 3137 816 3212 filiorum
845 3163 1043 3212 causarum
1063 3137 1191 3212 Palatii
1210 3137 1420 3233 Apostolici
1437 3137 1650 3212 auditorum
1680 3162 1751 3234 pro

249 3279 420 3359 tempore
448 3263 698 3350 existentium,
729 3277 933 3359 postquam
961 3261 1190 3358 aliquamdiu
1227 3263 1263 3336 in
1300 3286 1430 3337 eorum
1458 3260 1587 3336 officiis
1623 3259 1749 3336 lauda-

249 3387 371 3462 biliter
397 3387 627 3475 laborarunt,
657 3402 699 3460 ut
725 3386 877 3461 tandem
906 3403 996 3484 post
1023 3384 1163 3462 multos
1181 3387 1343 3473 labores,
1362 3387 1550 3484 condigna
1576 3409 1647 3482 pro
1676 3411 1749 3460 me·

249 3513 328 3586 ritis
365 3513 532 3610 praemia
571 3526 775 3609 reportent,
814 3537 892 3610 quo
927 3512 1042 3586 ceteri
1076 3511 1290 3586 huiusmodi
1330 3510 1504 3609 exemplo
1544 3511 1679 3598 allecti,
1713 3511 1749 3584 in

249 3635 330 3710 dies
358 3638 408 3711 ad
434 3636 559 3711 studia
585 3639 709 3736 magis
737 3636 993 3724 incendantur,
1023 3636 1170 3731 aliquos
1198 3661 1246 3712 ex
1277 3635 1420 3711 eisdem
1447 3634 1681 3710 auditoribus
1700 3635 1749 3710 ad

249 3763 516 3836 cathedralium
545 3763 624 3836 sive
652 3761 1022 3859 metropolitanarum
1050 3761 1290 3837 ecclesiarum
1319 3785 1390 3858 pro
1416 3776 1589 3857 tempore
1618 3785 1749 3834 vacan-

249 3888 340 3962 tium
369 3887 550 3986 regimina
568 3903 828 3983 promoveant,
850 3910 994 3982 eosque
1022 3885 1092 3959 illis
1119 3884 1338 3982 praeficiant
1354 3885 1391 3958 in
1419 3900 1612 3980 pastores;
1630 3883 1748 3980 quod·

249 4036 333 4108 que,
364 4026 452 4108 post
480 4013 754 4107 promotionem
785 4027 824 4084 et
852 4010 1144 4107 praelectionem
1172 4011 1397 4106 praedictas,
1426 4008 1619 4084 auditores
1637 4033 1746 4106 prae-

250 4134 312 4208 lati
347 4136 397 4210 ad
437 4136 620 4234 regimina
661 4133 927 4210 cathedralium
969 4133 1049 4207 sive
1089 4133 1461 4229 metropolitanarum
1495 4131 1745 4206 Ecclesiarum

249 4259 460 4334 huiusmodi
488 4261 685 4357 assumpti,
715 4258 952 4333 nihilominus
979 4257 1078 4332 dicta
1110 4263 1242 4332 eorum
1283 4258 1404 4332 officia
1436 4259 1508 4332 sub
1547 4270 1745 4354 praetextu

248 4387 350 4483 quod
378 4401 582 4483 propterea
611 4409 685 4458 non
713 4398 858 4471 vacent,
880 4408 1057 4458 exercere
1086 4407 1161 4456 non
1189 4383 1374 4471 desinant,
1395 4406 1472 4480 quo
1490 4382 1532 4454 fit
1559 4396 1601 4455 ut
1627 4381 1745 4456 eccle-

248 4513 326 4584 siae
354 4511 458 4607 ipsae
487 4487 576 4596 suis,
605 4512 656 4585 ob
682 4505 829 4583 illorum
857 4508 1073 4582 continuam
1100 4509 1136 4582 in
1165 4509 1339 4582 Romana
1358 4506 1473 4582 Curia
1492 4507 1743 4590 residentiam,

247 4651 467 4710 remaneant
494 4660 564 4731 pro
593 4635 722 4708 maiori
750 4633 933 4730 temporis
960 4649 1067 4730 parte
1095 4633 1203 4729 quasi
1230 4633 1405 4706 viduatae
1423 4634 1650 4729 pastoribus,
1673 4655 1745 4705 non

248 4760 328 4835 sine
357 4784 495 4858 magno
522 4759 667 4834 illarum
696 4759 895 4855 dispendio
922 4783 967 4830 ac
994 4759 1201 4832 animarum
1228 4755 1404 4855 periculo.

325 4885 344 4981 ξ
378 4908 408 4958 1.
438 4927 454 4939 -
484 4882 566 4957 Nos
584 4882 707 4980 igitur,
725 4883 967 4955 attendentes
988 4879 1109 4954 minus
1128 4881 1355 4954 conveniens
1375 4879 1454 4954 iore
1482 4877 1586 4976 quod
1602 4902 1744 4953 assum-

245 5009 300 5104 pti
326 5008 375 5082 ad
394 5007 607 5082 huiusmodi
625 5007 808 5104 regimina
827 5003 992 5080 debeant
1009 5003 1106 5079 circa
1125 5004 1306 5100 strepitus
1325 5003 1543 5078 iudiciorum
1572 5005 1744 5078 continue

246 5132 397 5216 versari,
427 5157 471 5206 ac
499 5131 625 5205 taliter
650 5155 738 5205 esse
765 5129 835 5203 illis
863 5129 1029 5204 intentos
1059 5149 1100 5202 ut
1126 5129 1319 5226 pastorale
1356 5127 1517 5202 officium
1555 5127 1610 5203 eis
1647 5153 1744 5202 com-

247 5259 402 5331 missum
431 5272 621 5354 nequeant
647 5280 715 5351 per
743 5280 785 5330 se
813 5255 917 5352 ipsos
944 5253 1170 5351 adimplere;
1200 5270 1238 5328 et
1266 5270 1480 5351 propterea,
1501 5278 1607 5328 more
1625 5251 1744 5354 vigilis

249 5383 425 5478 pastoris,
455 5380 654 5457 salubriter
682 5379 882 5478 providere
910 5377 1094 5466 volentes,
1123 5395 1269 5454 matura
1302 5403 1417 5476 super
1452 5377 1524 5452 hoc
1560 5403 1644 5453 cum
1678 5377 1743 5450 lra-
