3720 5914
248 337 305 398 218
883 339 1020 399 Saeculo
1037 338 1071 400 X
1079 339 1109 400 V

248 529 292 603 lis
320 555 395 628 que
423 529 640 605 immortalis
668 555 754 606 esse
781 531 891 628 cepit,
921 532 1187 616 terminabitur,
1210 531 1470 628 scandalisque
1502 533 1575 605 iam
1603 532 1742 629 paratis

248 657 469 732 obviabitur.
502 654 660 752 Nosque
687 656 757 730 hac
785 657 833 731 de
861 681 903 730 re
931 654 1300 756 D[ominationibus]
1320 654 1505 756 V[estris]
1534 679 1608 730 non
1630 655 1741 730 modi·

249 804 334 854 cum
362 779 551 879 obligatus
578 781 751 856 existam.
781 780 938 856 Paratus
965 796 1036 856 etc.
1066 779 1214 855 Valete.

707 922 911 998 Adoardus
937 923 986 997 de
1015 923 1203 997 Columna

712 1048 803 1122 Dux
829 1047 970 1122 Marsie
998 1062 1069 1122 etc.
1234 1048 1291 1121 Ex
1320 1047 1434 1122 Cavis
1463 1068 1558 1120 xvtu
1586 1046 1690 1121 Iunii.

962 1387 1048 1467 129.

250 1547 384 1622 Preces
414 1547 642 1622 Auditorum
668 1549 723 1621 ad
746 1549 893 1647 Papam
926 1561 1003 1648 pro
1028 1550 1270 1649 impetrandis
1299 1551 1426 1645 seriis,
1460 1574 1524 1624 seu
1550 1552 1738 1638 vacantzts,

323 1673 570 1770 generalibus.

329 1827 444 1900 (Ancu
463 1827 549 1900 Rom,
573 1851 586 1878 ι
600 1827 878 1902 ordinantium»,
894 1834 982 1904 part.
1001 1829 1027 1902 I,
1046 1847 1078 1890 n.
1098 1829 1212 1903 XXX).

1566 1971 1644 2032 Sine
1664 1973 1745 2032 data.
1842 1975 1843 2024 l

332 2135 553 2210 Beatissime
581 2149 691 2232 pater
726 2154 767 2211 et
795 2135 1097 2212 Clementissime
1124 2137 1285 2212 domine.
1323 2138 1528 2236 Postquam
1564 2139 1747 2214 exivimus

249 2259 299 2333 ad
335 2285 434 2356 opus
470 2260 618 2350 iustitie,
649 2279 691 2339 ut
725 2262 845 2358 inquit
870 2261 1069 2358 propheta,
1098 2287 1121 2336 a
1157 2287 1267 2337 mane
1303 2287 1425 2360 usque
1461 2262 1511 2336 ad
1547 2287 1745 2360 vesperam

249 2402 289 2459 et
316 2384 353 2457 in
381 2387 556 2462 omnibus
583 2388 846 2474 laboravimus,
877 2400 1027 2460 utentes
1055 2412 1138 2460 curn
1168 2387 1371 2463 Iustiniano
1400 2386 1543 2462 Cesare
1575 2389 1746 2462 noctibus

248 2511 320 2585 sub
347 2510 551 2607 equalitate
579 2514 734 2601 dierum,
755 2512 867 2587 adest
895 2512 967 2584 iam
995 2528 1145 2607 tempus
1164 2513 1383 2587 cessationis
1401 2513 1450 2586 ab
1477 2537 1612 2610 opere:
1634 2513 1747 2587 unde·

249 2657 403 2730 quaque
430 2651 491 2709 est
519 2636 614 2712 ratio
642 2636 828 2720 seriarum,
859 2659 972 2731 quam
1001 2636 1230 2710 constituere
1258 2662 1327 2712 sua
1360 2652 1586 2733 tempestate
1605 2636 1747 2712 romani

250 2759 456 2854 pontifices,
473 2784 544 2857 pro
557 2763 677 2836 veteri
691 2761 873 2845 institut0,
895 2761 998 2856 quod
1017 2760 1054 2832 in
1072 2760 1303 2857 Apostolatu
1323 2786 1393 2836 suo
1411 2761 1578 2838 felicibus
1596 2761 1748 2857 quidem
1842 2785 1843 2788 ’

249 2885 357 2958 annis
386 2899 449 2958 tua
478 2884 665 2961 Sanctitas
694 2885 963 2982 comprobavit,
994 2900 1126 2982 utpote
1163 2910 1238 2982 que
1278 2885 1374 2962 illius
1410 2885 1532 2960 locum
1568 2889 1747 2962 observat

250 3023 290 3081 et
318 3024 423 3084 tenet
450 3010 524 3107 qui,
556 3035 779 3109 compassus
807 3008 1008 3084 infirmitati
1036 3023 1177 3098 nostre,
1207 3009 1259 3084 sic
1286 3012 1362 3084 ait:
1403 3010 1578 3085 «Venite
1603 3011 1655 3084 ad
1687 3037 1747 3084 me

258 3158 428 3208 «omnes
456 3136 520 3230 qui
547 3135 726 3210 laboratis
754 3150 794 3208 et
820 3133 964 3208 onerati
992 3135 1096 3222 estis,
1125 3151 1165 3208 et
1191 3160 1266 3234 ego
1294 3134 1455 3210 reficiam
1482 3161 1607 3212 vos».
1626 3177 1643 3192 ·
1662 3136 1749 3210 Pre-

249 3269 355 3331 terea
382 3259 433 3331 ob
460 3257 732 3356 epylenthicam
760 3258 863 3332 urbis
891 3258 1156 3356 contagionem
1183 3283 1298 3355 quarn
1334 3259 1537 3348 verissime,
1567 3260 1745 3356 pontifex,

251 3404 327 3455 non
355 3381 518 3480 ignoras,
549 3381 739 3478 petitionis
768 3397 897 3456 nostre
934 3407 1048 3456 causa
1076 3382 1208 3456 iustior
1237 3407 1325 3456 esse
1360 3383 1518 3470 videtur,
1549 3385 1745 3481 presertim

250 3530 334 3579 cum
368 3507 404 3578 in
431 3507 619 3581 auditorio
659 3522 800 3591 nostro,
837 3509 1001 3581 omnium
1034 3523 1245 3581 exterarum
1284 3508 1453 3606 gentium
1491 3507 1744 3594 refertissimo

250 3656 344 3728 sepe
379 3632 507 3730 plures
544 3631 792 3729 pessumdare
828 3633 1033 3709 consuevit.
1072 3675 1089 3688 -
1126 3631 1375 3708 Sollicitamur
1410 3633 1562 3731 insuper
1595 3633 1645 3708 ad
1679 3633 1746 3708 has

251 3780 384 3852 preces
412 3772 479 3831 tuo
507 3757 654 3832 culmini
681 3756 932 3855 porrigendas
960 3757 1258 3854 interpellatione
1288 3776 1573 3855 procuratorum
1601 3758 1665 3856 qui
1694 3772 1744 3844 ut,

251 3883 322 3956 iarn
360 3882 535 3980 proximo
572 3884 673 3970 lulio,
713 3899 792 3957 turn
830 3883 951 3971 saluti,
982 3899 1062 3986 tum
1100 3885 1152 3957 rei
1188 3883 1356 3958 familiari
1392 3883 1579 3972 studeant,
1618 3886 1747 3958 remis-

251 4008 394 4080 sionem
423 4024 585 4104 querunt
613 4032 825 4105 operarum.
855 4007 907 4082 Hi
942 4008 1055 4082 etiarn
1093 4009 1270 4104 quoniam
1307 4033 1355 4082 ex
1390 4007 1529 4082 ultimis
1565 4008 1743 4105 hispanie,

250 4129 523 4228 galliarumque
551 4132 686 4208 finibus
713 4133 750 4206 in
778 4133 880 4206 litem
908 4131 980 4206 huc
1008 4133 1116 4222 tracti
1144 4132 1283 4227 diuque
1311 4133 1451 4207 versati
1479 4148 1579 4220 sunt,
1608 4134 1645 4207 in
1676 4135 1746 4207 hoc

251 4257 413 4331 maxime
440 4272 602 4354 tempus,
631 4283 680 4332 ex
706 4283 811 4332 more
830 4256 1013 4344 feriatum,
1034 4283 1141 4355 spem
1161 4256 1417 4332 habendarum
1440 4255 1658 4332 dilationum
1675 4281 1744 4354 pro

251 4405 448 4454 causarum
476 4381 721 4457 instructione
749 4382 985 4457 distulerunt.
1016 4425 1033 4438 -
1062 4380 1216 4456 Summa
1242 4381 1356 4480 igitur
1382 4399 1443 4458 est
1469 4381 1575 4468 ratio,
1606 4381 1746 4457 Beatis-

251 4507 344 4579 sime
374 4520 492 4602 pater,
523 4530 598 4603 que
626 4533 696 4606 pro
724 4508 823 4582 feriis
851 4507 938 4581 lacit
964 4521 1005 4582 et
1030 4508 1212 4604 pietatem
1239 4522 1341 4580 tuam
1369 4531 1523 4582 movere
1564 4507 1678 4581 debet
1704 4521 1744 4579 ut

251 4654 346 4727 quas
375 4655 444 4728 pro
472 4633 660 4706 communi
688 4631 846 4707 utilitate
882 4655 1016 4728 preces
1052 4631 1286 4716 effundimus,
1325 4631 1522 4730 magnifice
1548 4646 1589 4705 et
1619 4631 1744 4706 libera-

249 4754 332 4828 liter
359 4754 548 4832 exaudias.
569 4799 587 4813 ·
616 4756 935 4831 Commendantes
962 4781 1032 4831 nos
1050 4772 1091 4831 et
1118 4756 1287 4830 ordinem
1307 4772 1477 4831 nostrum
1504 4757 1665 4854 pedibus
1682 4774 1744 4831 tue

250 4881 467 4956 Sanctitatis
495 4907 609 4980 quam
637 4883 860 4959 Immortalis
892 4882 1064 4959 dominus
1097 4884 1307 4958 diutissima
1342 4881 1629 4981 felicissimaque
1660 4906 1745 4958 con·

250 5007 367 5082 donet
393 5008 479 5085 vita.

331 5131 510 5207 Eiusdem
540 5133 757 5208 Sanctitatis
785 5131 923 5206 Vestre

1213 5255 1360 5332 Servuli
1387 5299 1405 5314 -
1432 5256 1638 5332 Auditores

1297 5381 1392 5456 sacri
1421 5381 1557 5479 palatii.
