3684 5920
873 246 1011 308 Saeculo
1029 246 1061 307 X
1070 248 1152 308 VIII

902 635 903 640 Ν
970 584 1061 664 479.

257 729 495 816 Decernitnr,
526 729 716 804 Rotale‘um
744 727 1009 802 Archiaiorum
1036 728 1273 802 vise'tatioroem
1295 728 1551 825 peragendam
1570 754 1644 803 esse
1668 753 1752 826 qna·

338 854 464 928 tannis
493 852 551 927 die
578 853 768 929 Mercurii
785 865 870 952 post
888 854 1047 928 Pascha.

335 1009 452 1082 (Anca.
471 1005 558 1082 Ror,
582 995 773 1070 «Deare’ue'n
793 1009 1016 1082 canaram).

730 1187 905 1263 Mercurii
941 1195 984 1262 16
1013 1188 1134 1264 martii
1167 1193 1280 1284 1785.

345 1332 430 1405 Fuit
460 1333 559 1406 Rota
588 1331 872 1406 Memorialium.

340 1579 379 1654 ln
399 1580 467 1655 hac
488 1581 586 1655 Rota
606 1579 797 1655 decretum
818 1599 887 1666 est,
905 1582 1074 1679 quolibet
1087 1608 1186 1656 anno
1202 1583 1261 1657 die
1277 1583 1450 1658 Mercurii
1471 1600 1561 1680 post
1577 1583 1758 1657 Pascham

259 1702 516 1803 peragendam
544 1730 630 1778 esse
660 1705 918 1779 Archiviorum
948 1705 1210 1780 Visitationem
1238 1707 1287 1780 ad
1311 1707 1466 1780 formam
1487 1705 1629 1780 Bullae
1647 1705 1688 1779 S.
1705 1707 1758 1782 M.

265 1829 456 1904 Clementis
485 1829 606 1905 XIII.

968 2056 1058 2137 480.

266 2198 409 2299 Corpus
427 2197 669 2275 Germaniam
692 2199 843 2274 assentit
863 2203 1127 2274 controversias
1149 2227 1271 2276 manes
1293 2204 1348 2275 ad
1376 2203 1586 2276 Romanam
1608 2201 1761 2277 Curram

342 2325 600 2410 transmittere,
630 2324 822 2399 dnmmodo
848 2351 910 2398 eae
937 2325 1141 2400 immediate
1168 2325 1206 2403 S.
1238 2328 1356 2401 Rotae
1381 2327 1584 2402 Tribunali
1611 2327 1757 2426 delega-

343 2459 487 2525 rentur.

342 2606 460 2680 (Anca.
478 2606 564 2679 Ros,
588 2607 779 2668 ‹Dearr'um
798 2607 974 2668 Camerata
985 2611 1024 2680 ι).

614 2898 620 2918 ι
751 2789 880 2864 lunae
911 2813 931 2884 3
963 2789 1140 2865 Octobris
1166 2793 1278 2884 1785.

345 3039 490 3114 Eadem
519 3040 580 3113 die
609 3039 654 3116 R.
686 3038 723 3114 P.
756 3039 801 3112 D.
834 3042 883 3113 de
911 3039 1108 3116 Strasoldo
1135 3039 1237 3124 dixit,
1268 3065 1310 3114 se
1338 3041 1482 3114 litteras
1514 3041 1714 3137 accepisse
1741 3065 1763 3112 a

266 3165 363 3238 Rri'ro
393 3165 430 3240 P.
462 3163 509 3238 D.
542 3164 745 3240 Colloredo
773 3165 1070 3261 Archiepiseopo
1097 3164 1386 3264 Salisburgensi‚
1409 3165 1497 3239 olim
1516 3163 1556 3241 S.
1574 3165 1620 3240 R.
1644 3165 1763 3238 Audi·

264 3305 356 3377 tore,
388 3289 524 3385 quibus
552 3289 701 3364 nomine
728 3289 845 3365 totius
875 3287 1056 3386 Corporis
1085 3289 1296 3364 Germanici
1333 3289 1457 3387 palam
1496 3287 1595 3376 lecit,
1634 3291 1686 3364 ab
1722 3291 1764 3362 iis
1827 3295 1828 3314 .

265 3415 496 3514 Regionibus
537 3413 587 3488 ad
623 3413 834 3490 Romanam
876 3413 1028 3489 Curiam
1066 3430 1312 3510 perventuras
1353 3441 1441 3489 esse
1482 3415 1763 3490 controversias

264 3564 406 3626 omnes,
451 3540 657 3613 dummodo
703 3537 810 3614 Ssms
850 3539 997 3613 veniam
1044 3540 1289 3635 impertiatur,
1337 3559 1378 3613 ut
1417 3564 1487 3614 eae
1523 3540 1762 3614 immediatae

266 3665 303 3740 S.
335 3665 457 3739 Rotae
486 3663 689 3750 Tribunali,
719 3665 876 3740 caeteris
904 3665 1191 3762 praetermissis,
1224 3664 1502 3762 delegarentur.
1826 3655 1827 3660 ’

971 3947 1061 4028 481.

267 4093 422 4192 Pauper
446 4092 601 4189 detegant
627 4095 664 4166 si
688 4095 727 4167 ob
755 4095 945 4168 aethneam
972 4091 1071 4166 diaes
1086 4091 1168 4187 fiat
1192 4092 1310 4166 soluat
1329 4091 1369 4165 in
1387 4091 1618 4189 expeditione
1637 4118 1763 4166 causae

345 4217 523 4292 indamus
548 4218 649 4316 quod
670 4219 807 4322 tastum
832 4227 887 4292 est
912 4262 930 4273 -
957 4226 994 4290 et
1017 4218 1233 4316 impetremr
1259 4243 1284 4290 a
1311 4217 1421 4315 Papa
1448 4215 1646 4312 derogatio
1665 4221 1762 4318 Apa

344 4344 558 4419 stole'carnm
588 4343 902 4420 Conste'tuteorum.

345 4500 459 4574 (Anca.
478 4499 565 4573 Ros,
589 4497 778 4558 ‹Dearr'um
799 4498 976 4560 Camerata
988 4501 1024 4572 ι).

577 4679 761 4782 Eod[em]
791 4681 851 4756 die
881 4681 1057 4757 Mercurii
1091 4705 1153 4774 14:
1183 4679 1299 4756 Xbris
1334 4682 1445 4773 1785.

348 4929 432 5006 Hac
460 4949 587 5006 autem
616 4929 676 5005 die
701 4947 853 5005 cautum
881 4948 950 5016 est,
973 4947 1014 5004 ut
1033 4929 1068 5002 in
1087 4931 1210 5004 causis
1229 4955 1327 5028 quae
1356 4929 1608 5003 defenduntur
1627 4955 1652 5003 a
1673 4929 1761 5003 Con·

264 5057 560 5155 gregationibus,
591 5057 627 5129 in
654 5056 871 5131 Subsidium
900 5056 1108 5152 Pauperum
1145 5055 1334 5139 institutis,
1363 5053 1517 5152 quando
1546 5053 1698 5151 Pauper
1719 5057 1760 5127 ob

264 5181 456 5255 victoriam
486 5182 641 5255 relatam
680 5181 785 5256 dives
822 5179 897 5268 fiat,
934 5195 1129 5276 praestare
1162 5194 1311 5254 tenetur
1348 5178 1603 5254 emolumenta
1642 5180 1757 5254 omnia

266 5305 437 5403 quaein
478 5330 677 5381 causarum
718 5305 1016 5401 expeditionibus
1060 5305 1243 5382 iudicibus
1284 5305 1479 5391 debentur,
1525 5329 1690 5402 cumque
1725 5303 1755 5376 id
