3688 5924
675 384 852 454 Praefatio
870 384 916 442 ad
934 384 1088 444 lectorem
1343 401 1344 404 ¹
1588 401 1633 444 vu

123 575 194 648 hae
222 577 273 648 ad
295 577 515 650 documenti
535 576 671 673 singuli
691 575 882 648 historiam
903 573 1162 671 publicationis
1183 591 1354 670 spectant
1372 591 1410 647 et
1430 575 1632 648 admodum

130 699 336 784 conserunt,
371 725 445 774 non
472 718 597 774 autem
626 700 675 774 ad
703 699 918 798 generalem
946 699 1138 774 historiam
1168 699 1263 773 sacri
1292 699 1493 775 tribunalis
1524 701 1633 774 Hanc

130 850 211 922 ego,
235 849 310 898 non
337 842 464 898 autem
484 823 593 910 illam,
615 823 780 898 condidi:
801 823 972 898 instituto
1000 849 1084 898 meo
1113 823 1225 922 igitur
1244 825 1453 897 necessaria
1473 840 1512 896 et
1532 826 1633 897 suffi-

132 949 228 1022 ciens
258 950 553 1046 uniuscuiusque
574 950 786 1023 documenti
815 948 1011 1047 integritas
1030 965 1090 1022 est
1109 964 1148 1021 et
1166 950 1328 1045 genuina
1350 949 1631 1036 authenticitas;

132 1074 212 1148 huic
241 1092 424 1173 satagere
452 1077 665 1170 oportebat,
696 1091 736 1147 et
763 1074 886 1172 sategi
915 1076 1050 1170 reipsa,
1081 1087 1123 1146 ut
1151 1089 1233 1148 tuto
1269 1099 1440 1148 asserere
1478 1073 1631 1170 possim,

131 1223 188 1272 me
216 1199 448 1272 documenta
476 1199 625 1296 singula
652 1199 793 1298 legenti
821 1201 1004 1295 praebere
1022 1199 1071 1273 ad
1091 1200 1246 1272 verbum
1267 1199 1531 1272 concordantia
1550 1225 1633 1273 cum

133 1327 298 1398 textibus
328 1351 351 1398 a
381 1325 517 1420 quibus
536 1323 695 1399 fideliter
724 1349 853 1398 eorum
883 1325 1179 1420 unumquodque
1207 1325 1435 1422 exscriptum
1463 1342 1532 1398 est.

743 1665 746 1672 ·
831 1659 934 1756 §ru

363 1817 571 1886 Methodus
594 1824 766 1903 sequuta
789 1820 829 1886 in
853 1817 1122 1886 exscribendis
1147 1819 1407 1886 documentis.

211 2035 272 2084 11.
303 2053 332 2064 -
361 2011 630 2106 Exscriptionis
658 2026 784 2083 autem
813 2009 980 2082 fidelitati
1014 2036 1073 2083 me
1110 2012 1272 2084 defuisse
1309 2038 1383 2085 non
1421 2037 1502 2085 sum
1536 2013 1635 2088 arbi-

134 2153 261 2220 tratus,
295 2161 439 2208 morem
467 2135 517 2208 ad
545 2160 708 2233 unguem
739 2137 1003 2208 modernorum
1033 2160 1107 2208 non
1137 2152 1319 2232 sequutus
1347 2138 1483 2232 quibus
1520 2139 1635 2211 veluti

134 2284 249 2333 canon
279 2276 350 2342 est,
382 2260 675 2357 unumquodque
704 2259 967 2333 documentum
1006 2262 1056 2334 ita
1093 2261 1313 2348 exscribere,
1343 2278 1385 2333 ut
1413 2263 1521 2334 certis
1549 2287 1635 2357 spe·

135 2382 283 2457 cialibus
312 2385 501 2480 graphicis
529 2385 646 2481 signis
673 2385 872 2457 innuantur
899 2385 1098 2457 verborum
1127 2385 1427 2458 abbreviationes
1455 2387 1491 2457 in
1528 2402 1633 2459 textu

134 2526 382 2592 occurrentes,
414 2507 592 2580 transitus
619 2510 667 2581 ab
695 2533 768 2581 una
796 2509 844 2581 ad
873 2505 1028 2582 alteram
1057 2511 1246 2606 paginam,
1276 2526 1315 2582 et
1342 2510 1450 2583 huius
1485 2511 1634 2608 generis

134 2633 213 2708 alia.
244 2633 283 2706 Si
312 2633 397 2705 huic
425 2632 578 2730 regulae
606 2658 756 2729 semper
784 2651 822 2705 et
850 2635 886 2705 in
914 2634 1438 2730 omnibus'obtemperassem
1468 2661 1633 2730 praeser-

136 2760 198 2829 tim
236 2759 365 2852 quoad
404 2773 530 2832 textus
566 2757 730 2830 Archivii
768 2759 900 2842 Rotae,
933 2757 1154 2854 specialibus
1190 2761 1356 2833 moribus
1394 2759 1633 2834 Notariorum

133 2881 304 2978 scriptos,
335 2898 393 2956 tot
420 2898 573 2977 tamque
600 2881 756 2956 diversis
784 2883 972 2981 graphicis
1001 2885 1117 2979 signis
1148 2885 1236 2956 mihi
1273 2879 1452 2956 utendum
1491 2883 1633 2971 suisset,

134 3021 175 3077 ut
202 3004 358 3078 difficilis
394 3005 596 3079 admodum
633 3003 777 3079 illorum
814 3007 1011 3102 impressio
1053 3023 1091 3079 et
1132 3006 1243 3080 lectio
1284 3008 1478 3082 evasisset.
1511 3007 1635 3080 Curae
1717 3083 1723 3092 ,

133 3148 259 3204 tamen
288 3133 376 3204 mihi
409 3131 477 3205 suit
513 3132 665 3228 regulae
701 3131 907 3206 adhaerere
944 3133 1006 3205 ubi
1044 3131 1185 3205 incerta
1217 3132 1305 3204 mihi
1338 3131 1404 3204 luit
1441 3133 1635 3206 abbrevia-

131 3256 242 3329 tionis
271 3257 551 3352 interpretatio:
581 3255 714 3329 eadem
741 3256 891 3352 quidem
921 3258 1065 3330 ratione
1091 3253 1151 3329 me
1170 3259 1273 3354 gessi
1293 3258 1418 3352 quoad
1436 3257 1636 3354 orthogra-

130 3381 270 3475 phiam,
301 3404 412 3475 quam
442 3392 539 3458 tunc,
559 3395 704 3451 tantum
732 3379 934 3466 immutavi,
959 3405 1074 3476 quum
1104 3379 1190 3455 mihi
1210 3379 1288 3451 visa
1308 3397 1367 3453 est
1386 3397 1488 3453 certe
1511 3397 1635 3453 errata

128 3477 188 3578 vel
217 3529 372 3602 prorsus
400 3503 629 3580 inconcinna.
661 3547 676 3559 -
707 3503 896 3590 Ceterum,
926 3504 996 3577 hoc
1025 3505 1213 3599 inopere
1251 3505 1476 3578 documenta
1514 3505 1634 3599 publi-

129 3647 264 3702 cantur
293 3603 562 3724 nonpraecise
590 3644 628 3700 et
657 3627 856 3724 praecipue
884 3645 926 3701 ut
954 3630 1188 3725 publicentur
1223 3625 1342 3731 (quod
1381 3628 1513 3702 sedulo
1549 3655 1636 3724 per-

129 3753 245 3850 pendi
273 3751 440 3854 vellem);
471 3751 539 3825 sed
567 3753 687 3848 primo
722 3767 762 3825 et
797 3751 1048 3848 principaliter
1076 3769 1117 3826 ut
1151 3750 1351 3826 lectoribus
1380 3769 1533 3849 praesto
1563 3755 1637 3827 sint

130 3896 212 3951 tuta
241 3877 484 3950 fundamenta
512 3892 551 3950 et
578 3894 802 3976 argumenta
830 3878 977 3951 duobus
1009 3877 1323 3974 praecedentibus
1360 3881 1485 3972 operis
1523 3881 1634 3951 tomis

127 4003 402 4100 expositorum.
420 4001 592 4075 Proiecto
606 4003 913 4075 documentorum
931 4004 1152 4099 genuinitas,
1174 4003 1350 4076 historiae
1370 4004 1637 4098 doctrinaeque

129 4127 271 4202 veritas
300 4143 338 4200 et
366 4127 522 4224 purities
552 4153 639 4199 num
667 4141 800 4200 nutent
828 4127 887 4200 vel
915 4127 1121 4213 concidant,
1153 4128 1184 4200 si
1211 4127 1387 4228 (exempli
1416 4129 1524 4224 ergo)
1554 4154 1637 4201 ver-

129 4256 220 4327 bum
258 4279 277 4323 c
300 4251 421 4324 Caura
440 4281 476 4338 ›,
507 4251 710 4324 maiuscula
738 4251 864 4324 initiali
891 4253 996 4325 litera
1025 4253 1061 4324 in
1089 4268 1192 4325 textu
1226 4255 1416 4348 scriptum,
1438 4253 1472 4324 in
1501 4255 1639 4325 exscri—
1701 4235 1704 4243 ¹

130 4379 260 4475 ptione
289 4402 373 4450 mea
401 4378 551 4472 legatur
586 4402 732 4448 «causa
751 4377 797 4450 »?
825 4375 856 4448 si
884 4379 1039 4450 verbum
1076 4403 1238 4452 «nrum
1256 4404 1294 4462 »,
1324 4378 1471 4475 legatur
1499 4376 1637 4473 simpli-

130 4505 225 4576 citer
262 4510 502 4574 ‹nostrum›
539 4525 613 4574 non
649 4517 775 4574 autem
820 4501 1063 4600 ‹n[0rt]rum
1081 4532 1118 4584 r,
1148 4518 1188 4575 et
1228 4501 1363 4576 «sedes
1397 4503 1631 4600 apostolica»

129 4628 283 4726 legatur
310 4627 437 4723 potius
473 4625 620 4698 <Sedes
647 4627 891 4726 Apostolz'ca»
928 4629 1022 4702 etc?

836 4941 929 5038 qv.

368 5098 425 5167 De
450 5099 592 5168 rotalis
618 5097 792 5167 Archivli
817 5099 1147 5166 documentorum
1172 5097 1417 5166 collectione.

221 5327 277 5376 12.
308 5343 335 5354 -
366 5297 515 5373 Rotalia
544 5322 634 5370 vero
663 5297 888 5370 documenta
923 5295 1088 5369 Archivii
1124 5295 1248 5368 Rotae
1285 5292 1566 5390 distinguuntur
1602 5295 1638 5366 in

130 5426 231 5500 duas
249 5425 366 5499 veluti
386 5425 521 5497 series:
542 5425 728 5517 quaedam
750 5419 884 5516 publici
903 5421 992 5494 iuris
1011 5421 1121 5520 sacta,
1142 5419 1326 5516 quaedam
1349 5417 1486 5490 inedita
1506 5419 1637 5493 adhuc.
