3720 5914
237 315 292 375 201
888 313 1024 373 Soeculo
1043 312 1112 372 XV

237 507 381 582 dierum
410 508 583 603 spatium,
604 531 626 578 a
655 523 826 603 tempore
853 507 1144 602 presentationis
1163 507 1327 581 mandati
1346 503 1559 606 hujusmodi
1577 530 1732 603 compu-

236 633 372 716 tandis,
402 632 579 728 'quicquid
608 630 817 728 producere
844 647 885 706 et
912 633 1073 728 probare
1102 633 1299 706 intendunt
1318 649 1474 730 propter
1502 631 1605 727 quod
1634 631 1732 704 idem

238 757 458 832 Franciscus
487 757 536 830 ad
564 755 687 830 locum
715 757 926 854 predictum
945 757 1092 830 admitti
1110 780 1185 832 non
1214 757 1364 843 debeat,
1384 781 1510 830 coram
1538 771 1578 830 te
1597 772 1733 830 vocato

236 898 276 955 et
302 881 431 955 audito
468 880 603 955 eodem
641 881 853 969 Francisco,
881 881 1049 980 legitime
1078 883 1239 979 probent
1276 897 1315 957 et
1350 879 1572 978 producant,
1600 896 1667 955 aut
1703 880 1733 954 si

234 1008 406 1103 ydoneus
436 1021 641 1105 reputetur,
663 1022 842 1102 punctum
861 1006 1093 1103 repetitionis
1112 1007 1205 1080 inira
1232 1006 1393 1081 eundem
1422 1005 1620 1080 terminum
1644 1007 1734 1080 assi-

235 1148 368 1230 gnent:
399 1147 438 1204 et
467 1131 714 1218 nihilominus
737 1131 804 1204 nisi
833 1130 926 1205 inira
954 1147 1105 1228 tempus
1134 1131 1343 1229 predictum
1362 1158 1410 1205 ex
1438 1131 1546 1205 iustis
1573 1147 1613 1204 et
1638 1129 1733 1230 legi·

235 1257 334 1329 timis
362 1257 495 1343 causis,
525 1281 614 1330 vere
650 1257 830 1352 probatis,
861 1256 1023 1330 eundem
1053 1255 1292 1330 Franciscum
1319 1257 1509 1353 ydoneum
1538 1281 1612 1329 non
1646 1280 1734 1329 esse

234 1380 453 1466 constiterit,
483 1397 522 1455 et
549 1379 671 1456 eidem
691 1396 871 1479 punctum
899 1380 1133 1477 repetitionis
1161 1403 1236 1454 non
1254 1381 1542 1480 assignaverint,
1571 1394 1611 1453 tu
1629 1403 1735 1453 man-

235 1503 365 1578 datum
394 1519 574 1590 nostrum,
606 1521 797 1601 postremo
825 1503 892 1578 tibi
920 1519 1192 1601 presentatum,
1222 1505 1382 1577 servatis
1409 1502 1467 1577 his
1496 1527 1570 1599 que
1594 1502 1733 1598 inipso

236 1628 415 1702 mandato
436 1627 501 1702 tibi
520 1629 755 1715 iniunximus,
773 1629 896 1725 ipsum
918 1628 1129 1702 successive
1147 1627 1295 1703 admitti
1313 1626 1495 1714 faciendo,
1515 1651 1580 1702 seu
1600 1625 1737 1701 admit-

235 1752 361 1840 tendo,
393 1770 506 1850 prout
533 1769 593 1827 est
621 1752 727 1828 firme
753 1752 959 1828 voluntatis
987 1770 1026 1827 et
1052 1753 1268 1826 intentionis
1297 1768 1436 1840 nostre,
1458 1751 1624 1849 plenarie
1651 1777 1736 1827 exe·

236 1879 373 1975 quaris.
398 1877 483 1952 Non
511 1879 747 1953 obstantibus
772 1877 1115 1952 Constitutionibus
1133 1877 1486 1952 esordinationibus
1505 1877 1734 1974 apostolicis,

235 2016 275 2076 et
302 2001 383 2075 aliis
411 2027 485 2099 que
512 2001 549 2076 in
578 2003 757 2076 mandato
780 2018 912 2076 nostro
939 1999 1109 2098 predicto
1127 2001 1313 2075 voluimus
1344 2025 1420 2076 non
1447 2002 1601 2075 obstare
1625 1999 1734 2073 Motu

236 2127 389 2222 proprio
416 2140 456 2200 et
482 2150 530 2199 ex
558 2143 659 2200 certa
688 2127 842 2200 scientia
869 2125 1120 2224 derogantes:
1140 2125 1351 2222 ceterisque
1369 2124 1563 2200 contrariis
1582 2125 1736 2220 quibus·
1801 2219 1804 2222 Ι

238 2274 409 2346 cumque.
430 2293 457 2306 -
475 2251 604 2324 Placet
627 2261 663 2324 et
687 2252 741 2323 ita
768 2250 999 2334 mandamus,
1029 2249 1256 2346 asngnando
1282 2250 1333 2324 eis
1364 2250 1523 2350 spatium
1558 2257 1632 2324 octo
1659 2249 1735 2324 die-

237 2400 336 2452 rum.
367 2375 414 2450 F.

417 2644 623 2728 Processus,
654 2669 716 2717 seu
743 2645 929 2742 zlzqoisitz'o
956 2642 1154 2717 Franczsci
1178 2643 1321 2731 Breuci,
1352 2643 1558 2718 Auditoris.

318 2815 433 2888 (Anca.
452 2814 540 2890 Rom,
564 2814 819 2874 ‹Admissiones
832 2838 863 2900 ι,Ι
875 2819 963 2888 part.
982 2813 1008 2879 I,
1026 2813 1119 2873 suto
1138 2812 1159 2872 I
1164 2814 1198 2888 V,
1216 2831 1247 2874 n.
1267 2816 1326 2887 16).

238 3028 377 3135 (verso)
405 3031 516 3105 Dicta
539 3032 699 3104 duorum
718 3030 870 3104 testium
888 3032 1184 3104 examinatorum
1204 3029 1330 3127 quoad
1348 3027 1577 3132 d[ominum]
1597 3027 1737 3127 F[ran-

319 3156 476 3258 ciscum]
507 3155 694 3232 Brevium.
732 3157 828 3248 1482
860 3157 908 3230 de
936 3180 1066 3230 mense
1095 3156 1271 3230 octobris.

238 3331 377 3438 (cutm)
726 3333 799 3408 Die
828 3332 977 3408 veneris
1008 3357 1054 3428 25
1086 3333 1262 3408 octobris.

320 3475 540 3550 Examinavi
572 3476 764 3549 dominum
799 3473 991 3573 Angelum
1028 3476 1291 3571 presbyterum
1325 3474 1513 3562 melleten,
1545 3471 1738 3570 cappella-

239 3626 327 3676 num
357 3598 674 3674 Reverendissimi
702 3600 841 3673 domini
869 3597 1081 3674 Cardinalis
1108 3598 1298 3675 Melleten.
1330 3597 1405 3694 Qui
1432 3624 1503 3673 suo
1527 3600 1739 3672 iuramento

239 3727 332 3802 dixit
359 3725 462 3822 quod
489 3723 667 3822 cognovit
696 3724 887 3798 dominum
917 3723 1157 3798 Franciscum
1185 3725 1258 3797 iam
1287 3741 1373 3799 sunt
1407 3728 1451 3798 18
1480 3722 1568 3798 anni
1600 3722 1765 3818 quibus,

239 3850 415 3924 continuo
442 3850 548 3923 stetit
576 3847 703 3922 Padue
729 3873 777 3922 ex
804 3850 983 3946 opposito
1011 3847 1147 3923 domus
1174 3848 1262 3922 dicti
1291 3849 1476 3924 Francisci
1503 3864 1544 3922 et
1561 3846 1665 3944 quod
1683 3872 1736 3920 re·

239 3977 444 4072 putabatur
470 3975 630 4047 vitiosus
658 3975 693 4046 in
722 3973 813 4048 vitio
841 3973 964 4047 carnis
992 3990 1123 4047 contra
1150 3988 1333 4050 naturam.

319 4102 413 4174 ltem
431 4100 536 4196 quod
564 4113 652 4173 sunt
684 4098 807 4172 circha
826 4122 849 4190 9
868 4099 953 4172 anni
973 4123 1051 4195 quo
1075 4097 1143 4172 suit
1170 4099 1290 4172 sactus
1318 4122 1479 4196 magnus
1503 4125 1631 4174 rumor
1647 4115 1735 4174 ante

240 4226 392 4298 domum
421 4226 502 4298 eius
529 4238 569 4297 et
596 4225 699 4322 quod
727 4238 816 4297 tunc
843 4224 910 4297 luit
938 4213 1156 4298 interfectus
1185 4246 1292 4298 unus.
1315 4223 1366 4297 Et
1383 4225 1487 4321 quod
1519 4239 1608 4300 tunc
1635 4225 1737 4299 dice·

239 4352 350 4424 batur
378 4347 523 4446 publice
559 4350 662 4446 quod
689 4350 862 4424 dominus
892 4347 1113 4423 Franciscus
1147 4348 1270 4422 iuerat
1297 4348 1334 4421 in
1370 4348 1481 4446 culpa
1512 4364 1552 4424 et
1577 4351 1736 4424 dederat

240 4474 431 4548 consilium
459 4491 499 4548 et
526 4473 713 4549 auxilium.
744 4472 794 4547 Et
821 4473 924 4571 quod
951 4491 1155 4570 propterea
1174 4473 1242 4547 luit
1259 4490 1394 4570 captus
1413 4499 1482 4572 per
1499 4475 1736 4572 capitaneum

238 4615 278 4672 et
303 4613 527 4684 carceratus,
559 4613 598 4672 et
624 4597 673 4672 ibi
703 4597 807 4672 stetit
834 4623 904 4694 per
930 4621 1119 4684 mensem;
1148 4615 1293 4694 postea,
1325 4600 1442 4671 nescit
1477 4599 1508 4671 si
1544 4596 1737 4674 favoribus

239 4737 459 4796 venetorum
487 4738 553 4797 aut
580 4747 914 4819 quorumcumque,
944 4720 1013 4794 suit
1040 4736 1232 4796 extractus
1255 4739 1294 4796 et
1311 4721 1449 4796 ductus
1473 4725 1522 4797 ad
1550 4747 1737 4798 carcerem

239 4847 427 4944 Episcopi,
462 4847 524 4920 ubi
556 4849 670 4921 etiam
705 4848 810 4921 stetit
836 4846 1023 4944 aliquibus
1057 4846 1209 4934 diebus;
1245 4863 1381 4944 postea
1408 4849 1600 4945 quomodo
1627 4847 1737 4923 luerit

237 4987 440 5060 extractus,
473 4971 601 5047 nescit.

321 5095 506 5170 Dominus
535 5095 667 5178 Pileus,
684 5095 850 5170 decanus
867 5096 1024 5170 ecclesie
1043 5111 1220 5170 tanusute
1239 5097 1484 5195 (tarvisutel)
1503 5099 1739 5171 examinatus

240 5245 309 5317 per
344 5245 404 5294 me
438 5218 499 5294 die
536 5221 682 5294 sabbati
725 5225 770 5292 16
808 5219 1032 5306 novembris,
1072 5245 1141 5294 suo
1169 5221 1379 5296 iuramento
1409 5221 1511 5308 dixit,
1546 5221 1738 5296 dominum

243 5345 274 5418 F
276 5345 483 5420 ranciscum
511 5368 598 5418 esse
616 5343 937 5441 superbissimum,
966 5359 1006 5418 et
1024 5345 1287 5421 scandalosum
1307 5361 1346 5422 et
1364 5346 1563 5420 infamatus
1582 5346 1631 5420 de
1649 5347 1743 5422 vitio
