3718 5918
847 294 984 354 Saeculo
1003 293 1035 354 X
1044 295 1123 355 VIII

947 711 1037 789 388.

241 889 467 962 Decernr'tur
493 915 565 962 non
592 888 670 964 alm
697 890 841 962 rate'cne
867 889 908 962 in
930 886 1086 988 publecis
1111 890 1250 964 accedas
1275 915 1368 987 erga
1396 890 1601 964 Advocatos
1621 889 1736 964 Consi·

320 1013 488 1088 semeles
514 1016 572 1088 ccli
594 1041 639 1088 ac
664 1039 758 1112 ergo
783 1023 916 1088 ceteros
941 1014 1146 1088 Advocatos
1172 1041 1245 1088 non
1275 1015 1560 1090 Conmtoncles.

321 1191 436 1291 (Auen.
455 1190 543 1262 Rom,
566 1188 692 1248 «Liber
711 1187 745 1248 S.
763 1187 879 1262 Rotae,
897 1204 929 1246 n.
949 1187 1011 1260 2»,
1027 1195 1106 1262 pag.
1125 1187 1210 1260 102).

631 1405 702 1478 Die
732 1403 890 1478 Veneris
916 1408 960 1478 18
992 1405 1216 1480 Novembris
1242 1429 1353 1499 1707.

322 1586 409 1661 Fuit
435 1587 471 1660 in
501 1587 600 1660 Rota
628 1585 766 1659 factum
794 1587 950 1661 verbum
978 1584 1075 1660 circa
1105 1585 1260 1659 modum
1298 1583 1481 1660 tractandi
1509 1585 1546 1659 in
1575 1584 1735 1657 futurum

239 1713 460 1789 Advocatos
493 1709 784 1786 Consistoriales
820 1710 973 1808 quando
1009 1709 1195 1784 accedunt
1230 1709 1280 1783 ad
1318 1724 1470 1784 nostras
1507 1709 1654 1784 Domos
1689 1711 1736 1782 ad

240 1837 513 1912 informandum
550 1836 586 1908 in
624 1834 773 1924 Causis,
801 1850 842 1909 et
880 1835 1031 1911 Domini
1066 1836 1309 1909 advertentes
1346 1835 1451 1932 quod
1486 1834 1737 1934 distinguendi

177 1961 181 1973 “
239 1978 327 2037 sunt
354 1977 461 2052 actus
490 1962 625 2059 publici
652 1987 676 2034 a
702 1960 858 2057 privatis
885 1961 982 2034 inter
1005 1977 1174 2034 nostrum
1202 1959 1441 2034 Auditorium
1460 1974 1501 2034 et
1519 1959 1736 2034 Advocatos

239 2086 464 2183 praedictos,
494 2085 677 2185 quidquid
709 2085 907 2160 occasione
944 2084 1208 2181 disputationis
1245 2082 1416 2179 publicae
1453 2082 1592 2157 dictum
1630 2083 1736 2157 suerit

239 2211 366 2308 quoad
394 2210 465 2284 hos
492 2190 599 2284 actus
627 2209 872 2307 particulares
901 2209 1124 2284 unanimiter
1150 2224 1407 2284 convenerunt
1433 2209 1537 2305 quod
1565 2233 1650 2282 cum
1669 2207 1736 2304 ipsi

238 2334 375 2409 nullam
405 2333 698 2408 satisfactionem
725 2332 899 2408 dederint
926 2335 974 2408 de
1001 2333 1183 2430 despectu
1213 2333 1413 2407 commisso
1450 2333 1486 2407 in
1523 2357 1599 2407 non
1634 2334 1736 2430 equi-

240 2459 356 2532 tando
392 2474 431 2532 et
466 2456 692 2532 associando
729 2475 880 2533 nostros
918 2455 1097 2556 Collegas
1135 2457 1169 2531 in
1209 2458 1389 2553 Equitatu
1427 2481 1497 2554 pro
1532 2457 1735 2554 aperitione

241 2583 375 2668 Rotae,
396 2599 509 2679 prout
537 2607 688 2680 semper
715 2583 1023 2681 practicaverant‚
1046 2606 1121 2656 non
1149 2582 1334 2656 deberent
1359 2583 1395 2656 in
1424 2597 1619 2679 posterum
1638 2605 1735 2657 asso

238 2708 336 2792 ciari,
368 2708 435 2784 nisi
464 2709 599 2782 eodem
626 2708 741 2782 modo
769 2733 846 2805 quo
874 2709 1014 2783 coeteri
1043 2707 1230 2782 Advocati
1262 2706 1386 2783 solent
1422 2709 1610 2794 associari,
1642 2708 1735 2781 idest

239 2856 360 2927 usque
388 2832 438 2904 ad
465 2849 614 2930 portam
644 2831 754 2906 Salac
774 2833 809 2905 in
829 2857 905 2930 qua
925 2847 1028 2906 stant
1047 2833 1164 2906 nostri
1184 2829 1339 2918 Famuli,
1363 2833 1615 2906 nonobstante
1634 2831 1733 2928 quod

237 2958 274 3030 in
303 2957 545 3052 praeteritum
574 2956 711 3031 fuerint
737 2957 914 3032 associati
941 2981 1062 3053 usque
1089 2956 1139 3029 ad
1166 2955 1386 3054 principium
1415 2955 1609 3032 scalarum.

944 3328 1034 3407 389.

239 3511 436 3584 Decretum
466 3511 583 3584 Rotae
609 3517 737 3582 contra
760 3508 965 3582 Advocatos
988 3485 1272 3583 Conoston'ales.
1294 3508 1461 3607 Prosper
1478 3509 1733 3582 Lambertc’nus

316 3633 568 3709 accensebatur
595 3640 681 3706 tunc
707 3633 878 3732 temporis
904 3633 1003 3706 inter
1030 3633 1169 3707 eosdem
1197 3633 1410 3710 Advocatos.

318 3813 433 3886 (Ancrr.
452 3811 539 3882 Ror,
563 3808 690 3867 «Liber
708 3810 742 3869 S.
761 3809 874 3880 Rotae,
893 3827 925 3869 n.
944 3810 1009 3885 2³,
1024 3817 1103 3884 pag.
1122 3811 1204 3883 227,
1223 3811 1314 3883 228).

665 4025 795 4099 Lunae
826 4049 869 4099 21
897 4025 1123 4100 Novembris
1152 4027 1302 4130 (1707).

317 4206 353 4278 in
382 4203 481 4278 Rota
510 4202 729 4300 priusquam
757 4226 896 4277 causae
923 4203 1208 4290 discuterentur,
1241 4184 1360 4278 Rriius
1389 4205 1566 4280 Decanus
1588 4206 1724 4280 instetit

236 4328 363 4425 aliquo
390 4327 506 4400 modo
533 4326 807 4423 providendum
835 4351 923 4400 esse
960 4352 1076 4424 super
1104 4327 1262 4426 negocio
1290 4329 1572 4404 Advocatorum
1603 4330 1726 4404 Consi·

235 4453 489 4529 storialium...
520 4451 570 4524 Et
597 4476 739 4533 omnes,
770 4468 931 4548 excepto
961 4451 1008 4528 D.
1039 4450 1171 4526 Scotto
1198 4455 1263 4549 qui
1296 4452 1563 4554 resolutiopem
1601 4453 1727 4530 differri

237 4577 390 4652 volebat
417 4599 538 4672 usque
565 4574 614 4648 ad
641 4577 800 4650 reditum
828 4574 986 4650 aliorum
1005 4575 1232 4651 Auditorum
1259 4579 1481 4666 absentium,
1503 4580 1538 4652 in
1557 4605 1604 4654 eo
1624 4604 1725 4654 sensu

237 4703 386 4776 suerunt
413 4699 516 4798 quod
544 4699 730 4774 Advocati
759 4701 939 4797 praedicti
968 4725 1044 4774 non
1071 4717 1202 4775 essent
1228 4703 1406 4777 invitandi
1441 4703 1491 4776 ad
1525 4705 1726 4801 proximum

236 4826 402 4901 funerale
430 4822 694 4899 celebrandum
723 4850 794 4921 pro
822 4825 1006 4898 defunctis
1030 4824 1287 4914 Auditoribus,
1309 4841 1348 4901 et
1375 4829 1410 4900 in
1438 4845 1633 4925 posterum
1652 4855 1727 4902 cum

236 4952 285 5027 ad
313 4951 584 5026 informandum
613 4951 792 5036 venirent,
815 4975 888 5024 non
916 4949 1077 5049 amplius
1105 4955 1257 5026 tractari
1286 4953 1467 5028 deberent
1492 4954 1597 5028 iuxta
1626 4953 1727 5029 Cere·

235 5076 396 5151 moniale
433 5077 640 5172 antiquum,
671 5076 739 5150 sed
776 5091 921 5148 tantum
960 5091 1002 5149 ut
1038 5078 1152 5150 ceteri
1189 5079 1386 5166 Advocati,
1426 5079 1526 5153 nullo
1561 5080 1729 5156 distincto

235 5202 344 5298 signo
372 5201 523 5275 honoris
551 5199 849 5290 admitterentur,
880 5201 994 5297 idque
1028 5200 1195 5275 Decreto
1229 5205 1445 5290 sanciretur,
1474 5205 1580 5279 cuius
1607 5221 1729 5279 exten-

235 5325 378 5400 sionem
408 5325 675 5399 commiserunt
704 5325 868 5400 Domino
896 5325 1099 5400 Lancettae
1130 5327 1358 5403 Camerario
