3684 5920
844 655 933 735 592.

142 803 252 878 Urbis
278 804 395 901 captio
426 816 462 876 et
494 803 611 877 cim‘le's
639 802 786 876 Summi
802 801 994 890 Pentifieis
1011 802 1162 902 imperii
1185 801 1344 876 disiectze
1361 801 1495 876 italicis
1511 803 1635 877 ermes

205 937 364 1027 patrata
391 928 449 1001 die
476 952 525 1001 20
551 927 759 1025 septembris
786 929 894 1022 1870.

214 1085 327 1155 (Auen.
346 1085 434 1156 Ron,
457 1109 470 1135 ‹
488 1084 653 1143 Debrium
671 1082 1044 1156 Pettegrmzznmadorr
1060 1083 1096 1156 ι).

524 1286 596 1360 Die
625 1286 757 1359 Martis
789 1308 838 1358 20
866 1285 1091 1381 septembris
1125 1287 1236 1377 1870.

216 1446 342 1520 Hodie
370 1445 501 1520 iniuria
530 1471 628 1519 novo
664 1444 805 1520 scelere
840 1458 989 1542 patrata
1020 1445 1204 1518 adversus
1241 1469 1388 1518 sacrum
1421 1444 1630 1541 imperium.

133 1571 256 1645 Roma
283 1570 398 1644 armis
422 1573 544 1668 petita
571 1588 610 1645 et
638 1588 822 1666 occupata
827 1628 1168 1646 ......

213 1696 491 1770 Auctoritatem
521 1696 663 1770 Summi
692 1695 878 1770 Pontificis
906 1710 946 1770 et
972 1695 1182 1770 libertatern
1211 1719 1433 1792 oppressam
1462 1712 1502 1768 et
1530 1694 1634 1767 Prin-

131 1820 296 1917 cipatum
325 1820 429 1895 civile
457 1821 654 1895 disiectum
684 1821 797 1894 Cives
826 1816 988 1895 Romani
1015 1837 1054 1894 et
1080 1847 1214 1896 omnes
1243 1821 1390 1894 honesti
1420 1820 1633 1916 deplorant.

837 2247 928 2326 593.

134 2391 310 2466 «Oratio
336 2395 457 2465 sancti
481 2391 647 2491 Spiritus
674 2417 791 2490 quea
819 2392 891 2465 dete
921 2391 1104 2466 Auditere
1138 2390 1404 2464 lecumtrabente
1435 2401 1631 2488 antequem

216 2546 237 2588 α
255 2517 447 2590 deveniant
458 2517 527 2591 rtet
538 2517 740 2590 Auditores
752 2517 808 2590 ed
823 2517 1002 2590 Iudztium
1020 2541 1220 2590 causarum
1237 2516 1376 2613 legitur
1394 2525 1429 2588 et
1444 2516 1631 2590 dieitur».

785 2729 978 2802 Silentium

135 2918 152 2962 r
176 2888 312 2962 Oratio
330 2889 558 2962 devotissima
576 2889 673 2962 edita
692 2916 717 2976 a
734 2889 833 2962 beato
845 2890 997 2986 yse'dero
1007 2890 1165 2988 yspalen
1183 2889 1239 2962 ad
1252 2890 1526 2989 impetrandum
1539 2915 1632 2988 gra·

217 3016 346 3088 ‹teitm
372 3016 528 3112 spiritus
554 3015 674 3088 sancti
692 3026 767 3113 pre
793 3015 988 3088 derectebne
1014 3015 1165 3098 iustitie·
1192 3015 1345 3087 dz'cende
1366 3028 1440 3114 per
1466 3017 1634 3114 singulos

215 3140 343 3213 «deos
369 3140 557 3213 auditores
584 3141 623 3212 ire
646 3141 758 3212 missa
780 3139 927 3237 quando
945 3141 1161 3213 conveniunt
1176 3140 1415 3236 cellegtieliter
1426 3153 1502 3239 pre
1519 3141 1630 3214 meiri-

218 3265 414 3337 ‹stranta
442 3265 583 3338 iustitia
603 3291 639 3339 ›.

207 3405 324 3474 (Ancu.
343 3402 430 3478 Ros,
448 3407 524 3462 uter
547 3426 560 3452 ‹
573 3401 673 3460 Liber
692 3376 902 3460 iuram'ente'»
927 3418 948 3460 a
964 3401 1152 3478 principio).

207 3551 401 3624 Adsumus
430 3550 504 3624 dne
534 3567 662 3624 sancte
692 3551 854 3645 spiritus.
887 3551 1080 3623 Adsumus
1109 3548 1252 3646 peccati
1271 3549 1422 3646 quidem
1441 3550 1636 3627 imanitate
1684 3539 1686 3544 ¹

121 3675 283 3762 detenti,
313 3676 382 3748 sed
410 3677 446 3748 in
474 3676 622 3748 nomine
642 3692 707 3748 tuo
727 3674 958 3772 congregati.
980 3674 1075 3748 Veni
1094 3672 1143 3748 ad
1162 3700 1231 3749 nos
1250 3691 1289 3747 et
1307 3691 1391 3748 esto
1416 3676 1630 3766 nobiscum;

119 3802 283 3899 dignare
311 3798 410 3874 illabi
438 3800 612 3873 cordibus
641 3803 789 3874 nostris.
822 3799 929 3872 Doce
957 3824 1027 3871 nos
1055 3799 1146 3894 quid
1173 3823 1343 3898 agamus
1377 3824 1453 3895 quo
1481 3801 1634 3898 gradia-

118 3951 219 4012 mur,
251 3940 290 3997 et
326 3923 486 3998 ostende
506 3924 609 4018 -quid
650 3922 799 3997 efficere
840 3923 1057 4009 debeamus,
1093 3939 1146 4010 ut,
1176 3938 1214 3996 te
1254 3923 1463 4008 auxiliante,
1494 3925 1559 3998 tibi
1596 3927 1632 3998 in

117 4051 298 4126 omnibus
327 4046 475 4146 placere
503 4047 705 4123 valeamus.
737 4049 830 4122 Esto
859 4047 961 4121 salus
990 4064 1029 4121 et
1057 4064 1235 4144 sugestor
1262 4064 1301 4122 et
1318 4047 1471 4123 effector
1490 4048 1634 4134 iuditio

119 4200 204 4248 rum
235 4190 450 4248 nostrorum
481 4174 544 4271 qui
573 4175 677 4247 solus
706 4199 789 4248 curn
818 4174 891 4247 deo
919 4189 1027 4269 patre
1050 4173 1188 4246 eteius
1208 4173 1281 4247 filio
1302 4199 1436 4246 nomen
1457 4175 1635 4271 possides

116 4300 341 4396 gloriosum.
375 4298 459 4372 Non
490 4323 559 4371 nos
588 4296 740 4394 patiaris
769 4299 1054 4393 perturbatores
1082 4321 1168 4370 esse
1195 4297 1334 4372 iustitie
1362 4297 1427 4392 qui
1447 4323 1631 4371 summam

117 4423 247 4520 diligis
276 4424 493 4520 equitatem.
525 4423 611 4496 Non
640 4423 868 4496 insinistrum
905 4446 974 4495 nos
1006 4423 1217 4521 ignorantia
1253 4423 1389 4506 trahat,
1421 4447 1493 4495 non
1526 4423 1633 4497 lavor

118 4547 301 4632 inflectat,
333 4573 404 4623 non
434 4547 603 4644 acceptio
639 4548 816 4632 muneriS,
854 4546 912 4620 vel
947 4571 1109 4642 persone
1147 4563 1373 4644 corrumpat.
1405 4546 1481 4620 Sed
1518 4547 1630 4644 iunge

117 4697 190 4746 nos
221 4671 289 4744 tibi
317 4672 517 4746 efficaciter
545 4672 661 4745 solius
689 4688 753 4745 tue
781 4671 903 4770 gratie
931 4671 1043 4757 dono,
1075 4687 1116 4744 ut
1145 4670 1261 4745 simus
1290 4670 1326 4742 in
1354 4685 1393 4745 te
1427 4697 1552 4758 unum,
1591 4688 1632 4747 et

115 4800 152 4871 in
184 4796 291 4870 nullo
319 4799 511 4872 deviemus
539 4823 561 4872 a
589 4823 692 4874 vero,
723 4799 827 4870 Sicut
855 4797 891 4869 in
920 4797 1068 4870 nomine
1097 4811 1163 4871 tuo
1182 4797 1337 4878 collecti,
1359 4797 1411 4870 sic
1430 4797 1465 4868 in
1486 4798 1632 4871 cunctis

115 4940 321 4998 teneamus
349 4946 432 4994 cum
461 4921 715 4997 moderamine
743 4922 894 5018 pietatis
923 4921 1113 5008 iustitiam,
1143 4937 1185 4994 ut
1212 4935 1251 4994 et
1278 4919 1336 4994 hic
1364 4947 1386 4994 a
1415 4937 1453 4993 te
1472 4921 1508 4992 in
1528 4920 1632 4994 nullo

114 5047 321 5122 dissentiat
350 5049 537 5121 sententia
565 5063 705 5132 nostra,
736 5062 776 5122 et
803 5049 839 5120 in
868 5045 993 5121 luturo
1026 5071 1096 5144 pro
1134 5049 1231 5120 bene
1266 5045 1388 5144 gestis
1424 5069 1630 5139 consequa·

115 5199 205 5248 mur
233 5173 380 5268 premia
409 5173 648 5269 sempiterna.
679 5174 814 5249 Amen.

719 5413 1037 5432 NWWWV!
