3684 5920
807 334 874 394 Pio
891 335 949 396 lx·
1572 335 1628 396 689

122 529 168 603 R.
201 529 239 605 P.
270 527 319 605 D.
349 527 510 602 Valdina
538 530 593 603 La
621 531 727 605 Grua
755 555 876 627 nuper
902 531 1102 604 defunctus
1122 544 1306 605 tenuerat.
1327 527 1442 622 Quod
1462 529 1628 627 quidem,

122 653 227 726 salva
244 653 464 729 antianitate
478 670 516 728 et
530 657 829 753 quibuscumque
843 655 924 730 aliis
944 654 1146 754 privilegiis
1160 679 1205 728 ac
1219 655 1361 730 iuribus
1382 655 1429 728 R.
1446 655 1484 729 P.
1503 654 1552 730 D.
1569 654 1630 728 De
1715 637 1719 648 ⁵

122 777 267 876 Magno
294 780 608 875 competentibus,
637 780 879 876 exequutioni
907 779 1217 854 committendum
1245 805 1332 854 esse
1365 778 1499 853 statuit
1532 778 1631 852 idem

123 901 442 999 Motusproprius,
474 919 516 976 ut
543 903 581 980 S.
612 904 799 978 Auditorii
819 903 976 979 Decano
1004 903 1290 979 communicavit
1308 905 1427 978 Emus
1446 905 1494 977 ab
1513 903 1632 976 Arca-

123 1027 180 1100 nis
209 1027 340 1101 Status
367 1053 437 1124 per
465 1027 691 1124 Epistolium
718 1028 791 1102 diei
821 1055 840 1102 2
848 1053 868 1122 3
900 1030 1036 1114 Martii,
1067 1031 1172 1125 quod
1191 1029 1225 1102 in
1251 1029 1429 1102 Archivio
1449 1027 1630 1102 Decanali

9 1163 15 1245 ζ
122 1167 352 1229 asservatur.

829 1365 919 1443 579.

123 1488 224 1562 Rota
252 1489 386 1588 differt
410 1492 619 1590 approbare
646 1489 818 1565 Studium
845 1492 976 1564 novitii
991 1491 1190 1566 Auditoris
1217 1489 1385 1582 Serofinc'
1399 1500 1518 1591 utpote
1536 1491 1627 1590 quic
1699 1552 1702 1558 .

203 1615 315 1688 nimir
334 1627 496 1714 propere
527 1617 637 1690 cicuta
659 1611 935 1690 Constitutiones
952 1617 1051 1690 illud
1060 1625 1318 1716 proposuerat.

206 1753 320 1824 (Anca.
339 1753 428 1826 Ros,
451 1753 642 1812 «Durium
662 1752 838 1814 &morale
850 1755 886 1827 »).

649 1919 722 1992 Die
757 1943 800 2012 13
830 1917 957 2016 aprilis
993 1923 1104 2013 1854‘.

205 2064 245 2135 ln
275 2061 446 2138 Comitiis
474 2062 585 2135 huius
613 2062 686 2135 diei
714 2062 809 2135 Rms
839 2061 1017 2136 Decanus
1045 2063 1182 2149 retulit,
1213 2062 1374 2136 electum
1402 2063 1628 2137 Auditorem

14 2204 19 2258 2
124 2186 225 2284 de.
256 2187 413 2260 Serafini
442 2213 550 2261 suum
580 2211 602 2260 a
632 2186 774 2262 Studiis
803 2187 1027 2262 Adiutorem
1056 2203 1172 2283 atque
1200 2212 1312 2260 unum
1341 2187 1577 2283 alterumque
1605 2214 1628 2262 a

14 2320 21 2335 '
123 2313 290 2386 Secretis
318 2313 576 2409 proposuisse,
608 2327 649 2384 ut
676 2336 698 2384 a
726 2309 918 2384 Tribunali
946 2311 1232 2408 adprobaretur.
1263 2313 1318 2385 At
1350 2335 1434 2385 cum
1471 2310 1628 2414 Rotales

17 2521 22 2533 Ι
125 2436 297 2535 Regulae
325 2461 369 2510 ac
398 2452 549 2512 servata
577 2461 729 2532 semper
756 2435 991 2510 consuetudo
1020 2460 1095 2510 non
1123 2435 1218 2510 serat
1236 2453 1279 2510 ut
1297 2438 1389 2510 haec
1417 2436 1508 2511 fiant
1525 2453 1626 2511 ante·

128 2551 242 2657 quam
269 2584 473 2657 processus
493 2559 603 2634 electi
622 2559 818 2634 Auditoris
837 2561 1044 2656 expleatur,
1061 2585 1105 2634 ac
1125 2561 1311 2634 Praesulis
1329 2559 1486 2635 Serafini
1505 2561 1627 2636 adhuc

130 2707 179 2758 20
207 2685 354 2759 circiter
382 2685 464 2759 dies
491 2685 540 2758 ad
560 2709 764 2780 processus
782 2685 1141 2759 consummationem
1162 2681 1365 2781 supersint}
1392 2686 1475 2759 hinc
1495 2685 1628 2760 Patres

123 2809 436 2906 adprobationem
467 2809 679 2885 huiusmodi
707 2809 755 2882 ad
784 2835 992 2909 congruum
1021 2825 1173 2907 tempus
1200 2811 1436 2886 distulerunt.
1635 2797 1638 2802 ¹

832 3089 922 3168 580.

123 3237 225 3311 Rota
250 3237 365 3308 instet
388 3236 495 3336 apeed
518 3234 710 3323 pontificis
742 3235 970 3309 Gubernium
996 3243 1047 3318 ut,
1078 3244 1246 3332 mprcsso
1267 3234 1468 3331 priuilegio
1497 3232 1623 3308 Came-

204 3361 301 3435 ralc's
344 3361 381 3433 T
368 3359 628 3460 ypogrcplziac
654 3360 902 3459 imprimendi,
925 3359 1113 3458 privative
1144 3357 1270 3458 quoad
1302 3384 1432 3446 omncs,
1471 3368 1623 3434 cunctos

205 3485 355 3560 Rotolcs
387 3485 591 3560 Oecircoms
618 3495 833 3582 cunctosque
860 3484 1095 3581 allegationes
1122 3491 1157 3556 et
1183 3481 1398 3558 Summorio
1424 3509 1624 3558 causarum

205 3609 406 3697 Rotalium,
435 3617 588 3683 curaret
621 3617 663 3682 ut
693 3609 883 3709 exemplar
900 3609 1182 3706 uniuscuiusque
1208 3608 1440 3704 allegationis
1457 3617 1493 3682 et
1518 3608 1625 3682 Sum·

203 3735 322 3806 marii
345 3734 400 3808 od
423 3733 556 3807 Rotole
583 3731 804 3806 Ambivium
831 3734 1037 3806 mitteretur
1063 3733 1118 3805 od
1141 3732 1374 3806 collectionem
1394 3733 1622 3808 Positconum

203 3859 450 3958 complendam
477 3859 612 3932 done.
642 3901 658 3913 -
687 3856 921 3930 Faoorabilir
952 3855 1134 3930 Gubernii
1157 3857 1352 3954 respoecrco.

203 3995 311 4068 (Auen
329 3994 415 4067 Ror,
439 4018 452 4044 ‹
464 3993 565 4053 Liber
584 3993 617 4054 S.
635 3994 740 4054 Rotae
759 4010 792 4052 n.
811 3993 873 4067 e»,
889 3999 968 4068 pag.
986 3993 1073 4064 517).

662 4140 735 4215 Die
769 4145 813 4215 18
844 4141 934 4214 Maii
968 4143 1079 4234 1853.

205 4267 302 4342 Cum
331 4266 369 4344 S.
400 4266 509 4342 Ordo
537 4267 678 4363 pluries
706 4267 924 4349 instetisset,
946 4281 989 4338 ut
1016 4280 1104 4361 post
1123 4273 1370 4362 suppressum
1390 4263 1622 4363 privilegium

20 4404 25 4430 ¹
123 4391 220 4466 delle
256 4391 466 4489 Stampcrio
506 4390 696 4466 Camercle
724 4415 794 4486 pro
834 4391 1081 4486 impressione
1122 4389 1402 4487 allegationum,
1433 4391 1625 4485 exemplar

125 4517 415 4613 uniuscuiusque
443 4515 680 4614 allegationis
708 4530 747 4588 et
776 4513 975 4588 Summarii
1006 4511 1056 4586 ad
1076 4513 1293 4587 Archivium
1326 4513 1476 4599 Rotale,
1511 4528 1626 4610 prout

122 4658 235 4716 antea
263 4655 524 4726 consueverat,
554 4637 775 4726 deferretur,
796 4638 864 4712 hac
884 4639 932 4712 de
961 4662 1001 4711 re
1029 4639 1182 4711 tandem
1202 4661 1367 4732 sequens
1388 4637 1512 4734 recepi
1540 4638 1624 4735 Epi·

121 4765 291 4840 stolium:

1478 4874 1528 4960 46
1535 4891 1621 4961 390.

124 4978 236 5052 Dalla
265 4977 481 5076 Segreteria
510 4977 547 5050 di
574 4975 685 5050 Stato
766 5019 770 5032 ·

236 5105 280 5176 18
312 5103 470 5200 Maggio
496 5105 593 5196 1853

26 5363 34 5374 ἡ
202 5264 243 5335 ln
271 5260 584 5357 corrispondenza
616 5287 639 5336 a
667 5259 783 5355 foglio
820 5259 857 5333 di
892 5259 1015 5336 Mons.
1055 5258 1213 5335 Decano
1255 5259 1315 5333 del
1350 5259 1389 5333 S.
1419 5235 1623 5333 Tribunale

121 5387 219 5464 della
246 5387 348 5462 Rota
376 5388 411 5458 in
439 5385 527 5462 data
561 5417 608 5472 10
639 5385 769 5462 Marco
797 5383 928 5458 ultimo
955 5410 977 5458 e
1006 5409 1140 5480 presso
1178 5385 1213 5458 le
1242 5382 1478 5482 intelligenze
1510 5409 1622 5481 prese
