3708 5918
776 311 913 371 Nicolno
939 311 968 371 V
1561 312 1615 372 137

111 509 242 594 stolici‚
263 509 371 584 etde
399 510 499 585 dicto
527 509 647 584 officio
675 509 834 584 fideliter
861 509 1071 585 exercendo
1098 537 1142 584 ac
1169 511 1260 586 alias
1280 511 1406 586 debite
1424 511 1613 585 fidelitatis

111 635 148 706 in
185 635 359 708 manibus
388 633 460 706 Rdi
488 635 524 706 in
552 634 704 709 Christo
732 635 848 731 patris
877 634 941 708 dni
970 633 1093 708 lacobi
1120 635 1243 710 divina
1275 636 1399 735 gratia
1436 636 1614 731 Episcopi

114 759 278 834 Perusin.
309 759 343 831 in
378 761 642 834 camerariatus
669 758 790 834 officio
826 759 873 834 D.
904 785 939 832 n.
970 783 1070 854 pape
1104 761 1420 847 Locumtenentis,
1451 760 1615 856 prestitit

112 885 148 956 in
175 884 296 958 forma
329 884 455 960 debita
483 885 634 958 solitum
669 885 929 960 iuramentum.
961 884 1000 956 ln
1027 885 1131 960 cuius
1160 884 1213 959 rei
1241 885 1504 972 testimonium,
1527 885 1614 983 Ego
1685 860 1696 886 ¹

114 1007 305 1105 Philippus
332 1008 381 1082 de
404 1009 514 1107 pipia,
547 1008 725 1084 Notarius
746 1010 844 1084 dicte
873 1032 1029 1096 camere,
1051 1027 1267 1105 presentem
1287 1011 1457 1086 cedulam
1482 1011 1613 1106 scripsi

113 1151 152 1206 et
179 1145 292 1208 manu
322 1134 476 1230 propria
504 1159 564 1208 me
588 1135 800 1233 subscripsi.

834 1400 898 1479 84.

112 1579 267 1654 Nicolai
299 1581 336 1654 V
356 1579 474 1653 Bulla
502 1605 574 1653 nrm
601 1580 771 1679 expedita
798 1606 872 1678 qua
892 1581 1136 1654 Audz'lorz'bus
1155 1582 1271 1654 Rotae
1285 1581 1486 1679 privilegio
1504 1594 1616 1680 expc-

192 1705 412 1776 ctativarum
439 1703 723 1793 confirmantur.

192 1877 307 1948 (Anca
326 1876 413 1952 Rom,
432 1899 448 1930 «
462 1875 691 1950 privilegia»,
710 1883 786 1938 tom.
805 1877 834 1952 I,
850 1883 937 1953 part.
955 1878 983 1952 I,
1001 1895 1033 1938 n.
1061 1878 1127 1952 VI).

1237 1965 1315 2043 1452,
1334 1969 1414 2028 iunii
1431 1971 1460 2043 5,
1479 1969 1613 2028 Romae.

193 2146 372 2222 Nicolaus
391 2147 617 2246 Episcopus,
639 2175 771 2222 servus
800 2173 994 2223 servorum
1014 2149 1098 2222 Dei.
1120 2150 1183 2222 Ad
1210 2164 1433 2245 perpetuam
1452 2149 1504 2222 rei
1533 2174 1614 2224 me-

109 2273 280 2349 moriam.
302 2273 507 2370 Apostolice
533 2273 639 2348 Sedu
661 2273 898 2372 providentia
925 2274 1181 2373 circumspecta
1210 2293 1364 2348 cunctos
1391 2273 1615 2348 christifide-

107 2396 175 2482 les,
198 2397 397 2493 presertim
416 2396 689 2473 ecclesiasticas
709 2423 893 2494 personas
912 2425 1009 2496 quas
1036 2400 1104 2472 sibi
1128 2398 1287 2473 devotas
1306 2415 1345 2472 et
1363 2400 1615 2495 obsequiosas

109 2522 190 2596 sore
219 2547 263 2595 ac
292 2522 501 2619 potioribus
528 2523 707 2596 virtutum
735 2523 876 2597 meritis
896 2523 1014 2597 iuvari
1033 2524 1223 2619 conspicit,
1244 2523 1488 2619 amplioribus
1508 2523 1614 2596 lavo-

109 2649 212 2722 ribus
240 2662 279 2720 et
306 2649 437 2746 gratiis
466 2648 644 2745 prosequi
673 2648 838 2745 cupiens,
856 2672 903 2722 ne
930 2662 1126 2746 gestorum
1145 2673 1214 2744 per
1230 2672 1325 2732 eam,
1340 2673 1405 2722 seu
1425 2647 1506 2722 aliis
1523 2673 1613 2722 con-

107 2795 303 2845 cessarum
330 2771 535 2869 gratiarum
559 2787 598 2845 et
625 2771 760 2845 exinde
779 2773 866 2845 oriri
885 2787 1047 2869 possunt
1067 2774 1264 2847 dubiorum
1284 2773 1483 2846 occasione
1502 2772 1613 2845 dictis

107 2894 283 2990 personis
310 2919 489 2990 peream
517 2919 697 2970 concessa
724 2895 918 2996 privilegia
945 2911 984 2970 et
1010 2897 1133 2994 gratie
1161 2897 1282 2970 minus
1310 2896 1501 2970 fructuosa
1524 2896 1612 2970 red·

108 3017 248 3092 dantur
274 3017 468 3093 illorumve
496 3019 747 3115 impediantur
774 3020 929 3094 effectus
958 3046 1028 3118 per
1050 3019 1314 3095 declarationis
1334 3035 1372 3094 et
1396 3021 1478 3106 alia,
1499 3038 1614 3117 prout

107 3141 289 3238 expedire
316 3145 522 3242 cognoscit,
553 3145 717 3220 remedia
745 3145 919 3242 providet
946 3161 1173 3243 opportuna.

193 3267 347 3342 Dudum
367 3269 552 3365 siquidem
580 3271 771 3366 quondam
801 3271 1017 3346 Alexander
1039 3270 1074 3342 V
1093 3274 1129 3346 in
1158 3297 1226 3346 sua
1254 3271 1466 3346 obedientia
1494 3273 1613 3345 nomi·

109 3408 235 3480 natus,
272 3407 417 3468 attenta
445 3394 745 3469 consideratione
773 3397 1041 3492 premeditans,
1071 3395 1181 3470 valde
1208 3397 1413 3472 absurdum
1441 3413 1481 3471 et
1512 3396 1612 3470 inde·

108 3543 200 3592 cens
232 3518 322 3603 fore,
348 3519 450 3593 sedis
485 3519 654 3616 predicte
691 3519 920 3618 Capellanos
948 3539 987 3595 et
1015 3547 1211 3597 causarum
1241 3521 1385 3619 pallacii
1416 3521 1611 3618 apostolici

111 3643 317 3717 Auditores
334 3643 453 3718 litium
472 3643 698 3719 anfractibus
718 3644 867 3734 involvi,
888 3661 998 3720 motu·
1020 3648 1175 3745 proprio
1193 3647 1352 3721 voluerit
1371 3673 1415 3720 ac
1433 3646 1612 3743 predictis

110 3765 326 3864 Capellanis
354 3785 394 3843 et
412 3769 657 3844 Auditoribus
678 3786 766 3844 tunc
789 3771 1028 3867 presentibus
1057 3787 1097 3845 et
1123 3771 1256 3846 futuris
1282 3796 1491 3867 eorumque
1527 3797 1612 3845 suc-

108 3892 335 3980 cessoribus,
364 3917 509 3968 necnon
545 3894 629 3969 loco
657 3895 824 3991 ipsorum
853 3896 985 3991 positis
1023 3911 1062 3969 et
1097 3897 1293 3994 ponendis,
1323 3897 1358 3969 in
1387 3911 1610 3994 perpetuum

109 4041 179 4113 per
206 4041 296 4090 suas
331 4016 475 4091 litteras
513 4019 710 4105 concessit,
739 4021 842 4115 quod
871 4019 996 4094 nullus
1032 4044 1259 4095 concurrens
1297 4045 1380 4094 cum
1409 4020 1511 4117 ipsis,
1543 4046 1609 4094 seu

107 4165 240 4216 eorum
259 4139 395 4239 aliquo,
425 4142 462 4215 in
489 4143 642 4217 datione
669 4145 791 4242 gratie
819 4145 969 4219 cuilibet
988 4144 1155 4241 ipsorum
1174 4171 1197 4219 a
1225 4146 1316 4219 sede
1336 4145 1503 4242 predicta
1522 4169 1612 4218 con·

108 4289 216 4341 cesse
235 4265 295 4342 vel
313 4266 558 4364 imposterum
587 4267 837 4356 concedende,
868 4285 1042 4366 pretextu
1071 4269 1233 4344 cuiusvis
1262 4271 1514 4366 preventionis
1542 4294 1610 4343 seu

108 4390 399 4487 presentationis
426 4391 633 4466 litterarum
662 4409 727 4466 aut
754 4391 850 4467 sorte
879 4395 1029 4469 maioris
1053 4394 1243 4493 diligentie
1262 4396 1359 4468 circa
1378 4395 1610 4491 prosecutio-

110 4541 196 4590 nem
232 4515 354 4613 gratie
391 4515 603 4591 huiusmodi
645 4517 741 4592 lacte
778 4518 870 4615 ipsis
904 4519 941 4593 in
977 4519 1215 4593 assecutione
1242 4519 1505 4593 beneficiorum
1534 4545 1616 4615 que¹

107 4655 353 4738 expectarent
380 4657 420 4714 et
446 4667 521 4738 que
541 4642 672 4740 vigore
690 4643 899 4716 litterarum
924 4643 1217 4741 apostolicarum
1237 4645 1328 4742 ipsis
1347 4655 1609 4718 concessarum

108 4762 201 4838 alias
228 4763 323 4838 inira
351 4779 503 4860 tempus
530 4763 737 4863 legitimum
765 4783 1006 4863 acceptarent
1034 4790 1103 4863 pro
1131 4783 1302 4862 tempore
1331 4783 1370 4841 et
1398 4769 1612 4864 dequibus

109 4888 179 4964 sibi
197 4888 363 4962 lacerent
381 4888 581 4987 provideri,
606 4889 814 4965 dummodo
833 4890 917 4965 talis
937 4893 992 4966 eis
1021 4893 1057 4964 in
1086 4893 1206 4989 gradu
1235 4893 1354 4966 maior
1380 4892 1439 4965 vel
1466 4893 1613 4988 equalis

109 5037 183 5088 non
210 5012 401 5100 existeret,
432 5014 703 5110 quoquomodo
731 5030 864 5110 posset
891 5030 930 5088 et
957 5016 1114 5089 deberet
1141 5014 1328 5091 anteferri.

190 5137 241 5210 Et
268 5135 405 5211 deinde
433 5139 619 5212 Martinus
647 5138 693 5226 V,
719 5139 769 5212 ad
796 5161 945 5212 omnem
973 5164 1088 5235 super
1115 5165 1182 5214 eo:
1206 5163 1255 5212 an
1283 5139 1369 5212 dicti
1391 5139 1607 5221 Auditores.

108 5262 165 5337 sui
191 5279 232 5337 et
260 5263 517 5336 Romanorum
546 5258 761 5359 pontificum
789 5286 860 5359 pro
887 5277 1058 5361 tempore
1086 5263 1324 5337 existentium
1344 5261 1536 5358 Capellani
1565 5289 1609 5336 ac

107 5387 309 5462 lamiliares
337 5387 531 5461 domestici
558 5401 599 5461 et
635 5388 797 5461 continui
825 5385 1098 5462 commensales
1125 5388 1253 5462 haberi
1281 5387 1481 5462 deberent?
1501 5411 1608 5483 sepo
