<?xml version="1.0" encoding="UTF-8"?>
<!DOCTYPE html PUBLIC "-//W3C//DTD XHTML 1.0 Transitional//EN"
    "http://www.w3.org/TR/xhtml1/DTD/xhtml1-transitional.dtd">
<html xmlns="http://www.w3.org/1999/xhtml" xml:lang="en" lang="en">
 <head>
  <title>
</title>
<meta http-equiv="Content-Type" content="text/html;charset=utf-8" />
  <meta name='ocr-system' content='tesseract 3.04.00' />
  <meta name='ocr-capabilities' content='ocr_page ocr_carea ocr_par ocr_line ocrx_word'/>
</head>
<body>
  <div class='ocr_page' id='page_1' title='image "./capellanipapaee00cercgoog_0445.png"; bbox 0 0 3720 5916; ppageno 0'>
   <div class='ocr_carea' id='block_1_1' title="bbox 700 301 1584 362">
    <p class='ocr_par' dir='ltr' id='par_1_1' title="bbox 700 301 1584 362">
     <span class='ocr_line' id='line_1_1' title="bbox 700 301 1584 362; baseline 0.002 -2"><span class='ocrx_word' id='word_1_1' title='bbox 700 301 891 360; x_wconf 82' lang='lat' dir='ltr'>Alexandro</span> <span class='ocrx_word' id='word_1_2' title='bbox 913 301 977 361; x_wconf 89' lang='lat' dir='ltr'>VII</span> <span class='ocrx_word' id='word_1_3' title='bbox 1531 303 1584 362; x_wconf 82' lang='lat' dir='ltr'>tor</span> 
     </span>
    </p>
   </div>
   <div class='ocr_carea' id='block_1_2' title="bbox 76 489 1596 5450">
    <p class='ocr_par' dir='ltr' id='par_1_2' title="bbox 95 489 1589 712">
     <span class='ocr_line' id='line_1_2' title="bbox 95 489 1589 588; baseline 0.001 -24"><span class='ocrx_word' id='word_1_4' title='bbox 95 491 162 578; x_wconf 89' lang='lat' dir='ltr'>lus;</span> <span class='ocrx_word' id='word_1_5' title='bbox 183 515 267 566; x_wconf 91' lang='lat' dir='ltr'>nam</span> <span class='ocrx_word' id='word_1_6' title='bbox 288 491 337 564; x_wconf 91' lang='lat' dir='ltr'>D.</span> <span class='ocrx_word' id='word_1_7' title='bbox 355 489 506 565; x_wconf 88' lang='lat' dir='ltr'>Bichius</span> <span class='ocrx_word' id='word_1_8' title='bbox 523 515 545 564; x_wconf 94' lang='lat' dir='ltr'>a</span> <span class='ocrx_word' id='word_1_9' title='bbox 564 491 682 565; x_wconf 93' lang='lat' dir='ltr'>multo</span> <span class='ocrx_word' id='word_1_10' title='bbox 701 505 873 587; x_wconf 90' lang='lat' dir='ltr'>tempore</span> <span class='ocrx_word' id='word_1_11' title='bbox 893 491 1016 587; x_wconf 90' lang='lat' dir='ltr'>coepit</span> <span class='ocrx_word' id='word_1_12' title='bbox 1033 505 1236 588; x_wconf 83' lang='lat' dir='ltr'>aegrotare</span> <span class='ocrx_word' id='word_1_13' title='bbox 1257 513 1329 562; x_wconf 92' lang='lat' dir='ltr'>non</span> <span class='ocrx_word' id='word_1_14' title='bbox 1350 491 1431 564; x_wconf 87' lang='lat' dir='ltr'>sine</span> <span class='ocrx_word' id='word_1_15' title='bbox 1449 514 1589 588; x_wconf 88' lang='lat' dir='ltr'>magno</span> 
     </span>
     <span class='ocr_line' id='line_1_3' title="bbox 96 615 617 712; baseline 0 -22"><span class='ocrx_word' id='word_1_16' title='bbox 96 617 221 690; x_wconf 89' lang='lat' dir='ltr'>timore</span> <span class='ocrx_word' id='word_1_17' title='bbox 247 629 287 690; x_wconf 89' lang='lat' dir='ltr'>et</span> <span class='ocrx_word' id='word_1_18' title='bbox 313 615 480 712; x_wconf 87' lang='lat' dir='ltr'>periculo</span> <span class='ocrx_word' id='word_1_19' title='bbox 507 615 617 690; x_wconf 90' lang='lat' dir='ltr'>vitae.</span> 
     </span>
    </p>

    <p class='ocr_par' dir='ltr' id='par_1_3' title="bbox 84 739 1593 3334">
     <span class='ocr_line' id='line_1_4' title="bbox 168 739 1589 838; baseline 0 -24"><span class='ocrx_word' id='word_1_20' title='bbox 168 741 207 815; x_wconf 95' lang='lat' dir='ltr'>ln</span> <span class='ocrx_word' id='word_1_21' title='bbox 233 741 333 815; x_wconf 90' lang='lat' dir='ltr'>dicta</span> <span class='ocrx_word' id='word_1_22' title='bbox 361 739 463 815; x_wconf 91' lang='lat' dir='ltr'>Rota</span> <span class='ocrx_word' id='word_1_23' title='bbox 490 739 558 815; x_wconf 86' lang='lat' dir='ltr'>suit</span> <span class='ocrx_word' id='word_1_24' title='bbox 585 741 734 815; x_wconf 91' lang='lat' dir='ltr'>habitus</span> <span class='ocrx_word' id='word_1_25' title='bbox 762 741 900 838; x_wconf 89' lang='lat' dir='ltr'>longus</span> <span class='ocrx_word' id='word_1_26' title='bbox 928 765 1053 815; x_wconf 89' lang='lat' dir='ltr'>sermo</span> <span class='ocrx_word' id='word_1_27' title='bbox 1082 765 1196 838; x_wconf 89' lang='lat' dir='ltr'>super</span> <span class='ocrx_word' id='word_1_28' title='bbox 1214 739 1337 836; x_wconf 90' lang='lat' dir='ltr'>spolio</span> <span class='ocrx_word' id='word_1_29' title='bbox 1355 741 1460 838; x_wconf 91' lang='lat' dir='ltr'>quod</span> <span class='ocrx_word' id='word_1_30' title='bbox 1480 765 1589 837; x_wconf 88' lang='lat' dir='ltr'>prae·</span> 
     </span>
     <span class='ocr_line' id='line_1_5' title="bbox 92 863 1590 963; baseline 0 -23"><span class='ocrx_word' id='word_1_31' title='bbox 92 867 266 940; x_wconf 89' lang='lat' dir='ltr'>tendebat</span> <span class='ocrx_word' id='word_1_32' title='bbox 294 863 454 940; x_wconf 81' lang='lat' dir='ltr'>Camers</span> <span class='ocrx_word' id='word_1_33' title='bbox 482 865 703 962; x_wconf 82' lang='lat' dir='ltr'>Apostolica</span> <span class='ocrx_word' id='word_1_34' title='bbox 731 865 827 940; x_wconf 86' lang='lat' dir='ltr'>circa</span> <span class='ocrx_word' id='word_1_35' title='bbox 855 866 954 940; x_wconf 92' lang='lat' dir='ltr'>bona</span> <span class='ocrx_word' id='word_1_36' title='bbox 986 867 1046 941; x_wconf 93' lang='lat' dir='ltr'>bo.</span> <span class='ocrx_word' id='word_1_37' title='bbox 1076 890 1147 940; x_wconf 91' lang='lat' dir='ltr'>me.</span> <span class='ocrx_word' id='word_1_38' title='bbox 1180 865 1404 963; x_wconf 88' lang='lat' dir='ltr'>Peutingerii</span> <span class='ocrx_word' id='word_1_39' title='bbox 1436 865 1500 963; x_wconf 90' lang='lat' dir='ltr'>qui</span> <span class='ocrx_word' id='word_1_40' title='bbox 1529 865 1590 940; x_wconf 90' lang='lat' dir='ltr'>die</span> 
     </span>
     <span class='ocr_line' id='line_1_6' title="bbox 99 989 1590 1088; baseline 0.001 -23"><span class='ocrx_word' id='word_1_41' title='bbox 99 1017 137 1064; x_wconf 89' lang='lat'>12</span> <span class='ocrx_word' id='word_1_42' title='bbox 169 991 389 1065; x_wconf 87' lang='lat' dir='ltr'>Decembris</span> <span class='ocrx_word' id='word_1_43' title='bbox 408 989 529 1088; x_wconf 76' lang='lat'><em>(1656)</em></span> <span class='ocrx_word' id='word_1_44' title='bbox 550 993 641 1068; x_wconf 90' lang='lat' dir='ltr'>hora</span> <span class='ocrx_word' id='word_1_45' title='bbox 671 1017 695 1085; x_wconf 92' lang='lat'>4</span> <span class='ocrx_word' id='word_1_46' title='bbox 724 991 843 1066; x_wconf 90' lang='lat' dir='ltr'>noctis</span> <span class='ocrx_word' id='word_1_47' title='bbox 872 992 963 1067; x_wconf 90' lang='lat' dir='ltr'>obiit</span> <span class='ocrx_word' id='word_1_48' title='bbox 990 993 1026 1064; x_wconf 90' lang='lat' dir='ltr'>in</span> <span class='ocrx_word' id='word_1_49' title='bbox 1055 990 1217 1065; x_wconf 91' lang='lat' dir='ltr'>Civitate</span> <span class='ocrx_word' id='word_1_50' title='bbox 1245 991 1426 1064; x_wconf 83' lang='lat' dir='ltr'>Amerina</span> <span class='ocrx_word' id='word_1_51' title='bbox 1444 1008 1484 1066; x_wconf 89' lang='lat' dir='ltr'>et</span> <span class='ocrx_word' id='word_1_52' title='bbox 1500 991 1590 1088; x_wconf 91' lang='lat' dir='ltr'>quia</span> 
     </span>
     <span class='ocr_line' id='line_1_7' title="bbox 93 1114 1590 1215; baseline 0 -25"><span class='ocrx_word' id='word_1_53' title='bbox 93 1141 202 1212; x_wconf 88' lang='lat' dir='ltr'>super</span> <span class='ocrx_word' id='word_1_54' title='bbox 228 1117 364 1190; x_wconf 89' lang='lat' dir='ltr'>eodem</span> <span class='ocrx_word' id='word_1_55' title='bbox 392 1117 547 1212; x_wconf 88' lang='lat' dir='ltr'>negotio</span> <span class='ocrx_word' id='word_1_56' title='bbox 573 1133 766 1212; x_wconf 85' lang='lat' dir='ltr'><strong>tamquam</strong></span> <span class='ocrx_word' id='word_1_57' title='bbox 795 1131 974 1215; x_wconf 86' lang='lat' dir='ltr'>tangente</span> <span class='ocrx_word' id='word_1_58' title='bbox 1001 1114 1197 1213; x_wconf 80' lang='lat' dir='ltr'>privilegia</span> <span class='ocrx_word' id='word_1_59' title='bbox 1219 1117 1443 1190; x_wconf 83' lang='lat' dir='ltr'>Auditorum</span> <span class='ocrx_word' id='word_1_60' title='bbox 1468 1116 1590 1191; x_wconf 88' lang='lat' dir='ltr'>suerat</span> 
     </span>
     <span class='ocr_line' id='line_1_8' title="bbox 93 1239 1590 1340; baseline 0.002 -27"><span class='ocrx_word' id='word_1_61' title='bbox 93 1241 184 1316; x_wconf 88' lang='lat' dir='ltr'>lacta</span> <span class='ocrx_word' id='word_1_62' title='bbox 211 1239 285 1315; x_wconf 90' lang='lat' dir='ltr'>alia</span> <span class='ocrx_word' id='word_1_63' title='bbox 313 1239 572 1340; x_wconf 88' lang='lat' dir='ltr'>Congregatio</span> <span class='ocrx_word' id='word_1_64' title='bbox 601 1242 744 1336; x_wconf 87' lang='lat' dir='ltr'>privata</span> <span class='ocrx_word' id='word_1_65' title='bbox 773 1241 808 1313; x_wconf 90' lang='lat' dir='ltr'>in</span> <span class='ocrx_word' id='word_1_66' title='bbox 837 1241 951 1315; x_wconf 90' lang='lat' dir='ltr'>domo</span> <span class='ocrx_word' id='word_1_67' title='bbox 980 1242 1063 1314; x_wconf 75' lang='lat' dir='ltr'>Rn‘ri</span> <span class='ocrx_word' id='word_1_68' title='bbox 1095 1241 1248 1328; x_wconf 87' lang='lat' dir='ltr'>Decani,</span> <span class='ocrx_word' id='word_1_69' title='bbox 1278 1241 1403 1336; x_wconf 84' lang='lat' dir='ltr'>ibique</span> <span class='ocrx_word' id='word_1_70' title='bbox 1440 1243 1590 1317; x_wconf 93' lang='lat' dir='ltr'>conclu-</span> 
     </span>
     <span class='ocr_line' id='line_1_9' title="bbox 93 1364 1589 1463; baseline -0.001 -23"><span class='ocrx_word' id='word_1_71' title='bbox 93 1391 171 1440; x_wconf 92' lang='lat' dir='ltr'>sum</span> <span class='ocrx_word' id='word_1_72' title='bbox 199 1367 303 1463; x_wconf 92' lang='lat' dir='ltr'>quod</span> <span class='ocrx_word' id='word_1_73' title='bbox 330 1390 462 1439; x_wconf 90' lang='lat' dir='ltr'>omnes</span> <span class='ocrx_word' id='word_1_74' title='bbox 491 1364 698 1441; x_wconf 87' lang='lat' dir='ltr'>Auditores</span> <span class='ocrx_word' id='word_1_75' title='bbox 725 1365 904 1440; x_wconf 83' lang='lat' dir='ltr'>afferrent</span> <span class='ocrx_word' id='word_1_76' title='bbox 935 1366 1101 1440; x_wconf 87' lang='lat' dir='ltr'>rationes</span> <span class='ocrx_word' id='word_1_77' title='bbox 1135 1389 1235 1462; x_wconf 88' lang='lat' dir='ltr'>quae</span> <span class='ocrx_word' id='word_1_78' title='bbox 1270 1382 1428 1462; x_wconf 87' lang='lat' dir='ltr'>possent</span> <span class='ocrx_word' id='word_1_79' title='bbox 1455 1366 1589 1442; x_wconf 90' lang='lat' dir='ltr'>deduci</span> 
     </span>
     <span class='ocr_line' id='line_1_10' title="bbox 92 1489 1591 1586; baseline 0.001 -22"><span class='ocrx_word' id='word_1_80' title='bbox 92 1507 217 1565; x_wconf 91' lang='lat' dir='ltr'>contra</span> <span class='ocrx_word' id='word_1_81' title='bbox 247 1489 447 1566; x_wconf 91' lang='lat' dir='ltr'>Cameram</span> <span class='ocrx_word' id='word_1_82' title='bbox 481 1506 521 1566; x_wconf 89' lang='lat' dir='ltr'>et</span> <span class='ocrx_word' id='word_1_83' title='bbox 556 1491 606 1566; x_wconf 89' lang='lat' dir='ltr'>ad</span> <span class='ocrx_word' id='word_1_84' title='bbox 641 1491 808 1566; x_wconf 85' lang='lat' dir='ltr'>savorem</span> <span class='ocrx_word' id='word_1_85' title='bbox 838 1490 1062 1578; x_wconf 84' lang='lat' dir='ltr'>Tribunalis,</span> <span class='ocrx_word' id='word_1_86' title='bbox 1092 1491 1178 1565; x_wconf 90' lang='lat' dir='ltr'>ideo</span> <span class='ocrx_word' id='word_1_87' title='bbox 1214 1505 1290 1566; x_wconf 92' lang='lat' dir='ltr'>tam</span> <span class='ocrx_word' id='word_1_88' title='bbox 1327 1490 1363 1564; x_wconf 94' lang='lat' dir='ltr'>in</span> <span class='ocrx_word' id='word_1_89' title='bbox 1401 1494 1591 1586; x_wconf 86' lang='lat' dir='ltr'>praesenti</span> 
     </span>
     <span class='ocr_line' id='line_1_11' title="bbox 92 1613 1591 1716; baseline 0.003 -29"><span class='ocrx_word' id='word_1_90' title='bbox 92 1615 198 1702; x_wconf 90' lang='lat' dir='ltr'>Rota,</span> <span class='ocrx_word' id='word_1_91' title='bbox 220 1639 336 1712; x_wconf 90' lang='lat' dir='ltr'>quam</span> <span class='ocrx_word' id='word_1_92' title='bbox 364 1614 400 1688; x_wconf 95' lang='lat' dir='ltr'>in</span> <span class='ocrx_word' id='word_1_93' title='bbox 419 1615 656 1690; x_wconf 86' lang='lat' dir='ltr'>antecedenti</span> <span class='ocrx_word' id='word_1_94' title='bbox 675 1616 821 1712; x_wconf 91' lang='lat' dir='ltr'>privata</span> <span class='ocrx_word' id='word_1_95' title='bbox 840 1615 1148 1716; x_wconf 75' lang='lat' dir='ltr'>congregatione</span> <span class='ocrx_word' id='word_1_96' title='bbox 1166 1613 1382 1690; x_wconf 89' lang='lat' dir='ltr'>conclusum</span> <span class='ocrx_word' id='word_1_97' title='bbox 1402 1614 1469 1689; x_wconf 85' lang='lat' dir='ltr'>luit</span> <span class='ocrx_word' id='word_1_98' title='bbox 1488 1617 1591 1714; x_wconf 92' lang='lat' dir='ltr'>quod</span> 
     </span>
     <span class='ocr_line' id='line_1_12' title="bbox 91 1738 1592 1838; baseline 0.001 -26"><span class='ocrx_word' id='word_1_99' title='bbox 91 1740 163 1812; x_wconf 94' lang='lat' dir='ltr'>duo</span> <span class='ocrx_word' id='word_1_100' title='bbox 190 1739 397 1815; x_wconf 88' lang='lat' dir='ltr'>Auditores</span> <span class='ocrx_word' id='word_1_101' title='bbox 424 1740 572 1814; x_wconf 90' lang='lat' dir='ltr'>adirent</span> <span class='ocrx_word' id='word_1_102' title='bbox 601 1739 759 1814; x_wconf 83' lang='lat' dir='ltr'>SSri&#39;rum</span> <span class='ocrx_word' id='word_1_103' title='bbox 787 1756 828 1814; x_wconf 89' lang='lat' dir='ltr'>et</span> <span class='ocrx_word' id='word_1_104' title='bbox 854 1738 931 1814; x_wconf 92' lang='lat' dir='ltr'>duo</span> <span class='ocrx_word' id='word_1_105' title='bbox 958 1741 1198 1838; x_wconf 85' lang='lat' dir='ltr'>porrigerent</span> <span class='ocrx_word' id='word_1_106' title='bbox 1225 1739 1467 1828; x_wconf 87' lang='lat' dir='ltr'>Memorialia,</span> <span class='ocrx_word' id='word_1_107' title='bbox 1498 1740 1592 1814; x_wconf 89' lang='lat' dir='ltr'>alte-</span> 
     </span>
     <span class='ocr_line' id='line_1_13' title="bbox 92 1862 1592 1960; baseline 0.002 -24"><span class='ocrx_word' id='word_1_108' title='bbox 92 1889 168 1936; x_wconf 92' lang='lat' dir='ltr'>rum</span> <span class='ocrx_word' id='word_1_109' title='bbox 197 1865 234 1938; x_wconf 91' lang='lat' dir='ltr'>in</span> <span class='ocrx_word' id='word_1_110' title='bbox 263 1889 341 1960; x_wconf 92' lang='lat' dir='ltr'>quo</span> <span class='ocrx_word' id='word_1_111' title='bbox 369 1862 476 1938; x_wconf 87' lang='lat' dir='ltr'>fieret</span> <span class='ocrx_word' id='word_1_112' title='bbox 512 1867 652 1939; x_wconf 91' lang='lat' dir='ltr'>mentio</span> <span class='ocrx_word' id='word_1_113' title='bbox 688 1865 736 1940; x_wconf 87' lang='lat' dir='ltr'>de</span> <span class='ocrx_word' id='word_1_114' title='bbox 772 1865 978 1939; x_wconf 89' lang='lat' dir='ltr'>rationibus</span> <span class='ocrx_word' id='word_1_115' title='bbox 1014 1891 1062 1938; x_wconf 91' lang='lat' dir='ltr'>ex</span> <span class='ocrx_word' id='word_1_116' title='bbox 1096 1863 1234 1960; x_wconf 89' lang='lat' dir='ltr'>quibus</span> <span class='ocrx_word' id='word_1_117' title='bbox 1270 1864 1592 1959; x_wconf 88' lang='lat' dir='ltr'>praetendebatur</span> 
     </span>
     <span class='ocr_line' id='line_1_14' title="bbox 90 1988 1591 2087; baseline 0.001 -25"><span class='ocrx_word' id='word_1_118' title='bbox 90 1989 249 2086; x_wconf 87' lang='lat' dir='ltr'>spolium</span> <span class='ocrx_word' id='word_1_119' title='bbox 283 2012 358 2063; x_wconf 88' lang='lat' dir='ltr'>non</span> <span class='ocrx_word' id='word_1_120' title='bbox 385 1989 536 2076; x_wconf 87' lang='lat' dir='ltr'>intrare,</span> <span class='ocrx_word' id='word_1_121' title='bbox 565 2005 604 2063; x_wconf 93' lang='lat' dir='ltr'>et</span> <span class='ocrx_word' id='word_1_122' title='bbox 630 1988 788 2064; x_wconf 90' lang='lat' dir='ltr'>alterum</span> <span class='ocrx_word' id='word_1_123' title='bbox 818 1990 855 2062; x_wconf 92' lang='lat' dir='ltr'>in</span> <span class='ocrx_word' id='word_1_124' title='bbox 882 2013 960 2087; x_wconf 91' lang='lat' dir='ltr'>quo</span> <span class='ocrx_word' id='word_1_125' title='bbox 995 1989 1271 2085; x_wconf 88' lang='lat' dir='ltr'>supplicaretur</span> <span class='ocrx_word' id='word_1_126' title='bbox 1303 1988 1424 2063; x_wconf 77' lang='lat' dir='ltr'>SSriro</span> <span class='ocrx_word' id='word_1_127' title='bbox 1452 2003 1494 2062; x_wconf 93' lang='lat' dir='ltr'>ut</span> <span class='ocrx_word' id='word_1_128' title='bbox 1521 2015 1591 2086; x_wconf 92' lang='lat' dir='ltr'>pro</span> 
     </span>
     <span class='ocr_line' id='line_1_15' title="bbox 89 2111 1592 2212; baseline 0.003 -27"><span class='ocrx_word' id='word_1_129' title='bbox 89 2136 155 2186; x_wconf 91' lang='lat' dir='ltr'>sua</span> <span class='ocrx_word' id='word_1_130' title='bbox 181 2113 416 2211; x_wconf 88' lang='lat' dir='ltr'>benignitate</span> <span class='ocrx_word' id='word_1_131' title='bbox 443 2114 662 2212; x_wconf 87' lang='lat' dir='ltr'>dignaretur</span> <span class='ocrx_word' id='word_1_132' title='bbox 688 2115 909 2190; x_wconf 89' lang='lat' dir='ltr'>confirmare</span> <span class='ocrx_word' id='word_1_133' title='bbox 936 2113 1130 2212; x_wconf 88' lang='lat' dir='ltr'>privilegia</span> <span class='ocrx_word' id='word_1_134' title='bbox 1156 2111 1249 2187; x_wconf 89' lang='lat' dir='ltr'>alias</span> <span class='ocrx_word' id='word_1_135' title='bbox 1284 2114 1332 2188; x_wconf 92' lang='lat' dir='ltr'>ab</span> <span class='ocrx_word' id='word_1_136' title='bbox 1360 2116 1592 2190; x_wconf 85' lang='lat' dir='ltr'>Antecesso·</span> 
     </span>
     <span class='ocr_line' id='line_1_16' title="bbox 89 2238 1593 2338; baseline 0.003 -28"><span class='ocrx_word' id='word_1_137' title='bbox 89 2239 189 2314; x_wconf 90' lang='lat' dir='ltr'>ribus</span> <span class='ocrx_word' id='word_1_138' title='bbox 219 2239 308 2314; x_wconf 89' lang='lat' dir='ltr'>Suis</span> <span class='ocrx_word' id='word_1_139' title='bbox 336 2238 528 2314; x_wconf 88' lang='lat' dir='ltr'>Tribunali</span> <span class='ocrx_word' id='word_1_140' title='bbox 555 2254 595 2314; x_wconf 88' lang='lat' dir='ltr'>et</span> <span class='ocrx_word' id='word_1_141' title='bbox 623 2238 870 2315; x_wconf 80' lang='lat' dir='ltr'>Auditoribus</span> <span class='ocrx_word' id='word_1_142' title='bbox 898 2263 1180 2314; x_wconf 78' lang='lat' dir='ltr'>concessarum</span> <span class='ocrx_word' id='word_1_143' title='bbox 1201 2262 1382 2335; x_wconf 86' lang='lat' dir='ltr'>expressa</span> <span class='ocrx_word' id='word_1_144' title='bbox 1401 2256 1593 2338; x_wconf 84' lang='lat' dir='ltr'>protesta-</span> 
     </span>
     <span class='ocr_line' id='line_1_17' title="bbox 90 2361 1592 2460; baseline 0.001 -24"><span class='ocrx_word' id='word_1_145' title='bbox 90 2364 188 2438; x_wconf 88' lang='lat' dir='ltr'>tione</span> <span class='ocrx_word' id='word_1_146' title='bbox 216 2361 324 2460; x_wconf 93' lang='lat' dir='ltr'>quod</span> <span class='ocrx_word' id='word_1_147' title='bbox 351 2363 451 2438; x_wconf 92' lang='lat' dir='ltr'>Rota</span> <span class='ocrx_word' id='word_1_148' title='bbox 479 2387 554 2438; x_wconf 92' lang='lat' dir='ltr'>non</span> <span class='ocrx_word' id='word_1_149' title='bbox 581 2365 800 2440; x_wconf 84' lang='lat' dir='ltr'>intendebat</span> <span class='ocrx_word' id='word_1_150' title='bbox 827 2363 1014 2438; x_wconf 88' lang='lat' dir='ltr'>deducere</span> <span class='ocrx_word' id='word_1_151' title='bbox 1043 2364 1208 2438; x_wconf 90' lang='lat' dir='ltr'>rationes</span> <span class='ocrx_word' id='word_1_152' title='bbox 1234 2364 1286 2438; x_wconf 89' lang='lat' dir='ltr'>ad</span> <span class='ocrx_word' id='word_1_153' title='bbox 1303 2363 1475 2438; x_wconf 85' lang='lat' dir='ltr'>eflectum</span> <span class='ocrx_word' id='word_1_154' title='bbox 1495 2367 1592 2440; x_wconf 92' lang='lat' dir='ltr'>obti-</span> 
     </span>
     <span class='ocr_line' id='line_1_18' title="bbox 88 2487 1592 2587; baseline 0.002 -26"><span class='ocrx_word' id='word_1_155' title='bbox 88 2487 198 2562; x_wconf 90' lang='lat' dir='ltr'>nendi</span> <span class='ocrx_word' id='word_1_156' title='bbox 228 2513 299 2587; x_wconf 88' lang='lat' dir='ltr'>per</span> <span class='ocrx_word' id='word_1_157' title='bbox 325 2487 423 2562; x_wconf 90' lang='lat' dir='ltr'>viam</span> <span class='ocrx_word' id='word_1_158' title='bbox 450 2488 622 2576; x_wconf 87' lang='lat' dir='ltr'>iustitiae,</span> <span class='ocrx_word' id='word_1_159' title='bbox 654 2489 722 2562; x_wconf 90' lang='lat' dir='ltr'>sed</span> <span class='ocrx_word' id='word_1_160' title='bbox 750 2505 896 2563; x_wconf 88' lang='lat' dir='ltr'>tantum</span> <span class='ocrx_word' id='word_1_161' title='bbox 925 2512 996 2585; x_wconf 92' lang='lat' dir='ltr'>pro</span> <span class='ocrx_word' id='word_1_162' title='bbox 1023 2487 1208 2585; x_wconf 85' lang='lat' dir='ltr'>exemplo,</span> <span class='ocrx_word' id='word_1_163' title='bbox 1229 2505 1271 2562; x_wconf 92' lang='lat' dir='ltr'>ut</span> <span class='ocrx_word' id='word_1_164' title='bbox 1298 2487 1376 2562; x_wconf 89' lang='lat' dir='ltr'>Sua</span> <span class='ocrx_word' id='word_1_165' title='bbox 1403 2487 1592 2564; x_wconf 89' lang='lat' dir='ltr'>Sanctitas</span> 
     </span>
     <span class='ocr_line' id='line_1_19' title="bbox 86 2610 1593 2712; baseline 0.003 -29"><span class='ocrx_word' id='word_1_166' title='bbox 86 2610 229 2688; x_wconf 79' lang='lat' dir='ltr'>[acilius</span> <span class='ocrx_word' id='word_1_167' title='bbox 258 2613 479 2710; x_wconf 88' lang='lat' dir='ltr'>dignaretur</span> <span class='ocrx_word' id='word_1_168' title='bbox 505 2613 666 2712; x_wconf 89' lang='lat' dir='ltr'>gratiam</span> <span class='ocrx_word' id='word_1_169' title='bbox 695 2614 913 2689; x_wconf 86' lang='lat' dir='ltr'>concedere.</span> <span class='ocrx_word' id='word_1_170' title='bbox 947 2613 1054 2687; x_wconf 91' lang='lat' dir='ltr'>Haec</span> <span class='ocrx_word' id='word_1_171' title='bbox 1090 2613 1215 2686; x_wconf 87' lang='lat' dir='ltr'>omnia</span> <span class='ocrx_word' id='word_1_172' title='bbox 1254 2611 1415 2686; x_wconf 87' lang='lat' dir='ltr'>stabilita</span> <span class='ocrx_word' id='word_1_173' title='bbox 1443 2613 1593 2688; x_wconf 85' lang='lat' dir='ltr'>luerunt</span> 
     </span>
     <span class='ocr_line' id='line_1_20' title="bbox 87 2737 1592 2835; baseline 0.002 -24"><span class='ocrx_word' id='word_1_174' title='bbox 87 2761 169 2812; x_wconf 91' lang='lat' dir='ltr'>cum</span> <span class='ocrx_word' id='word_1_175' title='bbox 199 2761 387 2812; x_wconf 88' lang='lat' dir='ltr'>consensu</span> <span class='ocrx_word' id='word_1_176' title='bbox 416 2752 457 2812; x_wconf 90' lang='lat' dir='ltr'>et</span> <span class='ocrx_word' id='word_1_177' title='bbox 484 2738 639 2814; x_wconf 91' lang='lat' dir='ltr'>consilio</span> <span class='ocrx_word' id='word_1_178' title='bbox 668 2737 878 2813; x_wconf 89' lang='lat' dir='ltr'>Cardinalis</span> <span class='ocrx_word' id='word_1_179' title='bbox 906 2737 1117 2812; x_wconf 90' lang='lat' dir='ltr'>Otthoboni</span> <span class='ocrx_word' id='word_1_180' title='bbox 1136 2753 1175 2810; x_wconf 92' lang='lat' dir='ltr'>et</span> <span class='ocrx_word' id='word_1_181' title='bbox 1195 2737 1364 2824; x_wconf 89' lang='lat' dir='ltr'>Corradi,</span> <span class='ocrx_word' id='word_1_182' title='bbox 1388 2739 1453 2835; x_wconf 91' lang='lat' dir='ltr'>qui</span> <span class='ocrx_word' id='word_1_183' title='bbox 1480 2741 1592 2814; x_wconf 92' lang='lat' dir='ltr'>ambo</span> 
     </span>
     <span class='ocr_line' id='line_1_21' title="bbox 85 2861 1592 2964; baseline 0.003 -29"><span class='ocrx_word' id='word_1_184' title='bbox 85 2862 133 2936; x_wconf 93' lang='lat' dir='ltr'>de</span> <span class='ocrx_word' id='word_1_185' title='bbox 159 2863 235 2938; x_wconf 92' lang='lat' dir='ltr'>boc</span> <span class='ocrx_word' id='word_1_186' title='bbox 264 2862 449 2964; x_wconf 83' lang='lat' dir='ltr'>(negotio)</span> <span class='ocrx_word' id='word_1_187' title='bbox 475 2861 615 2960; x_wconf 90' lang='lat' dir='ltr'>pluries</span> <span class='ocrx_word' id='word_1_188' title='bbox 643 2862 855 2939; x_wconf 91' lang='lat' dir='ltr'>habuerunt</span> <span class='ocrx_word' id='word_1_189' title='bbox 872 2887 1086 2938; x_wconf 87' lang='lat' dir='ltr'>sermonem</span> <span class='ocrx_word' id='word_1_190' title='bbox 1105 2888 1190 2936; x_wconf 92' lang='lat' dir='ltr'>cum</span> <span class='ocrx_word' id='word_1_191' title='bbox 1210 2861 1332 2952; x_wconf 81' lang='lat' dir='ltr'>Ssriro,</span> <span class='ocrx_word' id='word_1_192' title='bbox 1353 2865 1448 2938; x_wconf 88' lang='lat' dir='ltr'>etin</span> <span class='ocrx_word' id='word_1_193' title='bbox 1467 2863 1592 2961; x_wconf 88' lang='lat' dir='ltr'>specie</span> 
     </span>
     <span class='ocr_line' id='line_1_22' title="bbox 86 2985 1592 3086; baseline 0.003 -26"><span class='ocrx_word' id='word_1_194' title='bbox 86 2985 199 3063; x_wconf 89' lang='lat' dir='ltr'>Card.</span> <span class='ocrx_word' id='word_1_195' title='bbox 232 2986 481 3062; x_wconf 91' lang='lat' dir='ltr'>Otthobonus</span> <span class='ocrx_word' id='word_1_196' title='bbox 508 2987 573 3082; x_wconf 91' lang='lat' dir='ltr'>qui</span> <span class='ocrx_word' id='word_1_197' title='bbox 601 2988 737 3064; x_wconf 89' lang='lat' dir='ltr'>acriter</span> <span class='ocrx_word' id='word_1_198' title='bbox 769 2987 966 3064; x_wconf 83' lang='lat' dir='ltr'>insistebat</span> <span class='ocrx_word' id='word_1_199' title='bbox 1000 3011 1075 3062; x_wconf 93' lang='lat' dir='ltr'>non</span> <span class='ocrx_word' id='word_1_200' title='bbox 1108 2985 1230 3062; x_wconf 89' lang='lat' dir='ltr'>solum</span> <span class='ocrx_word' id='word_1_201' title='bbox 1257 2987 1345 3084; x_wconf 90' lang='lat' dir='ltr'>quia</span> <span class='ocrx_word' id='word_1_202' title='bbox 1372 2989 1517 3086; x_wconf 89' lang='lat' dir='ltr'>gaudet</span> <span class='ocrx_word' id='word_1_203' title='bbox 1544 2990 1592 3064; x_wconf 90' lang='lat' dir='ltr'>dc</span> 
     </span>
     <span class='ocr_line' id='line_1_23' title="bbox 85 3109 1593 3212; baseline 0.005 -28"><span class='ocrx_word' id='word_1_204' title='bbox 85 3112 365 3212; x_wconf 87' lang='lat' dir='ltr'>praerogativis</span> <span class='ocrx_word' id='word_1_205' title='bbox 392 3126 432 3186; x_wconf 92' lang='lat' dir='ltr'>et</span> <span class='ocrx_word' id='word_1_206' title='bbox 457 3111 666 3187; x_wconf 89' lang='lat' dir='ltr'>honoribus</span> <span class='ocrx_word' id='word_1_207' title='bbox 692 3113 932 3200; x_wconf 87' lang='lat' dir='ltr'>Auditorum,</span> <span class='ocrx_word' id='word_1_208' title='bbox 964 3113 1032 3188; x_wconf 89' lang='lat' dir='ltr'>sed</span> <span class='ocrx_word' id='word_1_209' title='bbox 1060 3112 1148 3209; x_wconf 90' lang='lat' dir='ltr'>quia</span> <span class='ocrx_word' id='word_1_210' title='bbox 1177 3109 1246 3185; x_wconf 88' lang='lat' dir='ltr'>suit</span> <span class='ocrx_word' id='word_1_211' title='bbox 1272 3111 1477 3210; x_wconf 82' lang='lat' dir='ltr'>deputatus</span> <span class='ocrx_word' id='word_1_212' title='bbox 1504 3140 1593 3190; x_wconf 84' lang='lat' dir='ltr'>exe-</span> 
     </span>
     <span class='ocr_line' id='line_1_24' title="bbox 84 3235 917 3334; baseline 0.004 -24"><span class='ocrx_word' id='word_1_213' title='bbox 84 3254 229 3332; x_wconf 87' lang='lat' dir='ltr'>quutor</span> <span class='ocrx_word' id='word_1_214' title='bbox 257 3237 294 3310; x_wconf 90' lang='lat' dir='ltr'>in</span> <span class='ocrx_word' id='word_1_215' title='bbox 322 3235 570 3312; x_wconf 88' lang='lat' dir='ltr'>Testamento</span> <span class='ocrx_word' id='word_1_216' title='bbox 598 3236 648 3313; x_wconf 92' lang='lat' dir='ltr'>D.</span> <span class='ocrx_word' id='word_1_217' title='bbox 680 3237 917 3334; x_wconf 88' lang='lat' dir='ltr'>Peutingerii.</span> 
     </span>
    </p>

    <p class='ocr_par' dir='ltr' id='par_1_4' title="bbox 78 3360 1596 4706">
     <span class='ocr_line' id='line_1_25' title="bbox 165 3360 1592 3461; baseline 0.001 -25"><span class='ocrx_word' id='word_1_218' title='bbox 165 3361 308 3436; x_wconf 91' lang='lat' dir='ltr'>Evenit</span> <span class='ocrx_word' id='word_1_219' title='bbox 334 3361 438 3458; x_wconf 92' lang='lat' dir='ltr'>quod</span> <span class='ocrx_word' id='word_1_220' title='bbox 466 3362 561 3436; x_wconf 82' lang='lat' dir='ltr'>Rr‘ns</span> <span class='ocrx_word' id='word_1_221' title='bbox 591 3361 771 3437; x_wconf 88' lang='lat' dir='ltr'>Decanus</span> <span class='ocrx_word' id='word_1_222' title='bbox 798 3361 927 3437; x_wconf 89' lang='lat' dir='ltr'>habuit</span> <span class='ocrx_word' id='word_1_223' title='bbox 945 3361 1050 3436; x_wconf 91' lang='lat' dir='ltr'>adire</span> <span class='ocrx_word' id='word_1_224' title='bbox 1069 3360 1228 3436; x_wconf 81' lang='lat' dir='ltr'>SSr&#39;num</span> <span class='ocrx_word' id='word_1_225' title='bbox 1247 3385 1317 3458; x_wconf 92' lang='lat' dir='ltr'>pro</span> <span class='ocrx_word' id='word_1_226' title='bbox 1335 3360 1416 3436; x_wconf 88' lang='lat' dir='ltr'>aliis</span> <span class='ocrx_word' id='word_1_227' title='bbox 1432 3363 1592 3461; x_wconf 89' lang='lat' dir='ltr'>negotiis</span> 
     </span>
     <span class='ocr_line' id='line_1_26' title="bbox 84 3486 1593 3584; baseline 0.002 -24"><span class='ocrx_word' id='word_1_228' title='bbox 84 3500 134 3573; x_wconf 91' lang='lat' dir='ltr'>et,</span> <span class='ocrx_word' id='word_1_229' title='bbox 154 3501 313 3583; x_wconf 91' lang='lat' dir='ltr'>arrepta</span> <span class='ocrx_word' id='word_1_230' title='bbox 340 3487 548 3571; x_wconf 90' lang='lat' dir='ltr'>occasione,</span> <span class='ocrx_word' id='word_1_231' title='bbox 569 3486 745 3584; x_wconf 87' lang='lat' dir='ltr'>exposuit</span> <span class='ocrx_word' id='word_1_232' title='bbox 773 3487 877 3582; x_wconf 91' lang='lat' dir='ltr'>quod</span> <span class='ocrx_word' id='word_1_233' title='bbox 905 3487 1070 3563; x_wconf 88' lang='lat' dir='ltr'>debebat</span> <span class='ocrx_word' id='word_1_234' title='bbox 1096 3486 1276 3561; x_wconf 86' lang='lat' dir='ltr'>accedere</span> <span class='ocrx_word' id='word_1_235' title='bbox 1296 3487 1444 3561; x_wconf 90' lang='lat' dir='ltr'>nomine</span> <span class='ocrx_word' id='word_1_236' title='bbox 1463 3487 1593 3563; x_wconf 86' lang='lat' dir='ltr'>Tribu-</span> 
     </span>
     <span class='ocr_line' id='line_1_27' title="bbox 82 3609 1593 3710; baseline 0.002 -25"><span class='ocrx_word' id='word_1_237' title='bbox 82 3611 176 3686; x_wconf 90' lang='lat' dir='ltr'>nalis</span> <span class='ocrx_word' id='word_1_238' title='bbox 206 3612 260 3686; x_wconf 91' lang='lat' dir='ltr'>ad</span> <span class='ocrx_word' id='word_1_239' title='bbox 289 3609 408 3710; x_wconf 88' lang='lat' dir='ltr'>pedes</span> <span class='ocrx_word' id='word_1_240' title='bbox 437 3611 654 3686; x_wconf 90' lang='lat' dir='ltr'>Sanctitatis</span> <span class='ocrx_word' id='word_1_241' title='bbox 681 3609 781 3685; x_wconf 84' lang='lat' dir='ltr'>Suae</span> <span class='ocrx_word' id='word_1_242' title='bbox 809 3634 880 3708; x_wconf 92' lang='lat' dir='ltr'>pro</span> <span class='ocrx_word' id='word_1_243' title='bbox 907 3610 1112 3686; x_wconf 90' lang='lat' dir='ltr'>obtinenda</span> <span class='ocrx_word' id='word_1_244' title='bbox 1139 3609 1283 3684; x_wconf 90' lang='lat' dir='ltr'>lustitia</span> <span class='ocrx_word' id='word_1_245' title='bbox 1311 3626 1350 3684; x_wconf 93' lang='lat' dir='ltr'>et</span> <span class='ocrx_word' id='word_1_246' title='bbox 1373 3611 1506 3686; x_wconf 89' lang='lat' dir='ltr'>Gratia</span> <span class='ocrx_word' id='word_1_247' title='bbox 1525 3613 1593 3688; x_wconf 89' lang='lat' dir='ltr'>scd</span> 
     </span>
     <span class='ocr_line' id='line_1_28' title="bbox 82 3733 1594 3835; baseline 0.003 -27"><span class='ocrx_word' id='word_1_248' title='bbox 82 3759 158 3813; x_wconf 91' lang='lat' dir='ltr'>non</span> <span class='ocrx_word' id='word_1_249' title='bbox 187 3761 309 3811; x_wconf 91' lang='lat' dir='ltr'>ausus</span> <span class='ocrx_word' id='word_1_250' title='bbox 337 3735 406 3809; x_wconf 87' lang='lat' dir='ltr'>luit</span> <span class='ocrx_word' id='word_1_251' title='bbox 432 3761 480 3810; x_wconf 86' lang='lat' dir='ltr'>ex</span> <span class='ocrx_word' id='word_1_252' title='bbox 507 3762 621 3810; x_wconf 89' lang='lat' dir='ltr'>causa</span> <span class='ocrx_word' id='word_1_253' title='bbox 650 3737 790 3834; x_wconf 89' lang='lat' dir='ltr'>pestis;</span> <span class='ocrx_word' id='word_1_254' title='bbox 820 3736 905 3810; x_wconf 86' lang='lat' dir='ltr'>ideo</span> <span class='ocrx_word' id='word_1_255' title='bbox 934 3733 1158 3834; x_wconf 89' lang='lat' dir='ltr'>supplicavit</span> <span class='ocrx_word' id='word_1_256' title='bbox 1185 3733 1225 3811; x_wconf 89' lang='lat' dir='ltr'>S.</span> <span class='ocrx_word' id='word_1_257' title='bbox 1247 3733 1283 3809; x_wconf 91' lang='lat' dir='ltr'>S.</span> <span class='ocrx_word' id='word_1_258' title='bbox 1306 3750 1349 3810; x_wconf 91' lang='lat' dir='ltr'>ut</span> <span class='ocrx_word' id='word_1_259' title='bbox 1374 3734 1594 3835; x_wconf 87' lang='lat' dir='ltr'>dignaretur</span> 
     </span>
     <span class='ocr_line' id='line_1_29' title="bbox 81 3859 1591 3958; baseline 0.001 -24"><span class='ocrx_word' id='word_1_260' title='bbox 81 3886 153 3957; x_wconf 91' lang='lat' dir='ltr'>pro</span> <span class='ocrx_word' id='word_1_261' title='bbox 183 3860 267 3935; x_wconf 89' lang='lat' dir='ltr'>Sua</span> <span class='ocrx_word' id='word_1_262' title='bbox 294 3859 526 3958; x_wconf 89' lang='lat' dir='ltr'>benignitate</span> <span class='ocrx_word' id='word_1_263' title='bbox 553 3885 629 3935; x_wconf 93' lang='lat' dir='ltr'>non</span> <span class='ocrx_word' id='word_1_264' title='bbox 657 3877 804 3935; x_wconf 91' lang='lat' dir='ltr'>tantum</span> <span class='ocrx_word' id='word_1_265' title='bbox 831 3859 1019 3957; x_wconf 90' lang='lat' dir='ltr'>respicere</span> <span class='ocrx_word' id='word_1_266' title='bbox 1046 3861 1127 3935; x_wconf 91' lang='lat' dir='ltr'>iura</span> <span class='ocrx_word' id='word_1_267' title='bbox 1146 3859 1359 3934; x_wconf 84' lang='lat' dir='ltr'>Tribunalis</span> <span class='ocrx_word' id='word_1_268' title='bbox 1382 3861 1419 3934; x_wconf 92' lang='lat' dir='ltr'>in</span> <span class='ocrx_word' id='word_1_269' title='bbox 1438 3861 1591 3937; x_wconf 89' lang='lat' dir='ltr'>materia</span> 
     </span>
     <span class='ocr_line' id='line_1_30' title="bbox 80 3983 1594 4084; baseline 0.002 -26"><span class='ocrx_word' id='word_1_270' title='bbox 80 3985 194 4084; x_wconf 91' lang='lat' dir='ltr'>spolii</span> <span class='ocrx_word' id='word_1_271' title='bbox 225 3983 419 4082; x_wconf 89' lang='lat' dir='ltr'>praetensi</span> <span class='ocrx_word' id='word_1_272' title='bbox 446 4009 469 4058; x_wconf 94' lang='lat' dir='ltr'>a</span> <span class='ocrx_word' id='word_1_273' title='bbox 497 3984 659 4059; x_wconf 85' lang='lat' dir='ltr'>Camera</span> <span class='ocrx_word' id='word_1_274' title='bbox 686 3983 723 4058; x_wconf 90' lang='lat' dir='ltr'>in</span> <span class='ocrx_word' id='word_1_275' title='bbox 751 3985 859 4060; x_wconf 88' lang='lat' dir='ltr'>bonis</span> <span class='ocrx_word' id='word_1_276' title='bbox 888 3983 938 4060; x_wconf 92' lang='lat' dir='ltr'>D.</span> <span class='ocrx_word' id='word_1_277' title='bbox 959 3983 1195 4083; x_wconf 89' lang='lat' dir='ltr'>Peutingerii,</span> <span class='ocrx_word' id='word_1_278' title='bbox 1213 3984 1282 4058; x_wconf 88' lang='lat' dir='ltr'>sed</span> <span class='ocrx_word' id='word_1_279' title='bbox 1303 3985 1416 4058; x_wconf 91' lang='lat' dir='ltr'>etiarn</span> <span class='ocrx_word' id='word_1_280' title='bbox 1436 3985 1594 4062; x_wconf 88' lang='lat' dir='ltr'>humiles</span> 
     </span>
     <span class='ocr_line' id='line_1_31' title="bbox 78 4107 1594 4211; baseline 0.001 -28"><span class='ocrx_word' id='word_1_281' title='bbox 78 4134 221 4207; x_wconf 89' lang='lat' dir='ltr'>preces</span> <span class='ocrx_word' id='word_1_282' title='bbox 251 4132 348 4205; x_wconf 90' lang='lat' dir='ltr'>quas</span> <span class='ocrx_word' id='word_1_283' title='bbox 376 4109 450 4208; x_wconf 88' lang='lat' dir='ltr'>Ipsi</span> <span class='ocrx_word' id='word_1_284' title='bbox 478 4107 697 4208; x_wconf 87' lang='lat' dir='ltr'>porrigebat</span> <span class='ocrx_word' id='word_1_285' title='bbox 725 4134 795 4208; x_wconf 92' lang='lat' dir='ltr'>pro</span> <span class='ocrx_word' id='word_1_286' title='bbox 829 4107 1033 4185; x_wconf 89' lang='lat' dir='ltr'>obtinenda</span> <span class='ocrx_word' id='word_1_287' title='bbox 1069 4108 1349 4184; x_wconf 88' lang='lat' dir='ltr'>confirmatione</span> <span class='ocrx_word' id='word_1_288' title='bbox 1379 4108 1594 4211; x_wconf 89' lang='lat' dir='ltr'>Privilegio-</span> 
     </span>
     <span class='ocr_line' id='line_1_32' title="bbox 80 4233 1595 4332; baseline 0.001 -24"><span class='ocrx_word' id='word_1_289' title='bbox 80 4260 165 4310; x_wconf 93' lang='lat' dir='ltr'>rum</span> <span class='ocrx_word' id='word_1_290' title='bbox 195 4249 239 4309; x_wconf 92' lang='lat' dir='ltr'>et</span> <span class='ocrx_word' id='word_1_291' title='bbox 269 4258 339 4330; x_wconf 92' lang='lat' dir='ltr'>pro</span> <span class='ocrx_word' id='word_1_292' title='bbox 371 4234 493 4332; x_wconf 91' lang='lat' dir='ltr'>gratia</span> <span class='ocrx_word' id='word_1_293' title='bbox 521 4235 802 4329; x_wconf 89' lang='lat' dir='ltr'>consequenda,</span> <span class='ocrx_word' id='word_1_294' title='bbox 830 4233 945 4331; x_wconf 83' lang='lat' dir='ltr'>prout</span> <span class='ocrx_word' id='word_1_295' title='bbox 970 4233 1065 4309; x_wconf 87' lang='lat' dir='ltr'>alias</span> <span class='ocrx_word' id='word_1_296' title='bbox 1094 4233 1131 4308; x_wconf 90' lang='lat' dir='ltr'>in</span> <span class='ocrx_word' id='word_1_297' title='bbox 1164 4233 1330 4332; x_wconf 91' lang='lat' dir='ltr'>negociis</span> <span class='ocrx_word' id='word_1_298' title='bbox 1358 4235 1595 4332; x_wconf 86' lang='lat' dir='ltr'>gravioribus</span> 
     </span>
     <span class='ocr_line' id='line_1_33' title="bbox 79 4356 1594 4458; baseline -0.001 -24"><span class='ocrx_word' id='word_1_299' title='bbox 79 4359 118 4436; x_wconf 89' lang='lat' dir='ltr'>S.</span> <span class='ocrx_word' id='word_1_300' title='bbox 152 4358 193 4436; x_wconf 92' lang='lat' dir='ltr'>S.</span> <span class='ocrx_word' id='word_1_301' title='bbox 227 4356 387 4456; x_wconf 86' lang='lat' dir='ltr'>dignata</span> <span class='ocrx_word' id='word_1_302' title='bbox 413 4357 481 4432; x_wconf 89' lang='lat' dir='ltr'>suit</span> <span class='ocrx_word' id='word_1_303' title='bbox 508 4357 702 4455; x_wconf 87' lang='lat' dir='ltr'>impartiri,</span> <span class='ocrx_word' id='word_1_304' title='bbox 732 4373 949 4456; x_wconf 89' lang='lat' dir='ltr'>protestans</span> <span class='ocrx_word' id='word_1_305' title='bbox 976 4358 1079 4455; x_wconf 92' lang='lat' dir='ltr'>quod</span> <span class='ocrx_word' id='word_1_306' title='bbox 1116 4356 1206 4444; x_wconf 92' lang='lat' dir='ltr'>iura,</span> <span class='ocrx_word' id='word_1_307' title='bbox 1237 4357 1400 4432; x_wconf 88' lang='lat' dir='ltr'>rationes</span> <span class='ocrx_word' id='word_1_308' title='bbox 1429 4376 1468 4432; x_wconf 91' lang='lat' dir='ltr'>et</span> <span class='ocrx_word' id='word_1_309' title='bbox 1496 4383 1594 4458; x_wconf 91' lang='lat' dir='ltr'>quae</span> 
     </span>
     <span class='ocr_line' id='line_1_34' title="bbox 78 4481 1596 4581; baseline -0.001 -21"><span class='ocrx_word' id='word_1_310' title='bbox 78 4498 268 4581; x_wconf 90' lang='lat' dir='ltr'>poterant</span> <span class='ocrx_word' id='word_1_311' title='bbox 295 4482 430 4556; x_wconf 90' lang='lat' dir='ltr'>deduci</span> <span class='ocrx_word' id='word_1_312' title='bbox 458 4481 586 4557; x_wconf 82' lang='lat' dir='ltr'>lavore</span> <span class='ocrx_word' id='word_1_313' title='bbox 613 4483 824 4558; x_wconf 87' lang='lat' dir='ltr'>Tribunalis</span> <span class='ocrx_word' id='word_1_314' title='bbox 852 4483 977 4558; x_wconf 90' lang='lat' dir='ltr'>omnia</span> <span class='ocrx_word' id='word_1_315' title='bbox 1003 4483 1170 4579; x_wconf 88' lang='lat' dir='ltr'>ponebat</span> <span class='ocrx_word' id='word_1_316' title='bbox 1197 4482 1246 4555; x_wconf 91' lang='lat' dir='ltr'>ad</span> <span class='ocrx_word' id='word_1_317' title='bbox 1273 4482 1392 4578; x_wconf 89' lang='lat' dir='ltr'>pedes</span> <span class='ocrx_word' id='word_1_318' title='bbox 1419 4483 1458 4557; x_wconf 94' lang='lat' dir='ltr'>S.</span> <span class='ocrx_word' id='word_1_319' title='bbox 1489 4484 1527 4560; x_wconf 92' lang='lat' dir='ltr'>S.</span> <span class='ocrx_word' id='word_1_320' title='bbox 1556 4500 1596 4558; x_wconf 90' lang='lat' dir='ltr'>et</span> 
     </span>
     <span class='ocr_line' id='line_1_35' title="bbox 78 4605 1188 4706; baseline -0.001 -23"><span class='ocrx_word' id='word_1_321' title='bbox 78 4611 189 4706; x_wconf 93' lang='lat' dir='ltr'>quod</span> <span class='ocrx_word' id='word_1_322' title='bbox 219 4605 405 4682; x_wconf 89' lang='lat' dir='ltr'>Tribunal</span> <span class='ocrx_word' id='word_1_323' title='bbox 433 4619 507 4682; x_wconf 88' lang='lat' dir='ltr'>non</span> <span class='ocrx_word' id='word_1_324' title='bbox 536 4607 756 4682; x_wconf 89' lang='lat' dir='ltr'>intendebat</span> <span class='ocrx_word' id='word_1_325' title='bbox 783 4605 859 4683; x_wconf 93' lang='lat' dir='ltr'>ullo</span> <span class='ocrx_word' id='word_1_326' title='bbox 886 4608 1003 4684; x_wconf 90' lang='lat' dir='ltr'>modo</span> <span class='ocrx_word' id='word_1_327' title='bbox 1030 4607 1188 4706; x_wconf 88' lang='lat' dir='ltr'>litigare.</span> 
     </span>
    </p>

    <p class='ocr_par' dir='ltr' id='par_1_5' title="bbox 76 4731 1595 5327">
     <span class='ocr_line' id='line_1_36' title="bbox 163 4731 1594 4831; baseline 0 -23"><span class='ocrx_word' id='word_1_328' title='bbox 163 4731 315 4808; x_wconf 88' lang='lat' dir='ltr'>Placuit</span> <span class='ocrx_word' id='word_1_329' title='bbox 343 4731 455 4807; x_wconf 77' lang='lat' dir='ltr'>Ssrno</span> <span class='ocrx_word' id='word_1_330' title='bbox 483 4733 569 4806; x_wconf 89' lang='lat' dir='ltr'>talis</span> <span class='ocrx_word' id='word_1_331' title='bbox 597 4733 782 4808; x_wconf 90' lang='lat' dir='ltr'>modestia</span> <span class='ocrx_word' id='word_1_332' title='bbox 809 4749 850 4808; x_wconf 89' lang='lat' dir='ltr'>et</span> <span class='ocrx_word' id='word_1_333' title='bbox 876 4733 986 4808; x_wconf 89' lang='lat' dir='ltr'>valde</span> <span class='ocrx_word' id='word_1_334' title='bbox 1013 4755 1243 4831; x_wconf 88' lang='lat' dir='ltr'>propensum</span> <span class='ocrx_word' id='word_1_335' title='bbox 1277 4757 1320 4806; x_wconf 89' lang='lat' dir='ltr'>se</span> <span class='ocrx_word' id='word_1_336' title='bbox 1347 4733 1518 4829; x_wconf 90' lang='lat' dir='ltr'>praebuit</span> <span class='ocrx_word' id='word_1_337' title='bbox 1545 4735 1594 4808; x_wconf 91' lang='lat' dir='ltr'>ad</span> 
     </span>
     <span class='ocr_line' id='line_1_37' title="bbox 77 4854 1595 4956; baseline 0.001 -25"><span class='ocrx_word' id='word_1_338' title='bbox 77 4858 260 4932; x_wconf 88' lang='lat' dir='ltr'>savorem</span> <span class='ocrx_word' id='word_1_339' title='bbox 279 4855 314 4928; x_wconf 87' lang='lat' dir='ltr'><strong>T</strong></span> <span class='ocrx_word' id='word_1_340' title='bbox 316 4855 504 4940; x_wconf 88' lang='lat' dir='ltr'>ribunalis,</span> <span class='ocrx_word' id='word_1_341' title='bbox 525 4854 668 4931; x_wconf 89' lang='lat' dir='ltr'>addens</span> <span class='ocrx_word' id='word_1_342' title='bbox 696 4857 800 4954; x_wconf 91' lang='lat' dir='ltr'>quod</span> <span class='ocrx_word' id='word_1_343' title='bbox 828 4855 1069 4932; x_wconf 88' lang='lat' dir='ltr'>consuluerat</span> <span class='ocrx_word' id='word_1_344' title='bbox 1087 4855 1362 4956; x_wconf 80' lang='lat' dir='ltr'>A[dvocatos?]</span> <span class='ocrx_word' id='word_1_345' title='bbox 1391 4881 1506 4952; x_wconf 91' lang='lat' dir='ltr'>super</span> <span class='ocrx_word' id='word_1_346' title='bbox 1524 4858 1595 4932; x_wconf 90' lang='lat' dir='ltr'>hoc</span> 
     </span>
     <span class='ocr_line' id='line_1_38' title="bbox 77 4978 1595 5082; baseline 0.001 -26"><span class='ocrx_word' id='word_1_347' title='bbox 77 4982 247 5082; x_wconf 89' lang='lat' dir='ltr'>negotio</span> <span class='ocrx_word' id='word_1_348' title='bbox 276 5004 438 5077; x_wconf 90' lang='lat' dir='ltr'>quorum</span> <span class='ocrx_word' id='word_1_349' title='bbox 466 4978 542 5054; x_wconf 93' lang='lat' dir='ltr'>duo</span> <span class='ocrx_word' id='word_1_350' title='bbox 570 4981 848 5078; x_wconf 88' lang='lat' dir='ltr'>responderunt</span> <span class='ocrx_word' id='word_1_351' title='bbox 876 5006 947 5078; x_wconf 93' lang='lat' dir='ltr'>pro</span> <span class='ocrx_word' id='word_1_352' title='bbox 974 4980 1178 5068; x_wconf 87' lang='lat' dir='ltr'>Tribunali‚</span> <span class='ocrx_word' id='word_1_353' title='bbox 1207 4979 1266 5055; x_wconf 91' lang='lat' dir='ltr'>alii</span> <span class='ocrx_word' id='word_1_354' title='bbox 1301 5005 1393 5054; x_wconf 90' lang='lat' dir='ltr'>vero</span> <span class='ocrx_word' id='word_1_355' title='bbox 1420 4981 1497 5056; x_wconf 94' lang='lat' dir='ltr'>duo</span> <span class='ocrx_word' id='word_1_356' title='bbox 1525 5008 1595 5080; x_wconf 93' lang='lat' dir='ltr'>pro</span> 
     </span>
     <span class='ocr_line' id='line_1_39' title="bbox 78 5104 1594 5204; baseline 0 -22"><span class='ocrx_word' id='word_1_357' title='bbox 78 5107 255 5182; x_wconf 89' lang='lat' dir='ltr'>Camera</span> <span class='ocrx_word' id='word_1_358' title='bbox 283 5121 322 5179; x_wconf 91' lang='lat' dir='ltr'>et</span> <span class='ocrx_word' id='word_1_359' title='bbox 349 5104 452 5201; x_wconf 94' lang='lat' dir='ltr'>quod</span> <span class='ocrx_word' id='word_1_360' title='bbox 480 5121 680 5202; x_wconf 90' lang='lat' dir='ltr'>propterea</span> <span class='ocrx_word' id='word_1_361' title='bbox 711 5105 887 5204; x_wconf 90' lang='lat' dir='ltr'>cupiebat</span> <span class='ocrx_word' id='word_1_362' title='bbox 913 5105 1053 5180; x_wconf 87' lang='lat' dir='ltr'>habere</span> <span class='ocrx_word' id='word_1_363' title='bbox 1080 5105 1206 5181; x_wconf 88' lang='lat' dir='ltr'>omnia</span> <span class='ocrx_word' id='word_1_364' title='bbox 1234 5107 1315 5180; x_wconf 91' lang='lat' dir='ltr'>iura</span> <span class='ocrx_word' id='word_1_365' title='bbox 1340 5104 1510 5181; x_wconf 82' lang='lat' dir='ltr'>facientia</span> <span class='ocrx_word' id='word_1_366' title='bbox 1545 5109 1594 5182; x_wconf 92' lang='lat' dir='ltr'>ad</span> 
     </span>
     <span class='ocr_line' id='line_1_40' title="bbox 76 5233 871 5327; baseline 0.001 -20"><span class='ocrx_word' id='word_1_367' title='bbox 76 5255 242 5307; x_wconf 89' lang='lat' dir='ltr'>causam</span> <span class='ocrx_word' id='word_1_368' title='bbox 272 5246 312 5304; x_wconf 89' lang='lat' dir='ltr'>et</span> <span class='ocrx_word' id='word_1_369' title='bbox 339 5244 473 5327; x_wconf 85' lang='lat' dir='ltr'>postea</span> <span class='ocrx_word' id='word_1_370' title='bbox 500 5253 723 5326; x_wconf 89' lang='lat' dir='ltr'>responsum</span> <span class='ocrx_word' id='word_1_371' title='bbox 753 5233 871 5308; x_wconf 89' lang='lat' dir='ltr'>daret.</span> 
     </span>
    </p>

    <p class='ocr_par' dir='ltr' id='par_1_6' title="bbox 164 5353 1109 5450">
     <span class='ocr_line' id='line_1_41' title="bbox 164 5353 1109 5450; baseline 0.002 -22"><span class='ocrx_word' id='word_1_372' title='bbox 164 5356 283 5430; x_wconf 87' lang='lat' dir='ltr'>Haec</span> <span class='ocrx_word' id='word_1_373' title='bbox 310 5354 436 5428; x_wconf 92' lang='lat' dir='ltr'>omnia</span> <span class='ocrx_word' id='word_1_374' title='bbox 464 5369 505 5428; x_wconf 86' lang='lat' dir='ltr'>et</span> <span class='ocrx_word' id='word_1_375' title='bbox 529 5354 601 5430; x_wconf 89' lang='lat' dir='ltr'>alia</span> <span class='ocrx_word' id='word_1_376' title='bbox 629 5353 737 5450; x_wconf 88' lang='lat' dir='ltr'>plura</span> <span class='ocrx_word' id='word_1_377' title='bbox 765 5354 891 5430; x_wconf 90' lang='lat' dir='ltr'>retulit</span> <span class='ocrx_word' id='word_1_378' title='bbox 920 5355 1109 5430; x_wconf 91' lang='lat' dir='ltr'>Decanus.</span> 
     </span>
    </p>
   </div>
   <div class='ocr_carea' id='block_1_3' title="bbox 0 0 1864 5916">
    <p class='ocr_par' dir='ltr' id='par_1_7' title="bbox 0 0 1864 5916">
     <span class='ocr_line' id='line_1_42' title="bbox 0 0 1864 5916; baseline 0 3"><span class='ocrx_word' id='word_1_379' title='bbox 0 0 1864 5916; x_wconf 95' lang='lat' dir='ltr'> </span> 
     </span>
    </p>
   </div>
  </div>
 </body>
</html>
