3720 5916
736 321 904 382 Clemente
921 319 954 382 X
1542 317 1594 378 ⁴21

95 508 178 584 sola
199 513 411 606 praesentis
432 527 558 586 motus
576 512 718 610 proprii
735 510 932 611 signatura
952 511 1119 599 sufficiat,
1142 529 1181 588 et
1200 513 1340 609 ubique
1358 513 1469 587 fidem
1489 515 1601 590 saciat

94 635 131 710 in
160 635 309 724 iudicio,
338 652 378 711 et
405 651 522 720 extra,
553 637 684 736 regula
712 637 910 721 contraria,

179 759 227 838 D.
259 760 301 838 F.
331 763 567 861 coeterisque
594 762 788 838 contrariis
817 763 1127 859 quibuscumque,
1148 777 1190 836 ut
1218 787 1333 860 supra
1352 788 1427 838 non
1445 767 1600 840 obstan-

94 884 207 973 tibus,
238 911 317 972 seu,
348 889 379 962 si
415 887 611 974 videbitur,
640 911 710 984 per
744 887 866 961 Breve
901 903 1082 972 nostrum,
1123 911 1190 960 seu
1219 887 1377 962 officium
1406 888 1456 962 de
1485 887 1600 964 Curia

94 1010 263 1106 expediri
292 1013 449 1108 possint.

179 1135 322 1210 Datum
358 1137 516 1222 Romae,
554 1137 657 1234 apud
696 1137 872 1212 Sanctam
911 1135 1069 1210 Mariam
1099 1135 1294 1221 Maiorem,
1335 1137 1492 1213 Decimo
1524 1138 1596 1214 kal.

96 1259 337 1346 Novembris,
369 1263 481 1336 Anno
508 1261 696 1340 Secundo·

1312 1388 1410 1462 Fiat.
1440 1388 1487 1464 E.

179 1598 292 1674 Libro
321 1600 378 1677 111.
404 1601 633 1676 secretorum
651 1601 739 1676 folio
759 1599 1006 1676 CCXXVIII.
1028 1601 1073 1673 R.
1096 1600 1139 1677 F.
1161 1601 1331 1676 Moreau.
1349 1607 1411 1675 26.
1433 1603 1598 1678 octobris

94 1720 278 1798 Camillus
306 1723 460 1800 Natalis.
546 1721 549 1728 ’

177 1849 291 1924 Anno
318 1875 341 1924 a
369 1852 564 1927 nativitate
603 1851 650 1928 D.
690 1850 738 1926 N.
776 1851 861 1926 Iesu
899 1849 1041 1926 Christi
1074 1857 1185 1945 1671.
1225 1851 1423 1926 indictione
1457 1875 1506 1944 9.,
1537 1852 1598 1929 die

94 1999 189 2050 vero
229 1997 289 2070 31·
319 1976 459 2053 mensis
496 1976 673 2064 octobris,
713 1977 819 2052 Pont.
856 1992 984 2050 autem
1020 1975 1089 2051 SS.
1128 1976 1163 2050 in
1203 1976 1356 2052 Christo
1392 1977 1524 2066 Patris,
1560 1993 1599 2053 et

96 2101 146 2176 D.
179 2101 240 2186 N.,
272 2101 319 2176 D.
351 2100 560 2176 Clementis
588 2102 713 2177 divina
742 2099 980 2177 Providentia
1009 2101 1134 2198 Papae
1163 2101 1213 2176 X.
1233 2126 1331 2177 anno
1359 2104 1443 2178 eius
1468 2104 1509 2179 ll.
1532 2104 1598 2180 Su·

95 2225 268 2322 predicta
296 2223 429 2302 cedula
458 2227 588 2300 Motus
615 2227 757 2325 proprii
785 2226 1018 2302 Sanctissimi
1046 2225 1167 2310 affixa,
1193 2241 1232 2300 et
1258 2227 1447 2324 publicata
1465 2225 1534 2302 fuit
1549 2230 1600 2304 ad

95 2352 227 2426 valvas
257 2351 404 2438 Curiae,
434 2369 474 2428 et
506 2351 541 2426 in
571 2353 651 2428 acie
680 2351 815 2450 Campi
845 2351 991 2437 Florae,
1020 2378 1065 2427 ac
1100 2353 1135 2426 in
1171 2351 1253 2427 aliis
1287 2352 1380 2427 locis
1413 2353 1532 2430 solitis
1560 2371 1600 2429 et

94 2478 288 2552 consuetis
308 2476 435 2562 Urbis,
457 2493 499 2550 ut
518 2478 634 2552 moris
653 2492 723 2562 est,
745 2503 814 2574 per
832 2502 893 2552 me
913 2477 1089 2555 Ioannem
1109 2477 1315 2552 Antonium
1339 2478 1597 2568 Bertarellum,

94 2601 236 2698 Apost.
268 2600 376 2678 Curs.

528 2743 664 2841 loseph
694 2745 888 2820 Pizzardus
917 2746 1022 2845 Mag.
1054 2745 1164 2824 Curs.

804 3099 894 3178 317.

97 3259 312 3336 constituet
349 3262 538 3338 Clentenlar
565 3265 612 3338 X
639 3289 712 3362 qua
744 3263 1015 3364 confirmantur
1041 3271 1077 3337 et
1101 3264 1326 3338 innovantur
1361 3262 1482 3336 omnia
1512 3263 1599 3362 pri-

176 3385 313 3484 m'legia
347 3413 510 3463 cmtcessa
537 3413 562 3461 a
589 3389 687 3463 Iulio
714 3387 769 3474 ll,
800 3390 920 3462 Leone
948 3389 1000 3474 X,
1037 3385 1213 3462 Clemente
1242 3387 1325 3473 VII,
1361 3387 1484 3462 Paulo
1516 3389 1595 3474 III,

176 3519 214 3585 et
246 3513 473 3587 Alexandro
513 3514 597 3600 VII,
645 3522 680 3587 et
717 3514 875 3587 ulterius
915 3513 1121 3587 emiceditur
1159 3514 1343 3613 expedibit
1387 3513 1600 3587 litterarum

173 3637 311 3733 gratis,
341 3646 378 3711 ct
394 3651 468 3736 per
494 3639 593 3712 veiim
619 3647 804 3724 sternant,
834 3663 896 3711 nec
923 3663 995 3731 nort
1022 3639 1166 3712 rattbrre
1192 3637 1373 3712 customtt
1392 3638 1601 3737 palltbrum

177 3763 425 3859 assignantur
451 3765 705 3838 menstruatz'm
734 3773 835 3837 scuta
863 3766 909 3847 8,·
937 3787 1032 3861 quae
1054 3764 1170 3863 peries
1202 3764 1389 3838 dabantur
1419 3766 1603 3837 canonicis

178 3887 377 3962 Altarirtis
404 3887 443 3962 S.
475 3889 591 3962 Petri.

176 4043 293 4117 (Arcen.
314 4041 400 4118 Ror,
425 4043 641 4116 ‹Prr'vt’legr'a
654 4070 679 4116 »,
699 4050 767 4149 torn
786 4043 916 4119 Lpart.
936 4043 963 4118 I,
981 4062 1015 4103 n.
1037 4043 1159 4118 XLII).

1108 4224 1187 4296 1671,
1205 4222 1387 4284 decembris
1407 4223 1449 4294 19,
1467 4222 1601 4282 Romae.

180 4369 359 4446 Clemens
393 4370 616 4469 Episcopus,
648 4371 789 4446 Servus
824 4371 1027 4446 Servorum
1064 4371 1148 4446 Dei.
1188 4372 1251 4447 Ad
1287 4387 1509 4468 perpetuam
1547 4370 1601 4446 rei

93 4495 330 4572 memoriam.
361 4495 527 4570 Romani
551 4495 742 4590 Ponnficti
769 4505 936 4570 consueta
963 4495 1168 4594 benegnitas
1194 4521 1240 4570 ea
1271 4519 1371 4592 quae
1407 4520 1476 4591 per
1513 4497 1599 4570 Pre-

93 4622 323 4696 decessores
351 4644 441 4694 suos
470 4620 691 4717 praesertim
720 4643 967 4716 personarum
996 4646 1069 4695 non
1090 4620 1209 4696 solum
1234 4644 1304 4718 pro
1323 4621 1407 4716 ipso
1428 4621 1601 4695 Romano

94 4745 277 4820 Pontifice
314 4744 384 4818 sed
415 4745 530 4819 etiam
563 4769 632 4842 pro
670 4745 881 4821 Universali
924 4745 1092 4818 Ecclesia
1126 4771 1170 4820 ac
1205 4745 1315 4818 Sedis
1356 4744 1601 4841 Apostolicae

93 4871 241 4946 honore
268 4887 309 4944 et
336 4870 509 4967 personis
543 4870 594 4946 ad
631 4869 729 4946 illam
767 4873 802 4944 in
841 4872 923 4945 dies
959 4869 1232 4946 confluentibus
1269 4871 1410 4944 iustitia
1445 4870 1602 4944 admini-

94 4995 255 5071 stranda
282 4996 479 5071 continuos
505 5012 545 5069 et
572 4994 784 5070 indefessos
812 4994 962 5071 labores
991 4995 1285 5092 impendentium
1307 4996 1600 5070 commodumst

94 5120 297 5197 utilitatem
325 5121 601 5206 concernentia,
631 5145 811 5196 concessa
840 5137 938 5208 sunt,
968 5136 1011 5194 ut
1037 5121 1142 5196 firma
1170 5137 1357 5218 perpetuo
1393 5137 1433 5194 et
1462 5119 1602 5194 illibata

96 5246 316 5342 persistant,
346 5243 505 5320 libenter
532 5248 720 5344 approbat
747 5247 896 5342 aliaque
933 5247 1046 5320 etiam
1080 5247 1171 5344 ipsis
1208 5244 1388 5333 concedit,
1419 5264 1532 5342 prout
1565 5247 1602 5320 in

98 5371 266 5446 Domino
294 5370 495 5446 salubriter
522 5373 702 5468 prospicit
729 5371 918 5470 expedire.

675 5559 687 5597 Ι
