3720 5914
794 342 887 401 Sixto
904 342 927 401 I
931 341 960 402 V
1569 337 1622 398 195

119 531 277 627 quilibet
305 530 576 605 contrafaciens
609 532 693 627 ipso
728 532 829 606 lacto
864 529 1029 607 incurrat
1060 550 1099 607 et
1134 560 1157 608 a
1185 559 1260 630 qua
1289 533 1356 607 nisi
1390 533 1622 608 aRomano

119 654 307 752 pontifice,
328 671 569 752 preterquam
589 657 625 729 in
648 658 781 732 mortis
799 657 958 732 articulo
976 659 1214 746 constitutus,
1231 658 1375 734 absolvi
1395 682 1469 732 non
1488 657 1620 754 possit,

120 797 161 855 ut
187 781 374 876 premissa
399 781 526 854 omnia
544 796 584 857 et
611 771 759 880 singula
773 782 1034 858 inviolabiliter
1051 785 1267 870 observent,
1288 783 1379 881 ipsis
1400 784 1470 857 sub
1488 783 1620 856 eadem

120 931 220 1003 pena
238 905 449 980 inhibentes
468 905 671 980 districtius
692 931 738 981 ne
757 924 890 981 contra
908 909 1041 982 eadem
1061 910 1245 1004 premissa
1264 931 1308 982 ac
1327 907 1362 980 in
1383 908 1622 1003 presentibus

118 1032 254 1107 litteris
282 1047 460 1106 contenta
487 1034 547 1107 vel
565 1056 698 1107 eorum
725 1031 861 1129 aliqua,
892 1033 1026 1130 quavis
1045 1049 1165 1130 parte,
1187 1059 1257 1131 per
1275 1011 1317 1108 se
1334 1032 1395 1107 vel
1413 1031 1526 1109 alium
1554 1057 1621 1106 sen

118 1155 224 1243 alios,
257 1157 399 1232 directe
426 1155 485 1231 vel
514 1155 706 1243 indirecte,
735 1158 870 1254 quovis
898 1158 1048 1253 quesito
1076 1157 1212 1246 colore,
1233 1183 1472 1255 quecumque
1499 1157 1622 1232 lacere

117 1282 176 1355 vel
205 1295 435 1378 attemptare
463 1283 736 1378 quoquomodo
767 1297 998 1379 presumant.
1038 1283 1095 1357 Ac
1123 1286 1372 1357 decernentes
1402 1283 1546 1358 irritum
1581 1298 1621 1356 et

119 1409 230 1480 inane
259 1421 379 1480 totum
408 1421 448 1480 et
475 1405 659 1502 quidquid
685 1431 795 1480 secus
825 1432 940 1503 super
967 1406 1036 1481 hiis
1065 1433 1134 1504 per
1159 1408 1315 1483 eosdem
1335 1407 1542 1482 Auditores
1561 1405 1620 1480 vel

119 1533 398 1607 Locatenentes
426 1546 493 1606 aut
520 1533 677 1628 quosvis
705 1531 811 1618 alios,
832 1534 966 1628 quavis
994 1535 1227 1620 auctoritate,
1245 1533 1407 1607 scienter
1432 1532 1491 1606 vel
1515 1533 1621 1630 igno-

116 1673 255 1743 ranter,
283 1656 485 1755 contigerit
513 1659 742 1754 attemptari.

198 1781 249 1854 Et
278 1781 310 1852 si
337 1780 463 1855 forsan
491 1781 590 1854 inter
621 1781 725 1879 ipsos
761 1777 940 1855 Notarios
977 1777 1102 1878 alique
1138 1781 1375 1856 difficultates
1415 1795 1483 1854 aut
1516 1779 1621 1854 difle-

117 1907 242 1980 rencie
270 1921 509 2003 emergerent
536 1929 611 2002 que
638 1930 707 2002 per
741 1905 954 2004 Collegium
983 1907 1151 2003 ipsorum
1183 1905 1373 1980 terminari
1408 1921 1448 1980 et
1474 1903 1622 1979 diffiniri

117 2055 192 2105 non
220 2045 391 2126 possent,
421 2027 595 2104 volumus
623 2047 663 2104 et
690 2031 926 2105 decernimus
960 2031 1065 2126 quod
1100 2056 1215 2127 super
1250 2031 1389 2106 talibus
1424 2027 1620 2104 difficulta-

117 2156 218 2230 tibus
246 2171 286 2228 et
314 2153 534 2230 diflerenciis
555 2154 699 2229 Notarii
718 2155 791 2251 ipsi
810 2169 912 2228 stent
934 2153 1141 2229 diffinitioni
1169 2171 1207 2230 et
1236 2154 1421 2230 sententie
1449 2154 1620 2228 moderni

116 2293 157 2354 et
183 2305 255 2377 pro
284 2296 455 2376 tempore
481 2279 677 2355 existentis
707 2281 744 2355 S.
770 2280 815 2355 R.
838 2279 881 2355 E.
909 2277 1207 2354 Vicecancellarii
1234 2280 1298 2376 qui
1326 2279 1553 2354 condicionis
1580 2294 1620 2352 ct

117 2418 252 2478 nature
279 2403 449 2478 eiusdem
477 2402 587 2477 olfrcii
615 2404 765 2501 plenam
784 2403 900 2478 habet
918 2404 1100 2491 notitiam,
1121 2403 1179 2477 cui
1198 2406 1351 2501 quidem
1376 2404 1561 2478 sententie
1579 2416 1619 2476 et

117 2527 324 2604 diffinitioni
346 2527 510 2603 debeant
528 2529 679 2602 omnino
699 2527 893 2603 intendere
910 2543 951 2602 et
967 2552 1116 2624 parere:
1139 2553 1213 2604 non
1228 2528 1466 2604 obstantibus
1481 2527 1620 2602 consti-

117 2653 325 2728 tutionibus
351 2669 392 2726 et
418 2651 719 2728 ordinacionibus
746 2652 965 2750 apostolicis
992 2653 1206 2750 ceterisque
1243 2653 1437 2728 contrariis
1466 2653 1621 2749 quibus-

117 2803 292 2875 cumque.
324 2777 424 2852 Nulli
451 2803 546 2876 ergo
574 2778 725 2852 omnino
753 2778 945 2852 hominum
973 2792 1045 2855 etc.

199 2901 349 2977 Datum
373 2903 506 2991 Rome,
534 2903 638 2998 apud
672 2901 710 2978 S.
742 2903 903 2988 Petrum,
932 2926 1032 2976 anno
1059 2903 1242 2980 incarnat.
1274 2903 1470 2977 Dominice
1506 2902 1618 2978 mille-

118 3027 1053 3128 simoquadringentesimoseptuagesimoseptimo,
1069 3027 1180 3102 tertio
1200 3027 1272 3103 kal.
1289 3028 1510 3115 decembris,
1526 3051 1621 3126 pon-

118 3151 280 3227 tificatus
309 3153 429 3227 nostri
455 3177 554 3227 anno
573 3151 747 3249 septimo.

833 3488 918 3568 117.

118 3650 180 3722 De
206 3648 397 3722 mandato'
410 3647 514 3722 Sixtr'
539 3649 569 3722 I
570 3649 606 3724 V
627 3649 817 3722 audt'entio
843 3675 1043 3723 causarum
1071 3649 1304 3746 transfertur
1325 3651 1451 3748 prziuo
1477 3652 1522 3724 de
1540 3651 1618 3724 Pu·

199 3774 293 3848 latio
318 3774 510 3874 apostolico
536 3773 592 3846 ad
616 3772 655 3849 S.
676 3774 733 3850 M.
754 3775 946 3860 rotundae,
966 3782 1002 3847 et
1026 3775 1111 3848 dein
1139 3774 1194 3848 ad
1217 3773 1256 3850 S.
1278 3774 1482 3848 Eustachii.

189 3931 307 4000 (Aaou.
326 3929 414 4000 Rom,
437 3927 641 3988 ‹Manuatia
655 3954 683 4002 ›,
702 3929 867 4002 manual„
886 3945 943 3988 nn.
962 3930 998 3987 II
1016 3934 1048 3988 et
1064 3929 1120 4000 12,
1144 3927 1260 3989 «Lrbr.
1278 3935 1341 3989 rat.
1363 3928 1438 4005 Cap.
1451 3947 1484 3990 n.
1504 3929 1570 3991 VII
1583 3933 1618 4005 »).

1243 4104 1322 4177 1478,
1341 4103 1422 4164 iunii
1440 4105 1467 4176 a
1486 4104 1618 4165 Romae.

738 4197 779 4269 In
807 4185 991 4272 omnibus.

200 4339 273 4414 Die
300 4339 484 4428 mercurii,
513 4339 626 4415 tertia
652 4341 794 4415 mensis
821 4339 919 4425 iunii,
950 4338 1019 4414 suit
1045 4339 1228 4416 translata
1254 4341 1444 4416 audientia
1464 4343 1511 4417 de
1529 4367 1617 4440 spe·

114 4465 199 4540 ciali
227 4463 406 4540 mandato
434 4490 534 4562 pape
561 4464 609 4539 de
646 4464 787 4563 palatio
821 4464 1032 4562 apostolico
1067 4466 1116 4539 ad
1153 4483 1320 4542 sanctam
1359 4467 1518 4542 Mariam
1556 4493 1617 4542 ro-

115 4590 288 4665 tundam.

1182 4762 1261 4836 1478,
1279 4763 1418 4824 octobris
1435 4765 1462 4837 2,
1481 4765 1615 4826 Romae.

741 4854 782 4928 In
810 4856 996 4932 omnibus.

198 4999 272 5074 Die
299 4999 457 5084 veneris,
490 5023 509 5072 2
542 4999 682 5073 mensis
709 5000 874 5074 octobris
902 4999 1116 5096 supradicti,
1138 4999 1207 5073 suit
1224 5000 1407 5074 translata
1425 5001 1614 5076 audientia

113 5127 164 5200 de
192 5123 374 5200 mandato
402 5124 626 5198 sanctissimi
658 5115 801 5200 'domini
838 5126 957 5199 nostri
989 5150 1088 5224 pape
1130 5125 1177 5200 de
1214 5123 1374 5199 ecclesia
1413 5125 1456 5200 B.
1495 5126 1614 5200 Marie

112 5251 278 5325 rotunde
305 5251 356 5324 ad
382 5249 579 5323 ecclesiam
608 5251 726 5324 sancti
754 5248 955 5339 Eustachii,
977 5265 1017 5324 et
1043 5249 1180 5325 ibidem
1200 5249 1349 5322 suerunt
1366 5249 1462 5324 lecte
1480 5250 1614 5325 consti·

114 5377 283 5452 tutiones
325 5397 557 5448 summorum
598 5373 944 5470 pontificum
983 5374 1121 5471 quibus
1161 5372 1491 5449 constitutionibus
1531 5387 1614 5447 rote
