3708 5918
870 239 1006 300 Saeculo
1025 239 1057 298 X
1066 240 1093 299 V

921 645 1011 724 ‚61.

233 825 402 898 Martini
435 827 471 899 V
496 825 757 923 (1417-1431)
776 824 894 897 Bulla
921 849 994 922 qua
1022 823 1141 920 officia
1160 833 1195 897 et
1209 825 1404 922 qualitates
1421 826 1554 899 nedum
1573 825 1730 924 Scrr'pto

312 973 400 1022 rum
425 959 461 1023 ot
486 949 792 1024 Abbrouz'atornm
810 951 1030 1024 Litorarum
1047 951 1354 1049 Apostolicorum,
1379 950 1613 1048 custodisque
1633 951 1731 1026 Can-

312 1074 484 1148 callariae
510 1081 545 1147 et
561 1075 873 1171 Regutratorum,
894 1074 1144 1163 Bullatorum‚
1167 1083 1227 1149 otc.
1248 1075 1315 1148 sod
1329 1076 1566 1162 Auditorum,
1588 1077 1731 1150 Procu-

312 1207 483 1273 ratorum
518 1208 553 1274 at
586 1201 835 1274 Notariorum
869 1200 986 1274 Rotae
1022 1209 1057 1273 ot
1090 1191 1363 1274 Advocatoru'm
1403 1199 1729 1288 camaranum,

313 1325 555 1398 moderantur
571 1351 615 1398 ac
624 1325 945 1424 praescribuntur.
961 1367 978 1380 -
1001 1323 1214 1399 Cnutz'tutzo
1231 1325 1317 1399 haec
1333 1326 1521 1422 legabatur
1538 1328 1733 1424 quotannis

314 1449 353 1522 iu
380 1458 562 1548 apertura
590 1451 718 1534 Rotae,
748 1447 827 1524 una
850 1475 931 1523 cnm
958 1451 1095 1536 catoris,
1123 1451 1189 1524 sed
1212 1449 1318 1524 istius
1344 1451 1412 1524 illa
1439 1452 1628 1525 duntaxat
1641 1453 1733 1548 lega-

315 1576 451 1648 buntur
476 1599 570 1673 quae
598 1575 758 1669 rufertius
783 1576 955 1648 asterisco
981 1575 1210 1650 muniuntur.

314 1766 517 1839 (Butunnruu
536 1767 710 1841 Rounuuu,
729 1767 811 1830 edit„
828 1767 1057 1842 taurinensis,
1076 1767 1182 1837 1859,·
1201 1770 1305 1827 Anca.
1323 1768 1409 1842 Ror,
1428 1769 1558 1830 «const.
1570 1771 1643 1829 Rot.
1655 1770 1734 1830 Pal.

237 1855 344 1929 Apost.
356 1879 383 1928 »,
393 1855 458 1930 sot.
471 1855 537 1926 26,·
560 1856 686 1915 «Liber
703 1857 831 1915 Rotae»
856 1857 1000 1928 constit).

1206 1999 1284 2072 1418,
1302 2000 1495 2074 septembris
1515 2000 1734 2074 1,Gebennis.

318 2195 544 2272 *Martinus
581 2197 794 2295 episcopus,
826 2221 958 2271 servus
987 2221 1180 2272 servorum
1210 2197 1295 2273 Dei.
1325 2198 1388 2272 Ad
1421 2214 1645 2297 perpetuam
1680 2199 1734 2274 rei
1836 2196 1838 2205 '

235 2323 464 2398 memoriam.
480 2365 506 2376 -
521 2323 568 2396 In
585 2323 798 2422 apostolicae
815 2323 1009 2419 dagnitatis
1026 2323 1172 2422 specula
1185 2349 1300 2420 super
1318 2347 1476 2424 gregem
1495 2323 1732 2409 dominicum,

234 2449 321 2524 licet
339 2447 520 2533 immeriti,
543 2448 744 2531 constituti,
766 2447 968 2522 iniunctum
988 2448 1095 2521 nobis
1113 2448 1278 2545 desuper
1301 2449 1537 2546 apostolatus
1556 2448 1732 2536 officium,

235 2575 373 2660 debite,
404 2589 445 2646 ut
473 2587 655 2660 tenemur,
690 2573 836 2668 exequi,
876 2573 1122 2647 coadiuvante
1160 2572 1334 2660 Domino,
1373 2575 1576 2671 cupientes,
1606 2574 1655 2648 ad
1688 2601 1735 2649 ea

234 2697 392 2772 libenter
410 2713 561 2770 nostrae
580 2695 774 2794 dirigimus
792 2695 1100 2770 considerationis
1118 2695 1302 2783 intuitum,
1319 2713 1359 2770 et
1373 2696 1572 2795 diligenter
1585 2701 1735 2794 prospi-

236 2825 353 2900 cimus
380 2847 480 2919 quae
508 2819 733 2918 reipublicae
769 2819 967 2896 utilitatem
996 2820 1199 2916 respiciunt
1226 2835 1266 2895 et
1293 2821 1543 2912 commodum,
1582 2840 1634 2910 ut,
1664 2849 1736 2921 per

236 2964 388 3023 nostrae
414 2946 636 3043 provisionis
663 2945 850 3031 auxilium,
880 2943 1088 3020 evellantur
1115 2946 1213 3030 vitia,
1235 2946 1450 3043 plantentur
1476 2949 1645 3038 virtutes,
1667 2949 1735 3022 de·

236 3088 429 3147 struantur
465 3072 601 3166 iniqua,
631 3085 671 3144 et
711 3071 996 3145 reaedificentur
1028 3071 1198 3158 honesta,
1237 3097 1281 3145 ac
1317 3095 1434 3167 prava
1469 3086 1664 3147 transeant
1697 3075 1733 3146 in

236 3199 377 3273 directa
396 3213 445 3282 et,
470 3195 628 3270 sublatis
656 3195 894 3280 deformibus,
925 3195 1114 3268 reluceant
1141 3195 1291 3270 debitae
1318 3197 1592 3271 reformationis
1620 3198 1735 3272 decor

236 3338 276 3398 et
316 3320 565 3419 pulchritud0‚
603 3333 645 3393 ut
680 3321 797 3393 totius
832 3320 1033 3414 aequitatis
1068 3335 1107 3393 et
1143 3321 1306 3395 iustitiae
1342 3320 1477 3396 exinde
1513 3321 1735 3418 proveniant

236 3435 516 3521 incrementa*

316 3573 335 3668 ᾗ
360 3595 389 3645 1.
420 3570 530 3656 Sane,
551 3567 637 3643 licet
655 3566 769 3642 felicis
788 3569 1056 3643 recordationis
1075 3568 1258 3643 Iohannes
1273 3569 1396 3658 XXll,
1418 3571 1644 3645 Benedictus
1662 3572 1733 3644 Xll

237 3711 276 3770 et
304 3694 513 3794 Gregorius
543 3693 608 3781 XI,
639 3692 800 3766 Romani
829 3693 1024 3768 Pontifices
1051 3694 1368 3790 praedecessores
1405 3697 1532 3779 nostri,
1563 3721 1732 3771 necnon

236 3821 283 3895 de
311 3819 488 3895 mandato
515 3816 723 3913 apostolico
752 3818 916 3892 nonnulli
944 3817 1135 3893 auditores
1170 3821 1382 3895 audientiae
1420 3821 1732 3894 contradictarum

235 3947 425 4020 literarum
465 3941 766 4040 apostolicarum,
806 3943 996 4018 videlicet:
1034 3946 1156 4019 bonae
1193 3946 1395 4018 memoriae
1423 3944 1628 4019 Gausridus
1655 3947 1734 4042 epi-

235 4095 374 4167 scopus
394 4067 662 4150 Cabilonensis‚
692 4091 735 4140 ac
765 4067 897 4140 Petrus
916 4081 1004 4141 tunc
1022 4068 1164 4142 electus
1183 4069 1421 4154 Vivariensis,
1444 4070 1566 4142 dictae
1585 4069 1733 4143 audien·

236 4194 310 4267 tiae
347 4194 549 4278 auditores,
587 4190 783 4265 nonnullas
819 4192 1105 4267 constitutiones
1134 4211 1173 4266 et
1204 4193 1457 4268 ordinationes
1492 4193 1661 4291 regimen
1696 4210 1736 4267 et

236 4317 545 4417 gubernationem
565 4314 774 4391 officialium
801 4341 845 4390 ac
868 4316 1073 4390 officiorum
1094 4316 1348 4392 Cancellariae
1368 4333 1407 4392 et
1427 4319 1736 4394 poenitentiartae

169 4475 170 4480 ¹
235 4443 536 4540 apostolicarum,
560 4467 627 4515 nec
655 4467 729 4514 non
757 4442 971 4538 praedictae
990 4442 1303 4516 contradictarum
1322 4460 1362 4517 et
1388 4467 1585 4516 causarum
1606 4443 1734 4518 Palatii

235 4567 446 4663 Apostolici
483 4565 754 4640 audientiarurn
791 4583 832 4640 et
858 4565 1014 4639 aliorum
1051 4567 1088 4639 in
1117 4567 1288 4640 Romana
1313 4567 1425 4642 Curia
1462 4567 1634 4655 iudicum,
1666 4594 1733 4642 seu

235 4693 584 4775 commissariorum,
614 4715 821 4787 eorumque
850 4691 1093 4778 notariorum,
1133 4717 1275 4764 necnon
1312 4694 1581 4767 advocatorum
1618 4696 1733 4767 consi-

236 4817 441 4891 storialium
468 4833 508 4890 et
535 4832 819 4912 procuratorum
847 4816 883 4888 in
912 4816 1108 4891 audientiis
1137 4816 1337 4914 praedictis
1365 4836 1632 4892 concernentes
1659 4819 1734 4891 lau·

235 4940 406 5016 dabiliter
440 4941 640 5026 ediderint;
684 4939 771 5034 quia
808 4955 945 5026 tamen,
980 4940 1107 5014 mundi
1145 4958 1337 5015 crescente
1373 4941 1523 5028 malitia,
1562 4959 1734 5039 postmo-

237 5067 326 5141 dum
367 5082 433 5139 aut
468 5065 593 5139 debite
623 5089 695 5137 non
733 5067 959 5138 observatae
993 5081 1059 5139 aut
1094 5066 1346 5141 additionibus
1385 5066 1535 5142 utilibus
1566 5068 1732 5166 indigere

237 5205 461 5277 noscuntur;
477 5186 497 5230 *
516 5215 585 5263 nos
614 5188 727 5286 igitur
755 5214 868 5285 super
887 5188 957 5263 hoc
976 5189 1225 5277 intendentes
1245 5205 1359 5286 prout
1385 5215 1432 5264 ex
1460 5191 1586 5266 debito
1610 5209 1733 5289 pasto·

237 5314 325 5388 ralis
360 5315 468 5390 officii
506 5313 611 5387 nobis
638 5313 809 5398 iniuncti,
848 5312 934 5389 licet
970 5315 1153 5404 immeriti,
1184 5313 1405 5413 obligamur,
1431 5316 1665 5392 laudabiliter
1695 5337 1735 5392 et
