3688 5924
758 337 924 398 Urbano!
929 337 956 396 V
1574 340 1611 398 45

102 527 312 612 lanensem,
337 555 453 626 super
479 531 642 626 quadam
670 528 864 626 prebenda
891 555 966 628 que
986 529 1022 603 in
1040 527 1200 603 ecclesia
1227 530 1345 603 sancti
1374 530 1555 625 Stephani
1574 531 1610 602 in

105 651 231 727 brolio
259 653 537 729 Mediolanensi
564 655 711 728 vacavit
738 679 806 752 per
833 669 993 728 mortem
1022 653 1166 728 Oldrici
1193 653 1404 750 presbyteri
1441 652 1610 727 eiusdem

103 777 261 853 ecclesie
282 777 474 862 Canonici,
503 779 607 854 etin
634 803 712 876 qua
738 794 899 875 uterque
927 794 1094 852 vestrum
1122 803 1165 852 se
1194 779 1342 852 dicebat
1370 778 1510 851 habere
1538 778 1606 862 ius,

105 904 336 988 vertebatur,
366 903 416 977 ad
444 905 573 979 sedem
600 904 846 1002 apostolicam
875 903 1040 1002 legitime
1069 903 1257 988 devoluta,
1288 903 1463 976 dilectum
1496 903 1610 976 filium

107 1029 333 1127 Magistrum
354 1028 580 1127 Gregorium
600 1029 649 1102 de
668 1027 840 1124 Neapoli,
863 1026 1109 1124 Capellanum
1134 1045 1314 1128 nostrum,¹
1337 1029 1509 1102 dedimus
1528 1052 1611 1123 par·

107 1153 207 1226 tibus
234 1153 465 1240 auditorem3
494 1168 534 1226 et
561 1154 726 1240 tandem,
746 1153 811 1227 lite
839 1178 966 1227 coram
993 1177 1042 1226 eo
1060 1152 1227 1250 legitime
1246 1167 1469 1237 contestata,
1491 1151 1610 1224 sactis·

105 1301 181 1374 que
217 1277 464 1374 positionibus
492 1293 532 1351 et
559 1278 866 1374 responsionibus
893 1277 942 1352 ad
974 1277 1140 1363 easdem,
1170 1301 1214 1352 ac
1241 1277 1410 1351 formatis
1447 1276 1610 1368 articulis

106 1419 146 1476 et
176 1401 370 1498 productis
404 1401 487 1476 hinc
523 1403 611 1478 inde
646 1402 816 1489 testibus,
848 1427 1000 1476 causam
1037 1401 1248 1476 huiusmodi
1275 1401 1411 1476 dilecto
1440 1400 1513 1476 lilio
1547 1425 1608 1473 no·

107 1543 188 1603 stro
218 1527 278 1615 U.,
309 1529 428 1602 sancti
456 1527 647 1603 Eustachii
683 1527 842 1602 diacono
870 1526 1070 1614 Cardinali,
1100 1527 1326 1602 audiendam
1355 1526 1610 1602 commisimus

108 1667 146 1726 et
173 1652 248 1726 fine
288 1652 416 1727 debito
452 1652 736 1727 terminandam.
775 1651 877 1726 Idem
922 1676 1015 1727 vero
1052 1651 1260 1738 cardinalis,
1295 1651 1457 1749 cognitis
1494 1651 1611 1746 ipsius

105 1799 220 1850 cause
247 1776 390 1850 meritis
415 1793 455 1852 et
482 1776 571 1850 iuris
598 1776 730 1850 ordine
757 1778 970 1862 observato,
1006 1775 1260 1872 pronuntiavit
1284 1775 1492 1872 predictam
1521 1799 1608 1871 pre·

104 1900 269 1976 bendam
310 1902 361 1976 ad
393 1918 432 1974 te
463 1902 651 1998 pertinere
685 1903 734 1976 de
780 1901 859 1976 iure
890 1917 929 1975 et
967 1901 1032 1976 tibi
1069 1900 1342 1975 sententialiter
1379 1899 1608 1974 adiudicavit

101 2027 275 2111 eandem,
297 2026 513 2122 dictumque
541 2027 741 2101 Albertum
769 2053 792 2100 a
819 2025 920 2100 dicta
947 2026 1142 2122 prebenda
1167 2050 1347 2100 amovens
1367 2051 1411 2099 ac
1439 2025 1508 2099 sibi
1527 2047 1609 2120 per·

102 2165 261 2246 petuum
289 2149 476 2226 silentium
500 2151 697 2248 imponens
717 2175 907 2248 superea,
928 2152 1051 2247 ipsum
1070 2151 1120 2225 ad
1139 2151 1411 2225 restituendum
1431 2167 1470 2222 et
1489 2147 1609 2222 dimit-

103 2274 262 2350 tendum
290 2276 355 2349 tibi
383 2277 589 2372 predictam
617 2276 860 2373 prebendam,
891 2301 976 2350 cum
1003 2274 1185 2350 fructibus
1213 2274 1298 2349 inde
1327 2274 1527 2371 perceptis,
1548 2273 1609 2347 vel

102 2423 238 2476 eorum
257 2400 539 2476 extimationem
566 2399 825 2475 nichilominus
843 2399 1145 2498 condempnavit,
1167 2416 1280 2497 prout
1303 2401 1339 2474 in
1359 2399 1609 2474 instrumento

101 2525 254 2620 publico
267 2524 355 2600 inde
365 2523 544 2611 coniecto,
557 2523 719 2624 sigillato
734 2523 857 2622 sigillo
872 2525 990 2621 ipsius
1005 2524 1212 2611 cardinalis,
1226 2522 1371 2620 plenius
1385 2523 1606 2598 continetur.

102 2648 217 2734 Sane,
235 2666 479 2745 procuratore
493 2649 581 2723 dicti
597 2647 741 2724 Alberti
761 2674 830 2746 pro
844 2674 891 2723 eo
905 2675 928 2723 a
943 2650 1129 2723 sententia
1144 2649 1356 2724 huiusmodi
1371 2649 1421 2722 ad
1439 2663 1607 2723 nostram

101 2775 334 2850 audientiam
361 2774 587 2872 appellante,
609 2799 678 2848 nos
700 2773 912 2884 huiusmodi
940 2773 1206 2870 appellationis
1234 2797 1386 2848 causam
1406 2772 1608 2847 venerabili

100 2899 205 2974 [ratri
225 2915 385 2975 nostro..
408 2899 599 2996 Episcopo
619 2899 816 2974 Sabinensi
835 2913 875 2974 et
893 2899 1015 2973 eidem
1034 2899 1212 2974 cardinali
1231 2899 1456 2973 audiendam
1476 2915 1514 2973 et
1532 2912 1608 2972 ter-

102 3024 318 3098 minandam
347 3023 420 3098 fine
446 3024 575 3101 debito
602 3025 775 3099 duximus
804 3025 1122 3100 committendam.
1149 3024 1466 3120 Comparentibus
1494 3023 1608 3121 igitur

101 3149 275 3247 partibus
303 3174 429 3224 coram
457 3150 591 3224 eodem
620 3149 800 3246 episcopo
828 3151 893 3246 qui
910 3150 990 3224 vice
1018 3175 1087 3224 sua
1115 3165 1155 3224 et
1181 3150 1299 3245 ipsius
1321 3146 1531 3224 Cardinalis
1559 3149 1607 3220 de

99 3273 367 3371 appellationis
384 3298 498 3350 causa
516 3275 772 3372 cognoscebat
790 3275 936 3363 eadem,
952 3291 991 3350 et
1009 3271 1075 3349 lite
1095 3297 1223 3348 coram
1237 3299 1285 3347 eo
1300 3273 1464 3372 legitime
1483 3289 1608 3347 conte-

99 3413 203 3474 stata
216 3399 320 3473 etde
335 3401 492 3473 veritate
506 3397 664 3472 dicenda
677 3399 839 3494 prestito
853 3425 875 3472 a
890 3400 1061 3495 partibus
1075 3399 1297 3484 iuramento,
1313 3397 1497 3494 lactisque
1511 3397 1607 3492 posi-

102 3523 270 3597 tionibus
284 3539 324 3596 et
338 3523 644 3618 responsionibus
657 3525 707 3597 ad
720 3523 874 3597 easdem
890 3540 930 3598 et
944 3524 1112 3598 formatis
1125 3521 1300 3610 articulis,
1313 3524 1464 3596 demum
1480 3535 1608 3618 partes

101 3647 197 3744 ipse,
216 3645 386 3721 volentes
401 3647 518 3722 vitare
537 3645 739 3744 litigiorum
759 3647 950 3722 anfractus
964 3673 1008 3722 ac
1024 3649 1121 3722 viam
1141 3647 1245 3744 pacis
1263 3664 1302 3721 et
1316 3646 1514 3720 concordie
1533 3671 1610 3719 am·

102 3773 325 3868 plectentes,
345 3771 382 3844 in
400 3772 563 3846 eundem
579 3772 827 3858 Cardinalem,
851 3788 1045 3868 tamquam
1065 3773 1100 3844 in
1119 3772 1309 3854 arbitrum,
1331 3771 1605 3851 arbitratorem,

100 3896 358 3971 ordinatorem
386 3893 624 3970 diffinitorem
652 3911 692 3970 et
718 3895 951 3970 amicabilem
979 3894 1282 3992 compositorem,
1312 3894 1387 3969 alte
1415 3909 1455 3968 et
1482 3896 1606 3977 basse,

102 4045 220 4118 super
247 4021 380 4095 eadem
407 4019 670 4117 appellationis
689 4044 802 4095 causa
820 4023 1127 4116 compromittere
1146 4035 1380 4103 curaverunt,
1402 4019 1451 4093 de
1470 4017 1608 4092 stando

102 4145 267 4231 arbitrio,
298 4145 504 4221 diffinitioni
533 4161 573 4220 et
600 4144 824 4221 ordinationi
853 4147 1010 4242 predicti
1039 4144 1249 4220 Cardinalis
1276 4161 1315 4220 et
1342 4146 1390 4219 de
1418 4169 1491 4220 non
1520 4169 1608 4240 pro-

104 4269 302 4367 sequendo
329 4268 485 4344 ulterius
504 4293 655 4345 causam
674 4271 937 4366 appellationis
956 4271 1134 4367 predicte,
1157 4270 1215 4344 cui
1234 4285 1363 4367 partes
1381 4271 1462 4367 ipse
1482 4293 1606 4344 coram

103 4395 241 4470 eodem
262 4393 448 4469 Cardinali
468 4395 541 4468 iam
562 4395 874 4482 renuntiaverant,
896 4394 1082 4493 corporali
1101 4395 1259 4492 prestito
1277 4396 1498 4468 iuramento.
1521 4392 1608 4466 Pre-

104 4519 228 4591 dictus
254 4535 380 4592 autem
409 4517 629 4606 Cardinalis,
660 4535 814 4615 recepto
842 4519 1054 4594 huiusmodi
1081 4518 1353 4616 compromisso
1381 4533 1421 4590 et
1449 4541 1471 4590 a
1499 4517 1607 4592 nobis

103 4643 151 4718 de
180 4643 335 4719 arbitrio
354 4669 421 4718 seu
440 4644 489 4718 de
507 4643 743 4718 ordinatione
763 4644 996 4740 proferendis
1015 4643 1162 4718 licentia
1181 4661 1221 4719 et
1237 4643 1461 4718 auctoritate
1479 4643 1606 4718 obten-

105 4768 162 4854 tis,
194 4765 244 4842 de
270 4767 495 4842 auctoritate
523 4784 563 4842 et
593 4767 740 4842 licentia
768 4767 991 4852 huiusmodi,
1021 4769 1242 4854 ordinand0,
1271 4739 1500 4854 arbitrando,
1530 4783 1607 4841 sta-

105 4893 248 4968 tuendo
276 4909 315 4966 et
342 4891 556 4968 diffiniendo
584 4894 790 4990 predictam
819 4893 1049 4967 diffinitivam
1077 4893 1301 4968 sententiam
1329 4915 1442 4988 quam
1470 4917 1541 4988 pro
1570 4908 1607 4965 te

107 5018 255 5105 tulerat,
287 5016 529 5104 confirmavit,
549 5035 599 5104 et,
621 5041 695 5092 non
724 5019 900 5093 obstante
926 5017 1179 5116 appellatione
1207 5017 1386 5113 predicta,
1416 5018 1608 5090 mandavit

107 5167 190 5216 eam
219 5167 244 5217 a
272 5143 450 5240 predictis
477 5143 659 5239 partibus,
690 5145 761 5218 sub
788 5143 917 5218 debito
953 5143 1099 5241 prestiti
1137 5143 1343 5226 iuramenti,
1374 5143 1444 5216 nisi
1479 5142 1605 5237 quoad

104 5265 247 5343 fructus
286 5284 488 5364 perceptos
525 5295 573 5342 ex
610 5268 778 5364 predicta
815 5268 1019 5364 prebenda,
1049 5268 1099 5342 ad
1135 5291 1295 5363 quorum
1330 5267 1605 5340 restitutionem

104 5391 244 5468 dictum
273 5389 475 5467 Albertum
503 5393 569 5467 tibi
596 5395 949 5490 condempnaverat,
980 5389 1237 5467 inviolabiliter
1264 5388 1466 5475 observari,
1495 5404 1607 5484 prout
