3686 5916
889 323 1027 382 soeculo
1044 319 1168 381 XVIII

976 650 1066 729 432.

609 797 851 896 Congregab'o
879 795 1025 870 [rotulo
1052 794 1185 868 mensis
1210 790 1432 890 septembris.

351 957 468 1034 (Aaou.
486 955 573 1029 Ror.
597 953 786 1013 ‹Diart'um
807 950 982 1010 Camerata
997 951 1031 1022 ι).

676 1137 805 1211 Lunae
834 1135 894 1209 die
924 1159 946 1227 9
977 1133 1211 1231 Septembris
1246 1152 1357 1225 1754.

356 1301 497 1376 Habita
525 1299 592 1374 suit
612 1298 872 1396 Congregatio
891 1294 1173 1393 praeparatoria
1192 1315 1262 1390 pro
1289 1291 1495 1390 aperitione
1528 1291 1657 1364 Rotae
1686 1349 1694 1362 .
1724 1349 1730 1362 .
1759 1347 1766 1362 .

355 1427 580 1524 Approbata
621 1425 748 1499 itidem
775 1422 845 1496 suit
873 1419 1027 1496 TabeIla
1055 1419 1201 1496 Rotalis
1239 1442 1309 1514 pro
1344 1418 1470 1491 futuro
1506 1441 1607 1489 anno
1648 1414 1766 1510 impri-

276 1554 424 1628 menda.

982 1773 1073 1852 433.

643 1922 743 1995 Rota
769 1919 1062 1993 2’uranuntorum
1088 1942 1154 1991 seu
1180 1909 1392 1991 iuramenti.

356 2080 470 2149 (Arca.
489 2077 577 2150 Ror.,
597 2075 787 2135 ‹Diart'um
807 2072 983 2132 Camerale
995 2086 1030 2146 »p

706 2251 779 2325 Die
806 2251 901 2326 Ven.
933 2275 958 2343 4
987 2249 1167 2324 Octobris
1194 2249 1340 2349 (1754).

356 2414 611 2487 Accesserunt
637 2413 673 2486 in
701 2412 771 2486 hac
800 2412 899 2486 Rota
926 2410 1134 2484 Adiutores
1162 2407 1370 2484 studiorum
1391 2425 1431 2482 et
1458 2409 1595 2482 secreti
1622 2424 1667 2482 et
1692 2429 1766 2503 per-

276 2537 374 2612 lecta
401 2538 449 2611 ab
476 2561 553 2612 uno
580 2535 699 2611 exiis
728 2535 1008 2610 Constitutione
1038 2560 1067 2609 s.
1098 2560 1146 2610 m.
1178 2533 1321 2608 Urbani
1350 2531 1434 2606 VIII
1461 2555 1595 2607 omnes
1614 2531 1764 2629 praesti-

277 2678 402 2738 terunt
429 2663 580 2737 solitum
608 2663 855 2736 iuramentum
884 2685 998 2757 super
1025 2658 1120 2733 illius
1148 2659 1422 2733 observatione.

981 2973 1073 3052 434.

277 3123 394 3198 Rotae
421 3119 624 3196 Auditorcs
649 3119 686 3192 si
708 3118 763 3192 ud
777 3119 1038 3217 Episcopatum
1049 3119 1267 3218 promoveri
1279 3120 1510 3214 contz‘ngmt,
1531 3117 1577 3191 ab
1604 3117 1761 3192 exaurire

356 3244 538 3322 ncbcundo
564 3243 818 3318 minabantur
838 3243 1048 3342 prim'legio.

354 3401 472 3473 (Anca.
490 3399 578 3473 Ros,
601 3397 790 3458 «Dtirre'um
811 3397 1036 3468 Camerale»).

733 3581 867 3654 Martis
901 3605 941 3652 11
976 3579 1169 3655 Februarii
1204 3599 1315 3674 1755.

359 3727 542 3802 Habitum
569 3725 637 3800 suit
664 3723 777 3800 hodie
794 3747 963 3798 examen
991 3723 1266 3822 Episcoporum
1299 3723 1336 3798 In
1373 3721 1516 3798 Palatio
1549 3723 1765 3820 Apostolico

278 3849 470 3946 QuirInaIi.
501 3849 669 3924 Interfuit
697 3873 850 3946 quoque
878 3849 924 3922 R.
954 3848 992 3923 P.
1026 3847 1074 3922 D.
1104 3873 1212 3922 meus
1241 3847 1394 3934 Melino,
1416 3849 1488 3922 iarn
1516 3848 1662 3925 electus
1690 3847 1764 3944 Epi·

278 4001 416 4072 scopus
446 3973 605 4050 Brixien.
637 3989 678 4048 ut
704 3975 763 4048 sui
790 3971 994 4070 periculum
1023 3972 1162 4046 Iaceret
1182 3997 1357 4047 unacum
1385 3971 1466 4046 aliis
1484 3973 1534 4048 de
1561 3999 1667 4049 more
1690 3999 1764 4047 exa·

279 4097 472 4175 minandis.
495 4097 637 4174 Verum
664 4099 841 4173 dimissus
868 4097 937 4172 fuit
955 4097 1010 4172 uti
1026 4097 1136 4196 plene
1154 4099 1400 4195 approbatus,
1422 4099 1523 4172 iuxta
1538 4100 1763 4199 privilegium

279 4250 355 4323 quo
383 4223 556 4299 fruuntur
584 4225 621 4302 S.
653 4224 697 4300 R.
728 4223 947 4299 Auditores.

974 4504 1064 4584 435.

280 4652 390 4749 Papa
417 4651 456 4724 in
486 4649 704 4724 Cerasittorzo
733 4657 864 4722 secreto
890 4649 1011 4742 refert
1043 4673 1088 4720 ac
1106 4647 1276 4747 providit
1300 4645 1482 4722 Ecclesiae
1516 4647 1693 4723 Bn’xien.
1727 4647 1761 4721 de

352 4785 514 4872 persona
542 4775 632 4848 Rev.
663 4773 812 4848 Melini.

358 4929 474 5002 (Aren.
492 4929 579 5003 Ron,
602 4953 615 4980 ι
626 4927 792 4988 Dr'arr’um
812 4926 988 4988 Camerase
1003 4931 1035 5001 »I

779 5092 909 5167 Lunae
938 5092 1131 5168 Februarii
1165 5114 1276 5189 1755.

364 5235 488 5310 Hodie
516 5237 552 5311 in
581 5204 817 5312 Consistorio
845 5234 1013 5322 Secreto,
1042 5234 1249 5312 Sanctitate
1278 5236 1356 5312 Sua
1387 5237 1583 5325 referente,
1613 5237 1762 5336 providit

282 5360 471 5438 Ecclesiae
500 5361 691 5437 Brixien..
722 5420 730 5438 .
762 5421 771 5440 .
800 5361 848 5436 de
875 5384 1039 5457 persona
1068 5361 1113 5438 R.
1144 5362 1182 5438 P.
1206 5361 1254 5438 D.
1284 5364 1431 5440 Ioannis
1459 5363 1614 5453 Molino,
1635 5365 1762 5462 ipsurn·
