3684 5920
236 303 291 363 618
852 301 990 362 Saeculo
1008 301 1041 361 X
1049 301 1128 362 VIII

234 497 381 572 duobus
410 497 662 592 equitantibus
691 495 797 582 alter,
827 495 897 570 levi
926 497 1059 570 morbo
1087 497 1292 571 laborabat.
1325 493 1409 592 lpse
1432 511 1558 570 tamen
1586 497 1725 570 doctam

233 637 273 694 et
299 617 477 695 afiabrem
506 622 764 696 concinnatam
791 621 1001 696 orationem
1030 621 1179 694 nomine
1207 621 1278 693 mei
1306 620 1474 695 absentis
1502 621 1675 697 recitavit.

948 879 1038 958 488.

235 1021 879 1120 Auditoresprivilegzbfiuebantur
888 1022 1146 1118 reconfercndi
1155 1023 1210 1098 ad
1217 1023 1324 1098 aedes
1333 1023 1486 1098 Rotales
1498 1023 1628 1098 uectt'ca
1637 1024 1727 1097 vecti.

313 1170 429 1242 (Arcu.
447 1169 537 1242 Ror..
560 1169 750 1232 «Diarr'um
771 1169 946 1232 &morale
958 1175 995 1242 ι).

737 1335 896 1410 Veneris
926 1361 975 1411 20
1002 1335 1090 1410 iunii
1125 1339 1235 1432 1788.

317 1587 415 1684 Cum
443 1587 528 1684 Ego
558 1586 731 1684 Podagra
759 1586 979 1671 laborarem,
1012 1609 1080 1661 nec
1108 1585 1267 1683 pedibus
1296 1612 1355 1660 me
1390 1585 1560 1661 conferre
1597 1586 1734 1683 potuis-

236 1737 316 1786 sem
344 1713 394 1786 ad
422 1712 551 1786 Aedes
584 1712 797 1798 vaticanae,
827 1737 919 1786 usus
947 1737 1031 1786 sum
1059 1711 1266 1810 Privilegio,
1302 1712 1405 1807 quod
1437 1737 1485 1785 ex
1522 1711 1733 1785 Pontificum

236 1837 500 1912 constitutione
534 1835 689 1935 singulis
726 1838 951 1932 competitur
989 1836 1026 1911 S.
1058 1837 1181 1911 Rotae
1220 1837 1476 1923 AuditoribuS,
1516 1853 1555 1909 et
1592 1836 1736 1910 Lectica

235 1977 366 2037 vectus
396 1961 433 2038 S.
463 1959 641 2038 Tribunal
669 1960 786 2050 adivi;
818 1961 871 2036 Ut
899 1960 947 2038 de
975 1961 1045 2036 hac
1074 1985 1113 2036 re
1152 1961 1438 2036 Monumentum
1475 1963 1511 2036 in
1545 1976 1735 2057 posterum

236 2087 425 2171 existeret,
456 2111 541 2162 cum
567 2086 737 2160 eiusdem
772 2085 830 2160 ius
867 2085 1019 2184 triginta
1055 2084 1188 2164 abhinc
1227 2086 1336 2160 annis
1376 2085 1412 2158 iu
1453 2085 1735 2160 desuetudinem
1825 2073 1826 2142 l

236 2212 400 2300 abiisset,
431 2235 479 2284 ex
512 2210 689 2288 Omnium
719 2210 869 2284 Patrurn
910 2210 1066 2306 imperio
1103 2225 1286 2286 statutum
1327 2225 1398 2298 est,
1434 2227 1476 2284 ut
1511 2210 1550 2284 in
1584 2210 1737 2308 singulis

240 2335 376 2411 Diariis
404 2336 558 2412 huiusce
586 2335 746 2432 exempli
773 2336 968 2410 adnotatio
995 2335 1228 2410 adiiceretur.
1442 2327 1445 2336 ’

942 2603 1033 2684 489.

217 2847 222 2864 Ι
293 2749 480 2824 Promotio
508 2748 608 2846 de.
637 2746 822 2845 Flangz'ni
844 2748 899 2822 ad
925 2747 1219 2822 Cordinalatum.
1251 2791 1277 2802 -
1304 2746 1468 2821 Mutatio
1493 2746 1682 2821 sellarum.

317 2897 433 2969 (Anca.
450 2894 538 2970 Rue,
562 2893 755 2956 «Drinium.
771 2891 945 2954 Camerale
958 2897 994 2965 »).

729 3060 858 3134 Lunae
889 3081 908 3153 3
940 3058 1106 3156 Augusti
1141 3063 1251 3152 1789.

316 3203 356 3276 ln
387 3201 546 3300 Congfie
577 3201 700 3276 Rotali
731 3203 925 3298 proposita
951 3201 1102 3308 luerunt
1130 3195 1237 3298 neqtia
1266 3200 1508 3276 Memorialia.

318 3452 460 3528 Eadem
488 3451 548 3526 die
576 3451 743 3527 habitum
770 3469 831 3530 est
859 3455 893 3528 in
924 3451 1094 3530 Aedibus
1121 3450 1375 3548 Quirinalibus
1396 3449 1685 3538 Consistorium,
1708 3451 1741 3524 in
1825 3531 1826 3554 χ

237 3602 315 3674 quo
341 3577 438 3650 inter
465 3575 695 3673 Purpuratos
725 3578 854 3654 Patres
882 3603 906 3652 a
935 3577 1111 3652 Pontifice
1144 3577 1237 3674 Opt.
1268 3576 1367 3651 Max.
1400 3577 1464 3651 Pio
1491 3575 1542 3648 Vl
1570 3576 1742 3650 adlectus
1825 3615 1826 3676 r

236 3718 296 3780 est
325 3705 369 3779 R.
402 3703 439 3778 P.
462 3702 510 3778 D.
533 3702 703 3801 Flangini
730 3703 826 3776 alter
853 3729 901 3778 ex
930 3703 1140 3776 Duodecim
1161 3701 1260 3774 Viris
1288 3700 1326 3776 S.
1358 3701 1490 3776 Rotae.
1514 3701 1743 3774 Huiusmodi
1801 3765 1804 3776 .

235 3828 368 3904 electio
397 3851 544 3902 summo
572 3853 657 3902 cum
684 3827 819 3923 plausu
847 3830 896 3903 ab
924 3827 1097 3902 omnibus
1116 3842 1276 3922 excepta
1293 3841 1364 3912 est,
1386 3849 1574 3922 nemoque
1591 3825 1744 3924 ignorat

237 3968 378 4051 quanta
418 3950 733 4024 eminentissimus
776 3951 944 4049 Collega,
984 3967 1063 4025 tum
1099 3950 1277 4038 doctrina,
1323 3966 1402 4024 tum
1429 3949 1623 4046 sapientia,
1663 3967 1743 4024 tum

237 4077 338 4152 omni
365 4076 544 4148 virtutum
572 4099 712 4173 genere
732 4075 882 4173 polleat.
905 4077 969 4151 Ob
988 4077 1083 4149 hanc
1103 4075 1289 4149 Pontificis
1308 4075 1591 4150 beneficentiam
1611 4091 1742 4174 grates

237 4225 351 4298 quam
378 4197 561 4272 maximae
588 4200 714 4274 eidem
743 4199 909 4274 Pontifici
936 4199 1107 4274 redditae
1135 4199 1285 4273 suerunt
1289 4256 1536 4276 .......

317 4323 381 4398 Ob
408 4326 685 4420 promotionem
725 4326 771 4400 R.
802 4324 841 4399 P.
874 4325 920 4399 D.
957 4324 1127 4423 Flangini
1162 4323 1312 4397 stallum
1349 4323 1572 4424 OO[mnes]
1612 4324 1742 4398 Patres

235 4466 493 4525 mutaverunt:
523 4449 657 4524 sedent
684 4467 811 4523 autern
840 4449 911 4524 hoc
939 4449 1069 4523 ordine

690 4609 783 4682 Rrirs
813 4609 851 4684 P.
884 4611 931 4684 D.
964 4609 1085 4709 Origo
1115 4609 1292 4684 Decanus

318 4736 363 4811 R.
396 4735 433 4810 P.
465 4733 512 4810 D.
545 4733 697 4831 Bayane
1069 4735 1115 4809 R.
1147 4735 1186 4809 P.
1219 4734 1266 4807 D.
1299 4734 1474 4807 Soderini

318 4859 364 4934 R.
395 4858 434 4934 P.
467 4859 514 4933 D.
547 4859 667 4933 Resta
1070 4860 1115 4934 R.
1148 4858 1185 4934 P.
1217 4860 1266 4932 D.
1298 4859 1484 4933 Malvesia

317 4983 362 5058 R.
393 4984 432 5058 P.
465 4983 514 5056 D.
542 4983 591 5058 de
619 4982 815 5059 Strasoldo
1072 4985 1116 5060 R.
1149 4983 1185 5060 P.
1217 4983 1266 5056 D.
1298 4982 1451 5058 Cesarei

317 5108 363 5184 R.
394 5109 432 5183 P.
464 5107 512 5184 D.
545 5107 719 5206 Despuig
874 5191 875 5194 Ἴ
1068 5109 1113 5184 R.
1146 5108 1183 5184 P.
1215 5109 1264 5182 D.
1296 5109 1536 5186 Paracciani¹

325 5301 335 5336 ¹
352 5299 470 5362 Cetera
487 5301 582 5362 stalla
600 5301 773 5362 vacabant:
792 5301 984 5360 novitiatum
1002 5302 1179 5376 peragebat
1197 5301 1235 5362 R.
1254 5301 1288 5362 P.
1301 5303 1340 5360 D.
1359 5301 1556 5377 Guardoqui,
1568 5303 1626 5378 qui
1638 5305 1741 5366 locum

236 5389 348 5450 habuit
365 5389 403 5450 R.
423 5388 457 5448 P.
477 5389 516 5450 D.
535 5388 575 5448 de
594 5389 714 5463 Azedo,
733 5399 764 5449 et
782 5389 822 5449 R.
839 5387 873 5448 P.
892 5389 931 5449 D.
951 5390 1130 5450 Acciniuoli
1150 5391 1208 5460 (Ex
1226 5391 1296 5451 eod.
1315 5391 1445 5464 Diario).
