3718 5918
257 323 312 382 514
886 321 1023 382 Saeculo
1041 319 1071 380 Χ
1081 320 1161 382 VIII

257 513 427 590 cellariae
454 514 700 610 Apostolicae
728 531 881 590 nostrae
899 513 1049 614 regulis,
1071 539 1140 589 nec
1168 539 1242 590 non
1260 515 1509 592 erectionibus
1537 515 1755 591 Officiorum

257 637 551 736 praedictorum,
595 655 635 712 et
675 637 822 713 illorum
868 638 1189 726 concessionibus,
1228 639 1549 735 acquisitionibus,
1594 640 1753 726 Gratiis,

258 763 476 862 Privilegiis,
508 763 775 851 Facultatibus,
806 779 845 838 et
873 762 1029 837 indultis
1057 763 1366 860 quibuscumque,
1406 789 1450 838 ac
1477 763 1571 838 alias
1599 789 1758 862 quomo-

256 889 408 972 dolibet,
440 904 545 963 motu
587 888 755 976 scientia,
783 905 823 962 et
861 890 1063 986 potestatis
1104 887 1334 984 plenitudine
1368 891 1535 986 paribus,
1563 916 1606 964 ac
1643 891 1757 966 etiam

258 1013 573 1100 consistorialiter,
604 1029 644 1088 et
669 1013 761 1088 alias
790 1011 1073 1110 quomodolibet
1100 1037 1170 1109 per
1197 1013 1391 1088 Romanos
1420 1013 1627 1103 Pontifices,
1651 1016 1757 1090 Prae

258 1138 491 1222 decessores,
535 1153 575 1211 et
611 1137 862 1212 Successores
904 1137 1080 1242 Nostros,
1118 1163 1161 1212 ac
1194 1139 1308 1212 etiam
1345 1164 1415 1235 per
1456 1138 1538 1212 Nos
1574 1141 1758 1216 hactenus

257 1263 457 1350 concessis,
473 1263 587 1338 etiam
603 1264 674 1339 sub
688 1263 987 1360 quibuscumque
1002 1260 1191 1337 Clausulis
1209 1263 1322 1338 etiam
1341 1261 1510 1348 insolitis,
1531 1289 1576 1338 ac
1595 1265 1760 1364 deroga-

159 1405 161 1411 “
259 1390 437 1463 toriarum
466 1387 726 1486 derogatoriis,
755 1387 1071 1484 irritantibusque,
1102 1403 1142 1461 et
1169 1387 1251 1462 aliis
1271 1388 1457 1475 Decretis,
1477 1389 1616 1485 quibus
1644 1391 1758 1464 omni·

202 1545 206 1556 ·
259 1515 342 1599 bus,
372 1529 410 1586 et
436 1511 593 1610 singulis
622 1511 855 1609 caeterisque
873 1512 1068 1586 contrariis
1095 1512 1394 1610 quibuscumque
1412 1507 1636 1610 illorumque
1655 1530 1760 1589 teno

134 1627 138 1638 ’
260 1664 332 1727 res,
361 1663 405 1711 ac
434 1638 465 1711 si
492 1635 541 1710 de
567 1639 684 1712 verbo
712 1637 761 1710 ad
788 1638 943 1713 verbum
986 1635 1074 1712 nihil
1111 1638 1285 1735 poenitus
1312 1638 1465 1724 omisso,
1495 1654 1536 1712 et
1575 1639 1695 1713 forma
1724 1641 1759 1712 iu

257 1761 327 1836 illis
355 1759 493 1834 tradita
521 1761 735 1849 observata,
764 1776 804 1834 et
844 1761 974 1835 inserti
1014 1761 1137 1836 lorent
1171 1763 1437 1858 praesentibus
1463 1787 1533 1859 pro
1565 1765 1759 1860 expressis

257 1886 441 1961 babentes
457 1884 537 1961 illis
565 1884 658 1960 alias
685 1887 721 1960 in
750 1911 820 1962 suo
862 1887 999 1961 robore
1035 1887 1292 1984 permansuris
1334 1885 1404 1961 hac
1444 1889 1525 1962 vice
1561 1886 1760 1962 dumtaxat

258 2013 391 2085 barum
418 2011 515 2084 serie
543 2011 783 2110 derogamus,
814 2028 854 2086 et
881 2012 1109 2110 derogatum
1136 2035 1224 2086 esse
1252 2012 1437 2086 volumus.

338 2136 439 2210 Nulli
466 2161 561 2235 ergo
588 2136 739 2212 omnino
767 2137 958 2212 bominum
985 2137 1094 2212 liceat
1121 2136 1217 2212 hauc
1244 2136 1423 2236 paginam
1442 2153 1595 2212 nostrae
1621 2162 1759 2234 appro-

256 2261 429 2346 bationis,
460 2261 752 2335 confirmationis
780 2261 993 2336 defectuum
1021 2259 1270 2358 suppletionis
1298 2261 1450 2336 Decreti
1485 2261 1755 2360 derogationis,
1838 2279 1839 2348 g

258 2403 298 2462 et
337 2385 539 2461 voluntatis
581 2353 794 2484 iniringere,
836 2387 896 2461 vel
937 2388 972 2460 ei
1003 2411 1097 2460 ausu
1135 2387 1336 2461 temerario
1368 2385 1564 2463 contraire.
1602 2387 1642 2461 Si
1671 2389 1757 2485 quis
1838 2395 1839 2408 ¹

257 2527 384 2586 autem
412 2510 483 2585 hoc
510 2524 696 2586 attentare
714 2511 1339 2610 praesumpserit,·lndignationem
1359 2511 1640 2608 Omnipotentis
1669 2513 1755 2599 Dei,

258 2661 303 2712 ac
332 2635 535 2710 Beatorum
564 2635 674 2724 Petri,
703 2653 743 2711 et
772 2637 874 2710 Pauli
901 2635 1175 2736 Apostolorum
1208 2638 1289 2711 eius
1328 2661 1369 2711 se
1407 2638 1552 2712 noverit
1587 2639 1758 2712 incursu-

259 2785 400 2835 surum.

340 2884 482 2958 Datum
511 2885 668 2971 Romae,
699 2887 802 2982 apud
829 2887 1007 2961 Sanctam
1036 2884 1195 2959 Mariam
1225 2885 1420 2974 Maiorem,
1450 2911 1551 2960 anno
1582 2886 1757 2960 lncarna-

258 3009 371 3083 tionis
400 3009 619 3083 Dominicae
655 3010 851 3086 millesimo
892 3011 1231 3108 septingentesimo
1272 3010 1467 3109 trigesimo
1504 3036 1614 3100 nono,
1646 3031 1757 3086 sexto

258 3133 439 3209 kalendas
453 3133 637 3220 februarii,
659 3135 899 3210 Pontificatus
928 3135 1059 3209 Nostri
1086 3160 1186 3210 anno
1214 3134 1372 3212 decimo.

1294 3295 1341 3372 D.
1373 3293 1486 3371 Card.
1517 3295 1752 3371 Passioneus.
1838 3371 1839 3416 ἢ

581 3418 627 3492 Α.
659 3415 774 3495 Card.
806 3419 914 3494 Prod.

688 3543 791 3620 Visa.

449 3669 509 3740 De
538 3667 664 3744 Curia.
693 3714 720 3726 -
748 3669 794 3745 N.
825 3669 1063 3745 Antonellus.

963 3985 1053 4064 413.

262 4146 457 4218 Decretum
485 4145 603 4218 Rotae
630 4147 674 4220 dc
700 4171 772 4220 non
799 4147 1050 4222 subscribendo
1077 4147 1214 4222 Dubiis
1240 4173 1439 4223 causarum
1478 4149 1555 4222 nisi
1591 4149 1632 4222 in
1671 4159 1761 4222 actu

337 4269 609 4366 subscriptionis
636 4298 712 4347 una
740 4273 854 4346 amul
876 4273 1039 4347 exhibita
1055 4275 1175 4363 fucrit
1192 4275 1350 4348 Poscenti
1354 4272 1456 4369 fides
1474 4274 1632 4348 Notarc'c'
1648 4275 1761 4372 plene

337 4395 541 4468 attestantis
567 4395 612 4468 dc
638 4397 875 4486 diaconibus,
905 4399 964 4472 vel
988 4399 1033 4472 dc
1051 4409 1289 4498 processuum
1315 4423 1378 4472 scu
1405 4407 1648 4486 extracturam,
1678 4411 1761 4486 etc„

338 4521 659 4618 transportabbnc.

339 4677 453 4746 (Asca.
471 4677 559 4754 Ror,
582 4677 844 4738 ‹Ordticattbnes
856 4703 883 4752 »,
898 4687 931 4754 p.
949 4679 996 4754 II,
1014 4679 1066 4739 Dc
1084 4677 1245 4753 Notarz'c's,
1264 4697 1296 4740 n.
1315 4679 1348 4740 X
1356 4679 1421 4754 VI).

1302 4841 1380 4916 1739,
1398 4842 1538 4902 octobris
1561 4841 1602 4916 13,
1621 4841 1760 4902 Romae.
1838 4883 1839 4944 3

899 4971 1116 5046 Decretum.

341 5127 448 5215 Cum,
478 5128 580 5216 alias,
610 5131 660 5204 ad
689 5131 857 5204 notitiam
887 5131 990 5206 Sacri
1009 5131 1221 5207 Tribunalis
1250 5133 1371 5206 Rotae
1390 5133 1615 5228 pervenerit,
1638 5159 1763 5230 quan-

258 5255 384 5350 doque
413 5254 540 5328 Dubia
569 5255 779 5330 Causarum
815 5281 838 5330 a
881 5257 962 5330 RR.
1005 5256 1224 5331 earumdem
1269 5257 1477 5354 respective
1515 5257 1759 5346 Ponentibus,

144 5405 167 5468 ι
260 5379 457 5466 subscribi,
485 5380 604 5454 etsie
632 5381 845 5476 subscripta
873 5381 909 5453 in
938 5381 1054 5455 Sacro
1083 5381 1281 5456 Auditorio
1314 5383 1485 5479 proponi,
1524 5385 1670 5479 absque
1708 5408 1760 5457 eo
