3688 5924
759 274 948 333 Innocentio
966 272 1022 332 III

151 373 629 386 h-—u———-——--

878 677 936 758 10.

142 858 381 932 Innocentius
408 859 481 932 ΙΙΙ
500 857 727 931 Snbdc'ocono
754 867 788 930 et
813 856 1001 956 Acolytlto,
1022 881 1111 954 qnos
1132 855 1347 954 Copellonos
1373 883 1458 931 snos
1474 857 1648 956 appellat,

221 1008 378 1056 cansam
404 983 628 1057 audiendam
655 984 850 1070 committit,
870 1006 1021 1080 comque
1047 983 1103 1055 ocl
1115 982 1329 1056 rolotiornm
1347 983 1506 1056 duorum
1525 983 1651 1056 Audi-

224 1117 355 1182 torum
382 1108 522 1203 definit.

223 1278 321 1348 (Rrec.
349 1279 442 1351 Van,
460 1279 495 1336 7⁰
520 1277 579 1348 fol.
598 1279 651 1348 tr,
674 1293 765 1336 anno
787 1277 828 1344 X,
855 1285 924 1351 cap.
948 1276 1009 1335 197
1018 1294 1028 1342 ,·
1047 1275 1176 1350 Baton,
1203 1278 1223 1335 l.
1246 1293 1280 1346 c.‚
1308 1278 1370 1336 vol.
1390 1277 1435 1349 II,
1460 1277 1551 1351 epist.
1571 1277 1631 1334 197
1640 1295 1652 1342 ,·

144 1367 266 1440 Mtcxa,
288 1369 309 1425 t.
322 1384 359 1436 c.,
377 1367 434 1426 col.
454 1368 547 1439 1301,
565 1383 598 1426 n.
617 1367 679 1426 197
687 1386 698 1433 ,·
715 1365 896 1439 Portum,
916 1381 949 1424 n.
968 1365 1084 1436 3283).

841 1515 858 1550 ⁸
1201 1511 1278 1584 1208,
1296 1509 1499 1585 ianuariissl,
1518 1510 1651 1568 Romae.

222 1691 420 1788 Magistro
448 1692 494 1765 P.
523 1692 675 1766 Dccono
703 1694 883 1768 Bortorz‘z'.
906 1693 1048 1768 -Cum
1076 1694 1164 1768 olim
1192 1693 1351 1767 dilectus
1378 1691 1475 1764 filius
1503 1690 1649 1764 Thoar-

139 1817 264 1890 censis
297 1816 473 1890 Decanus
502 1833 633 1892 nostro
660 1819 888 1915 apostolatui
917 1819 1093 1893 reserarit
1120 1819 1343 1892 decanatum
1373 1842 1483 1890 suum
1519 1830 1649 1889 contra

141 1940 404 2014 Lateranense
432 1941 638 2016 Concilium
665 1942 825 2018 divisum
852 1943 979 2030 tuisse,
999 1945 1104 2019 cuius
1132 1960 1277 2040 partem
1307 1959 1343 2015 te
1372 1941 1534 2036 asseruit
1561 1962 1651 2035 pos-

142 2065 283 2150 sidere,
304 2091 348 2139 ac
367 2091 483 2162 super
501 2065 572 2141 hoc
599 2094 622 2141 a
641 2067 779 2142 dilecto
799 2069 906 2144 filio..
928 2070 1079 2143 Abbate
1108 2069 1155 2142 de
1183 2067 1362 2152 Tenallia,
1378 2124 1399 2140 ..
1421 2065 1588 2138 Cantore
1605 2087 1651 2136 ac

143 2190 332 2288 magistro
361 2189 405 2265 C.
437 2189 562 2266 Natali
591 2191 783 2267 Canonico
820 2193 1078 2268 Xanetonensi
1110 2193 1313 2268 examinari
1350 2188 1650 2265 mandaverimus

142 2316 355 2400 veritatem,
376 2332 414 2389 et
443 2316 553 2390 iidem
582 2318 691 2391 uobis
713 2343 865 2392 causam
886 2319 1006 2416 ipsam
1025 2319 1246 2402 remiserint,
1269 2318 1496 2391 sufficienter
1514 2317 1652 2387 instru-

144 2457 255 2526 ctam,
301 2466 385 2515 eam
422 2440 559 2515 dilecto
597 2443 671 2516 filio
717 2444 869 2517 Andron
904 2443 1130 2518 Snbdzocono
1165 2454 1201 2517 nt
1235 2443 1426 2518 Roinoldo
1461 2438 1648 2536 Ασοζγίίιο,

148 2563 361 2663 Copcllonc's
387 2568 534 2648 nostris,
564 2569 817 2642 commisimus
844 2568 1080 2644 audiendam.
1113 2569 1251 2644 Coram
1280 2569 1415 2664 quibus
1453 2564 1651 2662 proposuit

144 2715 231 2784 pars
261 2690 426 2764 adversa
455 2693 558 2787 quod
586 2692 721 2766 eodem
750 2695 934 2769 decanatu
954 2712 1121 2782 vacante,
1142 2693 1364 2769 venerabilis
1387 2692 1502 2766 srater
1521 2705 1652 2762 noster

145 2814 333 2888 lohannes
354 2815 547 2912 quondam
565 2817 830 2916 Lugdunensis
851 2819 1178 2916 Archiepiscopus‚
1197 2837 1284 2892 tunc
1304 2819 1515 2914 Episcopus
1536 2815 1652 2888 Picta·

144 2941 284 3024 vensis,
305 2965 464 3014 assensu
493 2941 595 3016 sedis
622 2941 828 3041 apostolice
857 2943 1006 3018 minime
1035 2945 1226 3040 requisito,
1258 2942 1357 3017 nulla
1384 2944 1560 3041 exigente
1580 2938 1650 3012 uti-

143 3063 248 3138 litate
279 3066 338 3139 vel
368 3067 593 3142 necessitate
621 3086 792 3166 urgente,
823 3095 906 3141 cum
934 3070 970 3142 in
998 3069 1200 3144 reddendis
1228 3068 1553 3164 procurationibus
1582 3089 1651 3160 per

145 3189 214 3263 hoc
245 3191 369 3288 magis
396 3207 578 3288 gravetur
605 3193 773 3267 Ecclesia
800 3193 1062 3286 Thoarcensis‚
1083 3210 1123 3268 et
1150 3217 1350 3290 perunum
1372 3193 1521 3287 utrique
1541 3191 1650 3263 deca·

146 3317 248 3388 natui
278 3331 410 3411 posset
438 3317 529 3390 satis
558 3318 756 3392 commode
775 3319 963 3414 provideri
982 3319 1017 3392 in
1038 3319 1194 3416 singulis
1215 3319 1393 3392 Ecclesiis
1412 3315 1553 3414 populo
1573 3330 1649 3396 tam

145 3440 179 3511 in
205 3455 332 3514 morte
359 3465 474 3535 quam
503 3442 578 3514 vita
597 3457 636 3514 et
655 3443 819 3538 parvulis
837 3443 1099 3518 exhibentibus
1119 3444 1379 3518 sacerdotibus
1399 3437 1650 3515 ecclesiastica

145 3580 394 3649 sacramenta,
417 3591 491 3639 non
520 3566 706 3641 dubitavit
733 3568 850 3664 ipsius
879 3569 1003 3644 tacere
1032 3568 1247 3644 sectionem.
1270 3569 1329 3642 Ex
1347 3582 1456 3665 parte
1474 3589 1565 3638 vero
1586 3578 1650 3634 tua

146 3689 212 3760 luit
242 3691 482 3784 propositum
509 3715 638 3765 coram
676 3692 785 3766 nobis
822 3693 925 3789 quod
958 3718 1042 3768 cum
1080 3695 1285 3768 decanatus
1321 3691 1523 3788 predictus,
1555 3688 1651 3760 sicut

146 3829 183 3885 et
207 3813 271 3886 alii
308 3814 468 3887 diocesis
497 3815 739 3900 Pictavensis,
771 3819 923 3913 quando
958 3835 1103 3904 vacant,
1136 3836 1313 3892 noscatur
1342 3819 1385 3890 in
1420 3811 1649 3889 Pictavensis

148 3935 326 4033 Episcopi
368 3939 535 4012 recidere
562 3956 813 4036 protestatem
849 3961 889 4016 et
923 3945 971 4017 ad
1006 3969 1093 4016 eum
1121 3943 1237 4040 ipsius
1266 3942 1420 4018 donatio
1447 3939 1647 4036 pertinere,

147 4061 267 4135 dictus
297 4061 509 4160 Episcopus
536 4089 689 4138 causam
718 4067 886 4141 utilitatis
905 4085 944 4140 et
963 4069 1199 4142 necessitatis
1224 4068 1436 4153 attendens,
1460 4065 1555 4139 sicut
1583 4084 1651 4158 per

149 4210 235 4260 suas
255 4187 363 4260 nobis
382 4185 526 4261 litteras
555 4190 747 4275 intimavit,
768 4206 808 4264 et
835 4192 916 4265 eius
943 4193 1188 4287 amplitudine
1216 4192 1454 4266 considerata
1481 4205 1520 4263 et
1548 4210 1646 4271 cura,

149 4335 381 4408 cognoscens
410 4328 593 4407 quantum
617 4315 766 4410 populis
784 4331 825 4390 et
844 4315 1094 4390 Ecclesiamm
1113 4317 1383 4403 sacerdotibus
1407 4316 1438 4388 si
1464 4313 1525 4386 uni
1545 4335 1650 4384 more
1776 4337 1780 4348 ·

150 4435 258 4509 solito
290 4437 588 4511 committeretur
614 4464 788 4536 persone,
819 4443 1022 4537 periculum
1049 4441 1185 4517 exinde
1212 4441 1434 4539 proveniret,
1466 4463 1550 4512 cum
1580 4460 1649 4508 suo

150 4557 324 4654 Capitulo
342 4558 550 4637 deliberato
569 4564 733 4650 consilio,
754 4567 951 4660 presertim
971 4592 1054 4640 cum
1074 4567 1243 4640 eiusdem
1272 4565 1343 4640 loci
1360 4563 1647 4644 ArchidiaconO,

149 4682 302 4780 aliisque
337 4684 424 4758 viris
457 4688 703 4781 prudentibus
737 4706 776 4763 et
803 4689 987 4776 discretis,
1024 4690 1127 4764 illum
1162 4715 1210 4764 ex
1246 4714 1346 4786 equo
1378 4689 1524 4762 censuit
1556 4685 1649 4758 divi-

148 4805 309 4882 dendum
338 4825 377 4881 et
405 4812 510 4904 quod
539 4811 769 4887 Thoarcensi
797 4813 980 4890 decanatu
1009 4815 1045 4888 in
1074 4833 1181 4912 parte
1209 4815 1374 4900 redacto,
1406 4831 1472 4886 tuo
1502 4811 1649 4885 subice-

150 4949 249 5005 retur
275 4931 475 5006 decanatui
502 4959 591 5031 pars
619 4939 810 5011 subtracta
838 4938 875 5010 in
902 4954 1027 5013 castro
1057 4939 1217 5011 Bertorii
1236 4940 1285 5013 ab
1302 4939 1438 5013 eodem
1458 4936 1649 5032 Episcopo

151 5056 360 5132 constituto.
384 5057 525 5132 Volens
544 5059 660 5158 igitur
678 5063 782 5158 quod
801 5063 958 5158 provide
977 5079 1230 5160 proposuerat
1249 5088 1332 5137 cum
1357 5061 1504 5137 cautela
1523 5060 1649 5134 debita

152 5181 352 5274 perducere
380 5182 429 5257 ad
456 5183 640 5272 eflectum,
662 5187 865 5282 publicavit
891 5213 1001 5262 suum
1029 5187 1265 5284 propositum
1294 5189 1331 5262 in
1359 5185 1514 5284 Synodo
1532 5207 1650 5282 gene-

153 5305 233 5392 rali;
263 5322 415 5383 etcum
445 5307 642 5405 dispositio
669 5327 747 5412 tam
777 5311 947 5400 salubris,
977 5338 1051 5409 que
1080 5308 1205 5385 multis
1240 5313 1275 5386 in
1311 5311 1478 5408 pluribus
1514 5335 1648 5409 opera-

1274 5419 1283 5462 l
