3718 5918
241 319 297 378 490
861 319 998 382 soeculo
1016 319 1049 381 X
1057 320 1141 381 VIII

244 512 478 610 Chirograso,
510 516 559 586 ed
586 512 684 588 altro
712 515 747 586 in
776 512 902 609 quello
930 529 1098 610 esposto.
1129 512 1165 588 al
1193 512 1305 610 quale
1324 517 1360 586 in
1381 529 1491 602 tutte,
1514 539 1535 588 e
1555 539 1625 610 per
1643 528 1741 588 tutto

242 637 386 712 s'abbia
415 639 610 750 relazione,
639 638 909 712 incaricandoci
927 639 963 711 in
982 663 1071 712 esso
1089 637 1241 712 l’esatta
1259 663 1486 713 osservanza
1504 637 1600 714 delle
1619 639 1744 712 mede

242 763 335 836 sime
363 762 484 837 Tasse
513 764 572 837 nel
601 763 726 850 modo,
756 790 778 836 e
806 764 923 837 forme
952 765 1015 859 qui
1043 779 1147 836 sotto
1177 779 1316 837 notate.

324 887 393 960 Per
421 902 526 961 tanto
554 911 625 983 per
651 886 856 961 t’Autoritt
876 889 937 961 del
957 904 1090 961 nostro
1110 887 1246 961 Officio
1265 888 1302 961 di
1322 887 1521 962 Tesoriere
1542 887 1741 973 Generale,

241 1014 290 1087 ed
319 1015 354 1087 in
383 1014 513 1110 vigore
541 1013 639 1087 delle
662 1011 797 1088 facolta
816 1011 1029 1088 concesseci
1049 1011 1148 1087 dalla
1167 1011 1312 1088 Santita
1332 1014 1410 1086 Sua
1428 1013 1488 1087 nel
1508 1013 1743 1088 menzionato

242 1163 312 1212 suo
327 1137 551 1236 Chirografo
565 1137 784 1224 ordiniamo,
803 1139 870 1212 che
886 1138 921 1211 in
937 1136 1114 1212 avvenire
1128 1135 1423 1236 gl’emolumenti
1442 1139 1501 1213 de’
1519 1138 1601 1212 loro
1620 1137 1744 1213 Officii

240 1265 422 1339 debbansi
450 1263 498 1337 da
526 1263 720 1338 medesimi
751 1263 882 1338 Notari
902 1265 1077 1362 esiggere
1095 1263 1223 1362 giusta
1241 1262 1453 1360 l'appresso
1473 1265 1594 1338 Tasse
1612 1279 1744 1338 notate

242 1389 342 1463 nella
370 1404 547 1484 presente
566 1405 696 1462 nostra
715 1387 979 1474 notificatione,
1000 1385 1113 1484 quale
1131 1411 1199 1482 per
1218 1388 1254 1461 lo
1272 1386 1516 1462 stess'e‘ietto
1536 1387 1737 1486 vogliam0,

241 1515 310 1588 che
338 1515 462 1589 debba
490 1513 661 1587 ritenersi
689 1512 817 1586 affissa
846 1513 905 1586 nei
933 1511 1028 1586 detti
1054 1511 1137 1586 loro
1166 1511 1277 1585 offici
1303 1537 1372 1609 per
1400 1512 1535 1588 notizia
1560 1538 1585 1587 e
1610 1512 1746 1610 regola

243 1640 291 1714 de
319 1638 500 1735 Litiganti
528 1622 632 1711 sotto
659 1635 694 1710 le
722 1655 819 1732 pene
846 1637 883 1710 in
912 1655 1001 1712 caso
1029 1638 1218 1711 contrario
1245 1661 1269 1710 a
1297 1655 1428 1712 nostro
1455 1638 1619 1712 arbitrio.
1641 1635 1747 1710 Dato

241 1765 339 1839 daile
368 1762 504 1838 Stanze
524 1762 621 1838 della
640 1778 771 1837 nostra
792 1762 902 1837 solita
921 1763 1115 1836 residenza
1139 1761 1198 1836 nel
1219 1761 1371 1836 Palazzo
1390 1763 1428 1836 di
1447 1763 1579 1837 Monte
1599 1762 1746 1836 Citorio

242 1904 380 1986 questo
409 1890 447 1962 di
476 1893 497 1962 8
528 1887 709 1962 Gennaro
743 1909 854 1981 1734.

575 2097 614 2172 T
607 2123 687 2172 asse
713 2098 764 2172 a'a
791 2100 999 2174 asservarn'
1020 2125 1106 2174 sono
1133 2099 1403 2194 l’infrascritte.

324 2261 395 2334 Pro
414 2283 652 2356 quacumque
671 2259 846 2334 citatione
872 2261 921 2334 ad
948 2259 1148 2334 dicendum
1166 2277 1297 2334 contra
1316 2259 1642 2348 Commissionem,
1663 2263 1745 2334 sive

245 2413 331 2461 cum
358 2386 512 2459 decreto
539 2425 566 2440 ·-
584 2383 740 2482 procedi
763 2393 905 2458 tantum
932 2427 959 2442 -
987 2385 1065 2460 sive
1094 2410 1178 2458 cum
1207 2385 1361 2460 decreto
1379 2386 1579 2483 -procedi,
1599 2395 1636 2460 et
1650 2385 1749 2460 zahi-

244 2511 326 2584 beri
349 2511 404 2584 ad
416 2511 587 2606 formam
618 2505 899 2594 commeans,
930 2509 961 2584 si
988 2509 1024 2583 in
1054 2509 1190 2586 Caunis
1219 2509 1362 2585 Urbis.
1422 2569 1430 2584 .
1488 2569 1498 2586 .
1555 2537 1607 2584 sc.
1644 2536 1677 2586 ι.
1697 2553 1747 2568 -

326 2637 365 2710 Si
393 2652 500 2710 extra
552 2692 1497 2712 ...............
1554 2661 1606 2711 sc.
1644 2661 1676 2710 ι.
1698 2659 1747 2732 50

325 2763 396 2836 Pro
423 2785 661 2858 quacumque
690 2759 879 2842 Citatione
906 2786 1032 2835 coram
1060 2761 1368 2852 Eminentissimo
1395 2761 1621 2860 Signatume
1640 2763 1747 2836 lusti-

245 2890 331 2974 tiae,
362 2887 441 2960 sive
470 2886 626 2960 Gratiae
654 2885 858 2973 Praefecto,
890 2902 929 2960 et
957 2911 1080 2962 coram
1110 2887 1192 2962 RR.
1224 2886 1292 2959 ΡΡ.
1325 2887 1412 2962 DD.
1443 2887 1630 2960 Auditore
1650 2887 1748 2961 San-

245 3013 409 3094 ctissimi,
432 3027 471 3086 et
490 3011 715 3110 Signaturae
743 3012 959 3106 praedictae
977 3013 1026 3085 ad
1046 3011 1248 3087 videndum
1269 3011 1519 3108 supersederi,
1544 3013 1747 3110 prorogari

242 3136 569 3233 supersessoriam,
602 3138 731 3233 reponi
759 3159 782 3208 a
808 3137 963 3211 decreto
992 3137 1306 3232 supersessoriae,
1337 3136 1516 3232 impertiri
1557 3135 1747 3210 licentiam

242 3262 290 3336 de
317 3260 510 3336 redeundo
538 3263 586 3334 ad
616 3259 868 3358 Signaturam,
892 3260 1042 3357 Reponi
1069 3262 1119 3335 ab
1146 3261 1234 3347 Isto,
1257 3261 1416 3336 Inhiberi
1435 3285 1482 3334 ne
1501 3263 1642 3334 audeat
1660 3287 1748 3358 pro

243 3389 331 3484 poni
358 3385 482 3460 facere
511 3386 677 3460 Causam
697 3387 732 3458 in
753 3387 966 3482 Signatum,
986 3386 1046 3460 vel
1066 3387 1149 3484 capi
1168 3411 1446 3484 quamcumque
1474 3387 1746 3482 provisionem,

243 3528 282 3585 et
310 3534 379 3608 pro
408 3533 646 3605 quacumque
673 3509 745 3584 alia
774 3510 962 3584 Citatione
989 3511 1162 3584 veniente
1191 3511 1285 3598 loco,
1315 3527 1356 3585 et
1383 3535 1454 3606 pro
1490 3509 1626 3585 effectu
1655 3535 1750 3607 pro-

243 3635 397 3710 visionis
425 3633 598 3709 videlicet
624 3676 650 3688 -
677 3636 818 3732 apponi
846 3634 1066 3722 Custodem,
1098 3661 1164 3710 seu
1196 3635 1429 3719 Custodiam,
1460 3635 1509 3708 ad
1542 3635 1751 3710 videndum

244 3761 414 3834 mandari
443 3759 603 3833 describi
630 3756 783 3846 fructus,
814 3776 854 3833 ct
881 3783 953 3855 pro
981 3761 1176 3849 similibus;
1198 3761 1270 3834 Pro
1289 3760 1458 3857 qualibet
1475 3787 1523 3834 ex
1541 3760 1753 3856 praedictis

245 3885 497 3960 Citationibus
544 3941 1487 3962 ................
1542 3911 1593 3960 sc.
1624 3929 1677 3944 -
1697 3911 1751 3980 30

325 4012 394 4082 Pro
423 4033 662 4105 quacumque
686 4034 776 4084 vero
804 4011 876 4086 alia
896 4009 1085 4085 Citatione
1113 4036 1238 4085 coram
1265 4011 1410 4085 eisdem
1439 4009 1753 4086 Eminentissimo

246 4133 452 4220 Praefecto,
481 4148 522 4206 et
550 4134 631 4208 RR.
664 4133 732 4208 ΡΡ.
764 4134 852 4210 DD.
881 4134 1130 4210 Auditoribus
1158 4137 1216 4210 hic
1252 4159 1328 4209 non
1354 4159 1550 4232 expressa,
1588 4150 1630 4210 et
1667 4163 1748 4212 non

243 4259 418 4333 veniente
446 4256 540 4344 loco,
560 4274 601 4333 et
618 4284 688 4357 pro
708 4257 842 4334 effectu
862 4261 1098 4357 provisionis,
1119 4261 1303 4346 videlicet,
1324 4260 1374 4335 ad
1392 4261 1590 4334 dicendum
1610 4275 1750 4337 contra

242 4382 567 4478 protestationem,
597 4383 647 4456 ad
674 4383 877 4458 videndum
906 4385 1060 4482 purgari
1087 4399 1246 4472 attenta,
1275 4385 1324 4458 ad
1352 4385 1555 4459 videndum
1589 4384 1627 4460 in
1659 4410 1753 4460 exe-

243 4509 429 4581 cutionem
458 4508 627 4604 rescripti
654 4507 789 4605 plenae
817 4508 1043 4607 Signatume
1062 4509 1202 4606 apponi
1220 4511 1492 4596 Aeconomum,
1513 4535 1580 4584 seu
1602 4509 1753 4606 Seque-

244 4648 373 4718 strum,
404 4633 463 4706 vel
491 4632 731 4732 subdelegari
759 4633 921 4708 Iudicem
950 4636 999 4708 ad
1027 4633 1201 4714 effectum
1229 4633 1448 4732 opponendi
1468 4636 1749 4722 aeconomum,

243 4782 309 4830 seu
339 4755 598 4852 Sequestrum,
627 4758 742 4832 etad
771 4783 1032 4855 quoscumque
1050 4757 1152 4832 'alios
1179 4757 1347 4843 effectus,
1376 4773 1417 4832 et
1443 4783 1512 4854 pro
1541 4759 1749 4849 similibus;

243 4881 315 4954 Pro
342 4882 511 4978 qualibet
536 4881 710 4981 exigatur
739 4882 899 4970 Merces,
930 4897 1044 4980 prout
1071 4882 1120 4956 de
1149 4883 1363 4964 huiusmodi
1381 4884 1485 4968 actis,
1515 4897 1557 4956 et
1585 4882 1751 4959 Citatio-

243 5005 351 5080 nibus
379 5005 538 5080 habetur
565 5007 602 5080 in
630 5005 734 5080 Taxa
763 5007 958 5090 Actorum,
988 5021 1029 5080 et
1058 5006 1289 5080 Citationum
1326 5007 1423 5081 sacta
1461 5031 1530 5104 pro
1567 5008 1672 5092 actis,
1705 5025 1752 5083 et
1839 4999 1840 5092 J

244 5130 496 5207 Citationibus
523 5155 649 5205 coram
678 5131 760 5205 RR.
792 5130 860 5203 ΡΡ.
893 5129 981 5204 DD.
1013 5129 1151 5205 Sacrae
1180 5132 1304 5206 Rotae
1333 5130 1594 5218 Auditoribus,
1624 5149 1663 5205 et
1699 5157 1751 5208 ac

244 5255 275 5330 si
302 5280 390 5330 mox
417 5255 625 5328 recensitae
646 5254 852 5328 Citationes
873 5261 992 5330 tactae
1012 5254 1169 5330 fuissent
1188 5269 1313 5332 coram
1334 5255 1443 5331 dictis
1463 5255 1544 5330 RR.
1563 5256 1632 5330 ΡΡ.
1649 5255 1746 5333 DD.
1839 5243 1840 5334 i

242 5379 380 5454 Sacrae
411 5380 532 5452 Rotae
562 5377 822 5452 Auditon'bus.
1839 5355 1840 5398 ³
