3688 5924
226 307 282 351 xrv
767 288 947 361 Praefatio
965 289 1011 347 ad
1028 289 1182 348 lectorem

238 511 242 518 ·
310 511 370 579 34.
391 531 417 542 -
444 484 625 558 ‹Drirrz’a
644 512 680 560 ›.
702 529 728 540 -
747 484 843 559 Tres
863 500 950 558 sunt
969 485 1196 558 Dz'arzirrum
1225 485 1392 580 species:
1415 509 1565 581 nempe:
1599 485 1724 561 Diaria

116 701 118 708 y
227 614 378 698 rotalia;
419 612 585 684 Diarium
625 608 839 695 Camerale3
881 609 1049 682 Diarium
1093 609 1294 694 Decanale,
1336 635 1401 683 seu
1442 611 1553 684 Liber
1592 613 1724 687 Sacrae

228 737 360 810 Rotae.
385 735 594 808 Diariorum
617 748 750 806 natura
769 747 808 806 et
826 733 978 807 historia
998 733 1034 805 in
1055 735 1175 828 prima
1194 750 1301 828 parte
1321 733 1399 805 suis
1418 733 1509 807 locis
1528 735 1723 829 descripsi:

227 863 307 934 heic
334 877 394 933 est
422 857 791 943 notandum,'Diaria
811 857 952 944 rotalia‚
975 883 1041 930 seu
1063 857 1193 930 Diaria
1220 860 1269 932 ab
1297 859 1543 959 Auditoribus
1571 860 1725 956 singulis

223 1003 391 1070 exarata,
431 1009 591 1082 magnae
625 983 733 1056 molis
772 981 1027 1056 collectionem
1063 981 1224 1056 conflare
1258 983 1361 1056 cuius
1395 983 1493 1056 initia
1532 999 1619 1056 sunt
1657 986 1725 1058 sub

224 1135 325 1184 anno
360 1115 459 1203 1564
488 1125 526 1182 et
555 1107 636 1180 finis
664 1109 725 1180 die
757 1131 805 1180 20
835 1108 1057 1201 septembris
1092 1110 1203 1200 1870.
1226 1107 1322 1180 Cum
1352 1107 1386 1180 in
1413 1106 1540 1181 Diario
1563 1109 1725 1204 quisque

226 1235 397 1316 Auditor,
430 1250 581 1330 praeter
608 1257 741 1306 causas
770 1247 810 1304 et
838 1255 1033 1304 causarum
1064 1231 1321 1315 resolutiones,
1354 1233 1449 1306 lacta
1477 1257 1575 1329 quae
1604 1233 1725 1308 Rotae

224 1361 430 1432 intererant
457 1358 640 1431 adnotare
668 1356 937 1440 consuevisset,
969 1380 1081 1451 quam
1111 1357 1444 1430 uber'notitiarum
1473 1356 1557 1430 lons
1594 1357 1726 1430 rotalia

228 1484 356 1557 Diaria
377 1485 460 1567 sint,
492 1505 603 1554 nemo
632 1498 691 1553 est
710 1482 773 1575 qui
799 1506 872 1553 non
891 1481 1030 1554 videat.
1053 1480 1119 1552 Eis
1138 1481 1341 1554 edocemur
1359 1480 1497 1555 nedum
1518 1483 1565 1554 de
1585 1481 1727 1555 iudiciis

225 1610 360 1684 sedet
389 1609 436 1681 de
466 1607 588 1681 Rotae
618 1606 711 1678 stilis
740 1621 779 1679 et
806 1604 854 1678 de
883 1606 1109 1678 Auditorum
1142 1606 1306 1702 egregiis
1334 1605 1393 1679 vel
1422 1605 1527 1680 malis
1555 1607 1599 1702 (si
1628 1631 1726 1702 quae

224 1751 351 1808 tamen
383 1747 467 1805 acta
495 1732 595 1826 sunt)
622 1732 858 1816 facinoribus,
889 1731 937 1803 de
966 1729 1204 1804 Summorum
1236 1730 1451 1803 Pontificum
1487 1748 1619 1816 morte,
1650 1730 1727 1804 ele-

225 1859 349 1932 ctione
362 1873 401 1930 et
421 1855 504 1953 plus
524 1856 692 1928 minusve
713 1853 845 1928 incline
864 1855 988 1928 animo
1008 1855 1041 1927 in
1059 1856 1264 1928 Auditores
1284 1871 1323 1928 et
1342 1857 1377 1928 in
1397 1857 1555 1929 tribunal
1585 1857 1726 1932 totale:

227 1954 318 2056 haec
338 1997 377 2054 et
394 1980 465 2054 alia
485 1979 767 2075 quamplurima,
785 1979 901 2052 relata
914 1981 962 2052 ab
978 1978 1190 2052 hominibus
1206 1979 1330 2074 probis
1345 1995 1384 2052 et
1398 1979 1471 2052 fide
1486 1980 1727 2078 dignissimis,

224 2107 385 2179 testibus
414 2129 538 2176 rerum
567 2129 662 2198 quas
692 2103 750 2175 vel
787 2102 904 2175 oculis
934 2102 992 2174 vel
1020 2103 1173 2175 auribus
1209 2120 1470 2200 perceperunt.
1501 2147 1527 2158 -
1560 2104 1727 2177 l'Jiarium
1763 2105 1766 2112 ’

229 2229 426 2302 Camerale
446 2229 545 2300 initia
575 2228 735 2322 sumpsit
762 2249 861 2299 anno
897 2229 1011 2308 1688:
1042 2227 1090 2298 nil
1119 2227 1252 2313 differt,
1273 2252 1348 2323 qua
1373 2228 1569 2302 historicus
1590 2229 1686 2314 lons,
1707 2255 1729 2300 a

228 2355 365 2426 Diariis
394 2353 584 2426 rotalibus
617 2353 686 2424 Est
715 2351 810 2424 lorte
842 2352 992 2424 maioris
1020 2351 1264 2433 auctoritatis,
1304 2353 1446 2448 quippe
1474 2353 1577 2448 quod
1606 2351 1731 2426 officio

229 2479 432 2552 Camerarii
454 2478 576 2552 Rotae
597 2477 696 2549 Rota
716 2475 798 2572 ipsa
817 2479 971 2551 decreto
990 2502 1060 2549 suo
1081 2478 1318 2549 commiserat
1346 2477 1440 2550 illius
1469 2478 1742 2551 redactionem·

224 2630 309 2678 cum
329 2627 443 2676 onere
464 2603 497 2674 in
514 2627 560 2675 eo
580 2601 783 2674 adnotandi
800 2603 925 2673 omnia
939 2625 1037 2695 quae
1054 2602 1176 2675 Rotae
1192 2603 1375 2675 interesse
1390 2619 1566 2697 poterant
1585 2619 1729 2676 utcum-

225 2755 311 2825 que.
343 2729 522 2800 Attamen
551 2728 586 2797 in
614 2725 709 2798 illius
738 2724 956 2798 collectione
985 2725 1365 2821 voluminum'aliqua
1393 2727 1524 2800 lacuna
1552 2730 1665 2800 adest
1694 2743 1734 2800 et

227 2878 300 2926 non
320 2877 470 2948 semper
488 2865 706 2925 constanter
735 2849 973 2922 Camerarius
992 2823 1254 2923 adnota'tiones
1280 2853 1574 2949 contingentium
1606 2877 1733 2926 rerum

225 2977 312 3050 inibi
343 2975 530 3071 apposuit.
572 2973 751 3048 Defectus
781 2975 838 3046 hic
867 2976 1087 3069 praesertim
1118 2975 1411 3069 deprehenditur
1440 2993 1615 3071 tempore
1655 3001 1734 3072 quo

225 3125 372 3175 summa
401 3101 583 3174 industria
609 3124 632 3170 a
662 3099 818 3172 Decano
846 3115 1040 3172 exaratum
1069 3115 1129 3171 est
1160 3098 1349 3172 Decanale
1380 3100 1560 3174 Diarium.

310 3248 369 3317 35.
400 3268 426 3279 -
461 3223 613 3296 «Liber
640 3223 780 3296 Sacrae
807 3225 980 3302 Rotae».
1018 3223 1140 3296 Huius
1174 3223 1286 3296 Lrbri
1309 3248 1421 3319 quem
1460 3225 1541 3299 heic
1582 3226 1735 3300 illustro

225 3365 362 3432 tomus,
385 3349 486 3421 initio
505 3348 573 3421 fuit
592 3349 693 3421 adid
713 3349 915 3434 consectus,
935 3365 976 3421 ut
992 3349 1140 3422 uomina
1156 3348 1381 3423 Auditorum
1397 3350 1482 3423 inibi
1497 3351 1545 3424 ab
1563 3377 1737 3449 unoquo·

228 3501 301 3570 que
322 3499 420 3548 novo
440 3474 624 3548 Auditore
652 3475 954 3547 describerentur
973 3499 1018 3547 ea
1038 3474 1096 3547 die
1117 3498 1193 3568 quo
1214 3499 1333 3548 novus
1354 3474 1515 3548 Auditor
1542 3475 1739 3550 iuramen-

227 3615 306 3672 tum
336 3601 553 3693 praestabat
581 3599 615 3669 in
647 3599 756 3683 Rota,
777 3597 864 3671 inibi
884 3599 1174 3693 praedescriptis
1193 3599 1337 3692 aliquot
1356 3599 1615 3673 Romanorum
1639 3603 1738 3675 Pon-

228 3723 366 3796 tificum
386 3723 713 3796 constitutionibus
741 3740 780 3796 et
808 3723 947 3819 regulis
967 3721 1232 3795 Cancellariae.
1255 3723 1302 3794 Ni
1330 3722 1446 3810 fallor,
1472 3725 1558 3798 huic
1582 3727 1738 3799 edendo

227 3847 321 3922 libro
354 3849 584 3921 occasionem
618 3848 792 3942 praebuit
830 3847 952 3921 Rotae
990 3864 1028 3920 et
1067 3847 1190 3942 Papae
1223 3847 1327 3920 firma
1364 3850 1539 3922 voluntas
1579 3853 1737 3924 tandem

227 3972 429 4068 aliquando
452 3972 500 4044 ad
521 3997 683 4080 unguem
714 3973 869 4067 parendi
898 3971 991 4043 Sixti
1021 3970 1071 4041 lV
1099 3971 1173 4068 legi
1206 3973 1447 4068 praecipienti
1479 3989 1521 4045 ut
1566 4001 1611 4048 12
1655 3994 1739 4048 tan·
1800 3947 1804 3954 Ι

230 4100 434 4182 tummodo,
464 4113 503 4170 et
531 4121 604 4170 non
633 4098 772 4192 plures,
802 4111 930 4169 essent
959 4097 1081 4170 Rotae
1110 4096 1330 4170 Auditores:
1362 4123 1458 4184 nam,
1481 4101 1532 4170 uti
1559 4125 1633 4173 suo
1653 4101 1739 4174 loco

228 4222 373 4308 tradidi,
395 4223 444 4294 ad
464 4247 600 4293 annum
626 4247 746 4317 usque
774 4225 868 4315 1508
898 4245 976 4316 quo
1003 4222 1096 4294 liber
1124 4236 1262 4304 noster,
1293 4224 1495 4295 mandante
1525 4225 1740 4299 Benedicto

230 4347 364 4430 Adam,
387 4346 571 4419 Auditore
592 4346 714 4420 Rotae
734 4345 995 4427 thesaurario,
1026 4346 1136 4420 scribi
1164 4349 1320 4442 occepit,
1341 4347 1499 4420 sixtinae
1528 4346 1607 4446 legi
1639 4350 1742 4446 pari·

230 4491 308 4545 tum
338 4495 412 4544 non
440 4472 576 4554 fuerat;
607 4471 705 4554 durii,
737 4496 783 4543 ex
812 4485 911 4564 post,
943 4470 1117 4566 religiose
1146 4470 1205 4543 lex
1233 4471 1293 4543 illa
1322 4487 1470 4544 servata
1499 4491 1572 4548 est.
1597 4475 1650 4547 Et
1676 4475 1741 4548 illo

228 4595 323 4669 libro
353 4596 502 4667 uomina
531 4593 756 4666 Auditorum
786 4594 868 4666 hinc
896 4595 981 4665 inde
1010 4611 1048 4666 et
1076 4620 1361 4690 quaquaversus
1381 4593 1517 4690 scripta
1539 4599 1741 4693 reperiun-

229 4733 299 4803 tur,
340 4719 615 4815 quamplurima
647 4719 694 4790 de
727 4718 811 4813 ipsa
848 4717 1073 4790 Auditorum
1113 4745 1242 4792 manu:
1283 4720 1491 4792 nominibus
1532 4745 1611 4794 non
1654 4747 1742 4796 raro

228 4841 347 4916 aliena
377 4867 507 4915 manus
535 4843 815 4916 adnotationem
844 4841 1012 4916 adiunxit
1040 4867 1115 4938 qua
1143 4843 1301 4916 refertur
1331 4868 1431 4916 mors
1453 4845 1509 4917 vel
1540 4849 1742 4941 promotio

232 4967 437 5042 Auditoris.

164 5081 169 5090 ’
313 5097 374 5183 36.
403 5136 430 5145 -
459 5091 585 5163 Serius
616 5108 703 5187 post
731 5091 956 5164 Auditorum
987 5093 1136 5164 nomina
1165 5091 1234 5164 hoc
1263 5093 1297 5163 in
1326 5091 1418 5165 libro
1447 5095 1622 5189 exeripta
1651 5115 1744 5170 sunt

230 5217 429 5312 praecipua
469 5216 620 5288 decreta
659 5217 791 5302 Rotae,
837 5217 1049 5289 universum
1091 5215 1288 5308 collegium
1327 5214 1444 5289 rotale
1481 5217 1742 5309 moderantia,

229 5358 271 5415 et
296 5340 381 5414 ideo
410 5340 528 5414 sactus
554 5340 621 5414 suit
646 5341 756 5414 Liber
791 5339 1000 5424 Decanalis,
1031 5341 1172 5436 quippe
1197 5343 1259 5435 qui
1290 5341 1429 5414 Decani
1453 5342 1488 5412 in
1518 5346 1745 5420 custodiam
