<?xml version="1.0" encoding="UTF-8"?>
<!DOCTYPE html PUBLIC "-//W3C//DTD XHTML 1.0 Transitional//EN"
    "http://www.w3.org/TR/xhtml1/DTD/xhtml1-transitional.dtd">
<html xmlns="http://www.w3.org/1999/xhtml" xml:lang="en" lang="en">
 <head>
  <title>
</title>
<meta http-equiv="Content-Type" content="text/html;charset=utf-8" />
  <meta name='ocr-system' content='tesseract 3.04.00' />
  <meta name='ocr-capabilities' content='ocr_page ocr_carea ocr_par ocr_line ocrx_word'/>
</head>
<body>
  <div class='ocr_page' id='page_1' title='image "./capellanipapaee00cercgoog_0277.png"; bbox 0 0 3720 5914; ppageno 0'>
   <div class='ocr_carea' id='block_1_1' title="bbox 764 292 1644 392">
    <p class='ocr_par' dir='ltr' id='par_1_1' title="bbox 764 292 1644 392">
     <span class='ocr_line' id='line_1_1' title="bbox 764 292 1644 392; baseline 0.009 -38"><span class='ocrx_word' id='word_1_1' title='bbox 764 293 957 392; x_wconf 85' lang='lat' dir='ltr'>Alexandro</span> <span class='ocrx_word' id='word_1_2' title='bbox 982 294 1030 355; x_wconf 90' lang='lat' dir='ltr'>VI</span> <span class='ocrx_word' id='word_1_3' title='bbox 1587 292 1644 352; x_wconf 83' lang='lat'>233</span> 
     </span>
    </p>
   </div>
   <div class='ocr_carea' id='block_1_2' title="bbox 109 484 1643 2583">
    <p class='ocr_par' dir='ltr' id='par_1_2' title="bbox 136 484 1643 1438">
     <span class='ocr_line' id='line_1_2' title="bbox 138 484 1641 586; baseline 0.003 -28"><span class='ocrx_word' id='word_1_4' title='bbox 138 486 249 561; x_wconf 88' lang='lat' dir='ltr'>officii</span> <span class='ocrx_word' id='word_1_5' title='bbox 267 488 351 582; x_wconf 87' lang='lat' dir='ltr'>ipso</span> <span class='ocrx_word' id='word_1_6' title='bbox 364 484 464 561; x_wconf 85' lang='lat' dir='ltr'>lacto</span> <span class='ocrx_word' id='word_1_7' title='bbox 482 489 629 583; x_wconf 85' lang='lat' dir='ltr'>absque</span> <span class='ocrx_word' id='word_1_8' title='bbox 642 486 714 562; x_wconf 91' lang='lat' dir='ltr'>alia</span> <span class='ocrx_word' id='word_1_9' title='bbox 734 486 986 563; x_wconf 84' lang='lat' dir='ltr'>declaratione</span> <span class='ocrx_word' id='word_1_10' title='bbox 1005 488 1179 564; x_wconf 85' lang='lat' dir='ltr'>incurrat.</span> <span class='ocrx_word' id='word_1_11' title='bbox 1197 487 1237 563; x_wconf 88' lang='lat' dir='ltr'>Si</span> <span class='ocrx_word' id='word_1_12' title='bbox 1256 489 1341 586; x_wconf 92' lang='lat' dir='ltr'>quis</span> <span class='ocrx_word' id='word_1_13' title='bbox 1355 503 1481 564; x_wconf 92' lang='lat' dir='ltr'>autem</span> <span class='ocrx_word' id='word_1_14' title='bbox 1496 486 1545 562; x_wconf 92' lang='lat' dir='ltr'>ad</span> <span class='ocrx_word' id='word_1_15' title='bbox 1559 513 1641 585; x_wconf 89' lang='lat' dir='ltr'>pre·</span> 
     </span>
     <span class='ocr_line' id='line_1_3' title="bbox 136 610 1642 713; baseline 0.003 -29"><span class='ocrx_word' id='word_1_16' title='bbox 136 635 228 686; x_wconf 87' lang='lat' dir='ltr'>sens</span> <span class='ocrx_word' id='word_1_17' title='bbox 248 610 369 686; x_wconf 89' lang='lat' dir='ltr'>officio</span> <span class='ocrx_word' id='word_1_18' title='bbox 388 612 549 686; x_wconf 90' lang='lat' dir='ltr'>oratoris</span> <span class='ocrx_word' id='word_1_19' title='bbox 569 613 757 712; x_wconf 84' lang='lat' dir='ltr'>fungatur,</span> <span class='ocrx_word' id='word_1_20' title='bbox 777 614 871 687; x_wconf 81' lang='lat' dir='ltr'>infra</span> <span class='ocrx_word' id='word_1_21' title='bbox 885 629 962 687; x_wconf 91' lang='lat' dir='ltr'>tres</span> <span class='ocrx_word' id='word_1_22' title='bbox 981 639 1132 688; x_wconf 89' lang='lat' dir='ltr'>menses</span> <span class='ocrx_word' id='word_1_23' title='bbox 1151 639 1174 688; x_wconf 90' lang='lat' dir='ltr'>a</span> <span class='ocrx_word' id='word_1_24' title='bbox 1192 613 1254 689; x_wconf 89' lang='lat' dir='ltr'>die</span> <span class='ocrx_word' id='word_1_25' title='bbox 1273 613 1536 712; x_wconf 89' lang='lat' dir='ltr'>publicationis</span> <span class='ocrx_word' id='word_1_26' title='bbox 1555 639 1642 713; x_wconf 90' lang='lat' dir='ltr'>pre-</span> 
     </span>
     <span class='ocr_line' id='line_1_4' title="bbox 138 737 1641 835; baseline 0.003 -25"><span class='ocrx_word' id='word_1_27' title='bbox 138 737 259 811; x_wconf 90' lang='lat' dir='ltr'>sentis</span> <span class='ocrx_word' id='word_1_28' title='bbox 277 737 554 814; x_wconf 88' lang='lat' dir='ltr'>constitutionis</span> <span class='ocrx_word' id='word_1_29' title='bbox 583 737 731 812; x_wconf 83' lang='lat' dir='ltr'>desinet</span> <span class='ocrx_word' id='word_1_30' title='bbox 757 763 805 811; x_wconf 90' lang='lat' dir='ltr'>ex</span> <span class='ocrx_word' id='word_1_31' title='bbox 833 753 915 812; x_wconf 94' lang='lat' dir='ltr'>toto</span> <span class='ocrx_word' id='word_1_32' title='bbox 942 763 1029 814; x_wconf 89' lang='lat' dir='ltr'>esse</span> <span class='ocrx_word' id='word_1_33' title='bbox 1058 753 1199 826; x_wconf 91' lang='lat' dir='ltr'>orator,</span> <span class='ocrx_word' id='word_1_34' title='bbox 1229 738 1290 812; x_wconf 89' lang='lat' dir='ltr'>vel</span> <span class='ocrx_word' id='word_1_35' title='bbox 1318 763 1388 835; x_wconf 91' lang='lat' dir='ltr'>pro</span> <span class='ocrx_word' id='word_1_36' title='bbox 1417 755 1570 813; x_wconf 87' lang='lat' dir='ltr'>oratore</span> <span class='ocrx_word' id='word_1_37' title='bbox 1598 764 1641 814; x_wconf 88' lang='lat' dir='ltr'>se</span> 
     </span>
     <span class='ocr_line' id='line_1_5' title="bbox 136 861 1639 961; baseline 0.001 -26"><span class='ocrx_word' id='word_1_38' title='bbox 136 886 284 961; x_wconf 85' lang='lat' dir='ltr'>gerere,</span> <span class='ocrx_word' id='word_1_39' title='bbox 303 862 362 936; x_wconf 89' lang='lat' dir='ltr'>vel</span> <span class='ocrx_word' id='word_1_40' title='bbox 382 863 584 949; x_wconf 91' lang='lat' dir='ltr'>nominare,</span> <span class='ocrx_word' id='word_1_41' title='bbox 614 861 772 938; x_wconf 88' lang='lat' dir='ltr'>similem</span> <span class='ocrx_word' id='word_1_42' title='bbox 792 863 1012 960; x_wconf 88' lang='lat' dir='ltr'>privationis</span> <span class='ocrx_word' id='word_1_43' title='bbox 1030 888 1172 960; x_wconf 90' lang='lat' dir='ltr'>penam</span> <span class='ocrx_word' id='word_1_44' title='bbox 1191 863 1223 936; x_wconf 91' lang='lat' dir='ltr'>si</span> <span class='ocrx_word' id='word_1_45' title='bbox 1241 864 1503 938; x_wconf 83' lang='lat' dir='ltr'>contrafecerit</span> <span class='ocrx_word' id='word_1_46' title='bbox 1522 863 1639 938; x_wconf 92' lang='lat' dir='ltr'>incur·</span> 
     </span>
     <span class='ocr_line' id='line_1_6' title="bbox 137 985 1643 1085; baseline 0.001 -25"><span class='ocrx_word' id='word_1_47' title='bbox 137 1013 260 1063; x_wconf 90' lang='lat' dir='ltr'>surus.</span> <span class='ocrx_word' id='word_1_48' title='bbox 282 985 384 1061; x_wconf 92' lang='lat' dir='ltr'>ldem</span> <span class='ocrx_word' id='word_1_49' title='bbox 403 1011 558 1084; x_wconf 91' lang='lat' dir='ltr'>quoque</span> <span class='ocrx_word' id='word_1_50' title='bbox 577 988 625 1062; x_wconf 91' lang='lat' dir='ltr'>de</span> <span class='ocrx_word' id='word_1_51' title='bbox 645 987 952 1063; x_wconf 90' lang='lat' dir='ltr'>Procuratoribus</span> <span class='ocrx_word' id='word_1_52' title='bbox 972 989 1143 1063; x_wconf 88' lang='lat' dir='ltr'>Romane</span> <span class='ocrx_word' id='word_1_53' title='bbox 1163 987 1276 1063; x_wconf 89' lang='lat' dir='ltr'>Curie</span> <span class='ocrx_word' id='word_1_54' title='bbox 1294 988 1374 1084; x_wconf 91' lang='lat' dir='ltr'>qui,</span> <span class='ocrx_word' id='word_1_55' title='bbox 1392 1013 1434 1062; x_wconf 90' lang='lat' dir='ltr'>se</span> <span class='ocrx_word' id='word_1_56' title='bbox 1462 1013 1532 1085; x_wconf 91' lang='lat' dir='ltr'>pro</span> <span class='ocrx_word' id='word_1_57' title='bbox 1560 1011 1643 1062; x_wconf 90' lang='lat' dir='ltr'>ora·</span> 
     </span>
     <span class='ocr_line' id='line_1_7' title="bbox 137 1111 1641 1210; baseline 0.002 -25"><span class='ocrx_word' id='word_1_58' title='bbox 137 1112 285 1187; x_wconf 91' lang='lat' dir='ltr'>toribus</span> <span class='ocrx_word' id='word_1_59' title='bbox 304 1126 495 1210; x_wconf 85' lang='lat' dir='ltr'>gerentes,</span> <span class='ocrx_word' id='word_1_60' title='bbox 525 1113 602 1185; x_wconf 94' lang='lat' dir='ltr'>duo</span> <span class='ocrx_word' id='word_1_61' title='bbox 630 1111 752 1186; x_wconf 86' lang='lat' dir='ltr'>officia</span> <span class='ocrx_word' id='word_1_62' title='bbox 780 1113 873 1187; x_wconf 89' lang='lat' dir='ltr'>satis</span> <span class='ocrx_word' id='word_1_63' title='bbox 901 1112 1193 1209; x_wconf 87' lang='lat' dir='ltr'>incompatibilia</span> <span class='ocrx_word' id='word_1_64' title='bbox 1221 1115 1302 1187; x_wconf 88' lang='lat' dir='ltr'>sine</span> <span class='ocrx_word' id='word_1_65' title='bbox 1329 1113 1475 1188; x_wconf 89' lang='lat' dir='ltr'>honore</span> <span class='ocrx_word' id='word_1_66' title='bbox 1502 1138 1573 1187; x_wconf 94' lang='lat' dir='ltr'>suo</span> <span class='ocrx_word' id='word_1_67' title='bbox 1600 1129 1641 1188; x_wconf 91' lang='lat' dir='ltr'>et</span> 
     </span>
     <span class='ocr_line' id='line_1_8' title="bbox 139 1223 1641 1334; baseline 0.002 -25"><span class='ocrx_word' id='word_1_68' title='bbox 139 1260 272 1310; x_wconf 89' lang='lat' dir='ltr'>eorum</span> <span class='ocrx_word' id='word_1_69' title='bbox 290 1261 360 1334; x_wconf 90' lang='lat' dir='ltr'>pro</span> <span class='ocrx_word' id='word_1_70' title='bbox 378 1236 516 1333; x_wconf 88' lang='lat' dir='ltr'>quibus</span> <span class='ocrx_word' id='word_1_71' title='bbox 535 1252 665 1333; x_wconf 86' lang='lat' dir='ltr'>agunt,</span> <span class='ocrx_word' id='word_1_72' title='bbox 686 1235 813 1334; x_wconf 90' lang='lat' dir='ltr'>inepte</span> <span class='ocrx_word' id='word_1_73' title='bbox 830 1263 1009 1314; x_wconf 87' lang='lat' dir='ltr'>exercere</span> <span class='ocrx_word' id='word_1_74' title='bbox 1028 1255 1225 1326; x_wconf 92' lang='lat' dir='ltr'>conantur,</span> <span class='ocrx_word' id='word_1_75' title='bbox 1255 1231 1344 1311; x_wconf 85' lang='lat' dir='ltr'>dum</span> <span class='ocrx_word' id='word_1_76' title='bbox 1372 1237 1437 1312; x_wconf 91' lang='lat' dir='ltr'>uni</span> <span class='ocrx_word' id='word_1_77' title='bbox 1464 1223 1641 1312; x_wconf 82' lang='lat' dir='ltr'>insistunt</span> 
     </span>
     <span class='ocr_line' id='line_1_9' title="bbox 138 1359 566 1438; baseline 0.007 -4"><span class='ocrx_word' id='word_1_78' title='bbox 138 1362 188 1435; x_wconf 89' lang='lat' dir='ltr'>ab</span> <span class='ocrx_word' id='word_1_79' title='bbox 205 1359 327 1434; x_wconf 88' lang='lat' dir='ltr'>altero</span> <span class='ocrx_word' id='word_1_80' title='bbox 344 1361 566 1438; x_wconf 91' lang='lat' dir='ltr'>abstineant.</span> 
     </span>
    </p>

    <p class='ocr_par' dir='ltr' id='par_1_3' title="bbox 109 1486 1639 1959">
     <span class='ocr_line' id='line_1_10' title="bbox 220 1486 1639 1588; baseline -0.001 -28"><span class='ocrx_word' id='word_1_81' title='bbox 220 1492 257 1564; x_wconf 91' lang='lat'>6.</span> <span class='ocrx_word' id='word_1_82' title='bbox 287 1487 364 1586; x_wconf 87' lang='lat' dir='ltr'>(De</span> <span class='ocrx_word' id='word_1_83' title='bbox 390 1487 549 1561; x_wconf 62' lang='lat' dir='ltr'>naiades</span> <span class='ocrx_word' id='word_1_84' title='bbox 566 1488 658 1584; x_wconf 82' lang='lat' dir='ltr'>rate)</span> <span class='ocrx_word' id='word_1_85' title='bbox 676 1486 841 1561; x_wconf 84' lang='lat' dir='ltr'>scribant</span> <span class='ocrx_word' id='word_1_86' title='bbox 848 1499 923 1587; x_wconf 77' lang='lat' dir='ltr'>per</span> <span class='ocrx_word' id='word_1_87' title='bbox 940 1513 977 1561; x_wconf 87' lang='lat' dir='ltr'>se</span> <span class='ocrx_word' id='word_1_88' title='bbox 994 1489 1091 1588; x_wconf 64' lang='lat' dir='ltr'>apros</span> <span class='ocrx_word' id='word_1_89' title='bbox 1108 1489 1258 1562; x_wconf 80' lang='lat' dir='ltr'>notarii.</span> <span class='ocrx_word' id='word_1_90' title='bbox 1281 1487 1428 1562; x_wconf 91' lang='lat' dir='ltr'>Notarii</span> <span class='ocrx_word' id='word_1_91' title='bbox 1455 1514 1485 1564; x_wconf 88' lang='lat' dir='ltr'>s.</span> <span class='ocrx_word' id='word_1_92' title='bbox 1511 1486 1639 1586; x_wconf 88' lang='lat' dir='ltr'>palatii</span> 
     </span>
     <span class='ocr_line' id='line_1_11' title="bbox 137 1612 1638 1711; baseline -0.001 -25"><span class='ocrx_word' id='word_1_93' title='bbox 137 1637 206 1707; x_wconf 87' lang='lat' dir='ltr'>per</span> <span class='ocrx_word' id='word_1_94' title='bbox 233 1637 276 1686; x_wconf 91' lang='lat' dir='ltr'>se</span> <span class='ocrx_word' id='word_1_95' title='bbox 303 1612 409 1709; x_wconf 91' lang='lat' dir='ltr'>ipsos</span> <span class='ocrx_word' id='word_1_96' title='bbox 437 1639 511 1688; x_wconf 93' lang='lat' dir='ltr'>non</span> <span class='ocrx_word' id='word_1_97' title='bbox 539 1638 610 1710; x_wconf 90' lang='lat' dir='ltr'>per</span> <span class='ocrx_word' id='word_1_98' title='bbox 636 1613 863 1688; x_wconf 90' lang='lat' dir='ltr'>substitutos</span> <span class='ocrx_word' id='word_1_99' title='bbox 899 1613 1064 1688; x_wconf 85' lang='lat' dir='ltr'>scribant</span> <span class='ocrx_word' id='word_1_100' title='bbox 1098 1629 1184 1688; x_wconf 88' lang='lat' dir='ltr'>acta</span> <span class='ocrx_word' id='word_1_101' title='bbox 1211 1612 1333 1687; x_wconf 91' lang='lat' dir='ltr'>iudicii</span> <span class='ocrx_word' id='word_1_102' title='bbox 1365 1612 1564 1711; x_wconf 87' lang='lat' dir='ltr'>presertim</span> <span class='ocrx_word' id='word_1_103' title='bbox 1601 1613 1638 1686; x_wconf 90' lang='lat' dir='ltr'>in</span> 
     </span>
     <span class='ocr_line' id='line_1_12' title="bbox 138 1736 1637 1836; baseline 0 -26"><span class='ocrx_word' id='word_1_104' title='bbox 138 1751 237 1824; x_wconf 88' lang='lat' dir='ltr'>rota;</span> <span class='ocrx_word' id='word_1_105' title='bbox 267 1736 391 1833; x_wconf 91' lang='lat' dir='ltr'>possit</span> <span class='ocrx_word' id='word_1_106' title='bbox 416 1751 543 1811; x_wconf 91' lang='lat' dir='ltr'>tamen</span> <span class='ocrx_word' id='word_1_107' title='bbox 570 1737 720 1812; x_wconf 87' lang='lat' dir='ltr'>auditor</span> <span class='ocrx_word' id='word_1_108' title='bbox 747 1761 862 1834; x_wconf 90' lang='lat' dir='ltr'>super</span> <span class='ocrx_word' id='word_1_109' title='bbox 889 1737 961 1812; x_wconf 88' lang='lat' dir='ltr'>hoc</span> <span class='ocrx_word' id='word_1_110' title='bbox 987 1759 1036 1812; x_wconf 86' lang='lat' dir='ltr'>ex</span> <span class='ocrx_word' id='word_1_111' title='bbox 1064 1761 1179 1812; x_wconf 90' lang='lat' dir='ltr'>causa</span> <span class='ocrx_word' id='word_1_112' title='bbox 1205 1737 1383 1836; x_wconf 82' lang='lat' dir='ltr'>legitima</span> <span class='ocrx_word' id='word_1_113' title='bbox 1401 1737 1450 1812; x_wconf 89' lang='lat' dir='ltr'>de</span> <span class='ocrx_word' id='word_1_114' title='bbox 1483 1762 1637 1812; x_wconf 93' lang='lat' dir='ltr'>suorum</span> 
     </span>
     <span class='ocr_line' id='line_1_13' title="bbox 109 1851 1364 1959; baseline 0.001 -24"><span class='ocrx_word' id='word_1_115' title='bbox 109 1861 398 1936; x_wconf 81' lang='lat' dir='ltr'>&#39;coauditorum</span> <span class='ocrx_word' id='word_1_116' title='bbox 425 1886 612 1936; x_wconf 91' lang='lat' dir='ltr'>consensu</span> <span class='ocrx_word' id='word_1_117' title='bbox 640 1861 872 1959; x_wconf 88' lang='lat' dir='ltr'>dispensare.</span> <span class='ocrx_word' id='word_1_118' title='bbox 1360 1851 1364 1864; x_wconf 58' lang='lat'><strong>¹</strong></span> 
     </span>
    </p>

    <p class='ocr_par' dir='ltr' id='par_1_4' title="bbox 138 1983 1640 2583">
     <span class='ocr_line' id='line_1_14' title="bbox 221 1983 1640 2085; baseline 0.003 -29"><span class='ocrx_word' id='word_1_119' title='bbox 221 2007 255 2080; x_wconf 93' lang='lat'>7.</span> <span class='ocrx_word' id='word_1_120' title='bbox 287 1983 449 2060; x_wconf 80' lang='lat' dir='ltr'>Notarie&#39;</span> <span class='ocrx_word' id='word_1_121' title='bbox 471 1996 549 2060; x_wconf 87' lang='lat' dir='ltr'>rote</span> <span class='ocrx_word' id='word_1_122' title='bbox 576 1985 769 2060; x_wconf 70' lang='lat' dir='ltr'>renideant.</span> <span class='ocrx_word' id='word_1_123' title='bbox 800 1985 947 2061; x_wconf 89' lang='lat' dir='ltr'>Notarii</span> <span class='ocrx_word' id='word_1_124' title='bbox 969 2011 998 2062; x_wconf 92' lang='lat' dir='ltr'>s.</span> <span class='ocrx_word' id='word_1_125' title='bbox 1019 1987 1148 2084; x_wconf 90' lang='lat' dir='ltr'>palatii</span> <span class='ocrx_word' id='word_1_126' title='bbox 1166 1986 1362 2084; x_wconf 91' lang='lat' dir='ltr'>apostolici</span> <span class='ocrx_word' id='word_1_127' title='bbox 1382 2010 1457 2061; x_wconf 93' lang='lat' dir='ltr'>non</span> <span class='ocrx_word' id='word_1_128' title='bbox 1476 2001 1640 2085; x_wconf 89' lang='lat' dir='ltr'>possunt</span> 
     </span>
     <span class='ocr_line' id='line_1_15' title="bbox 138 2110 1638 2199; baseline -0.001 -14"><span class='ocrx_word' id='word_1_129' title='bbox 138 2136 179 2185; x_wconf 86' lang='lat' dir='ltr'>se</span> <span class='ocrx_word' id='word_1_130' title='bbox 207 2136 231 2184; x_wconf 93' lang='lat' dir='ltr'>a</span> <span class='ocrx_word' id='word_1_131' title='bbox 260 2110 374 2185; x_wconf 87' lang='lat' dir='ltr'>Curia</span> <span class='ocrx_word' id='word_1_132' title='bbox 401 2127 558 2185; x_wconf 90' lang='lat' dir='ltr'>romana</span> <span class='ocrx_word' id='word_1_133' title='bbox 584 2113 797 2199; x_wconf 85' lang='lat' dir='ltr'>absentare,</span> <span class='ocrx_word' id='word_1_134' title='bbox 827 2112 897 2186; x_wconf 93' lang='lat' dir='ltr'>nisi</span> <span class='ocrx_word' id='word_1_135' title='bbox 925 2137 1008 2187; x_wconf 94' lang='lat' dir='ltr'>cum</span> <span class='ocrx_word' id='word_1_136' title='bbox 1026 2111 1176 2187; x_wconf 89' lang='lat' dir='ltr'>licentia</span> <span class='ocrx_word' id='word_1_137' title='bbox 1204 2111 1395 2187; x_wconf 85' lang='lat' dir='ltr'>Pontificis</span> <span class='ocrx_word' id='word_1_138' title='bbox 1422 2113 1529 2187; x_wconf 90' lang='lat' dir='ltr'>etde</span> <span class='ocrx_word' id='word_1_139' title='bbox 1548 2136 1638 2186; x_wconf 92' lang='lat' dir='ltr'>con-</span> 
     </span>
     <span class='ocr_line' id='line_1_16' title="bbox 138 2235 1638 2335; baseline 0.001 -27"><span class='ocrx_word' id='word_1_140' title='bbox 138 2260 252 2310; x_wconf 90' lang='lat' dir='ltr'>sensu</span> <span class='ocrx_word' id='word_1_141' title='bbox 282 2236 340 2309; x_wconf 91' lang='lat' dir='ltr'>sui</span> <span class='ocrx_word' id='word_1_142' title='bbox 366 2235 549 2310; x_wconf 89' lang='lat' dir='ltr'>auditoris</span> <span class='ocrx_word' id='word_1_143' title='bbox 576 2251 615 2310; x_wconf 91' lang='lat' dir='ltr'>et</span> <span class='ocrx_word' id='word_1_144' title='bbox 642 2237 692 2310; x_wconf 89' lang='lat' dir='ltr'>ad</span> <span class='ocrx_word' id='word_1_145' title='bbox 710 2236 898 2310; x_wconf 90' lang='lat' dir='ltr'>modicum</span> <span class='ocrx_word' id='word_1_146' title='bbox 916 2251 1087 2334; x_wconf 82' lang='lat' dir='ltr'>tempus3</span> <span class='ocrx_word' id='word_1_147' title='bbox 1108 2237 1174 2335; x_wconf 91' lang='lat' dir='ltr'>qui</span> <span class='ocrx_word' id='word_1_148' title='bbox 1190 2251 1317 2312; x_wconf 88' lang='lat' dir='ltr'>autem</span> <span class='ocrx_word' id='word_1_149' title='bbox 1342 2261 1442 2310; x_wconf 91' lang='lat' dir='ltr'>nunc</span> <span class='ocrx_word' id='word_1_150' title='bbox 1460 2238 1638 2312; x_wconf 89' lang='lat' dir='ltr'>absentes</span> 
     </span>
     <span class='ocr_line' id='line_1_17' title="bbox 138 2361 1639 2448; baseline 0.001 -14"><span class='ocrx_word' id='word_1_151' title='bbox 138 2375 236 2448; x_wconf 92' lang='lat' dir='ltr'>sunt,</span> <span class='ocrx_word' id='word_1_152' title='bbox 267 2375 467 2436; x_wconf 88' lang='lat' dir='ltr'>teneantur</span> <span class='ocrx_word' id='word_1_153' title='bbox 493 2361 524 2434; x_wconf 92' lang='lat' dir='ltr'>si</span> <span class='ocrx_word' id='word_1_154' title='bbox 551 2361 811 2436; x_wconf 89' lang='lat' dir='ltr'>citramontani</span> <span class='ocrx_word' id='word_1_155' title='bbox 838 2361 932 2436; x_wconf 89' lang='lat' dir='ltr'>insra</span> <span class='ocrx_word' id='word_1_156' title='bbox 959 2362 1067 2448; x_wconf 90' lang='lat' dir='ltr'>duos,</span> <span class='ocrx_word' id='word_1_157' title='bbox 1097 2363 1129 2436; x_wconf 94' lang='lat' dir='ltr'>si</span> <span class='ocrx_word' id='word_1_158' title='bbox 1156 2362 1422 2438; x_wconf 87' lang='lat' dir='ltr'>ultramontani</span> <span class='ocrx_word' id='word_1_159' title='bbox 1439 2363 1533 2437; x_wconf 81' lang='lat' dir='ltr'>infra</span> <span class='ocrx_word' id='word_1_160' title='bbox 1559 2375 1639 2436; x_wconf 89' lang='lat' dir='ltr'>tres</span> 
     </span>
     <span class='ocr_line' id='line_1_18' title="bbox 138 2484 1638 2583; baseline 0.003 -27"><span class='ocrx_word' id='word_1_161' title='bbox 138 2509 290 2560; x_wconf 89' lang='lat' dir='ltr'>menses</span> <span class='ocrx_word' id='word_1_162' title='bbox 317 2509 340 2558; x_wconf 92' lang='lat' dir='ltr'>a</span> <span class='ocrx_word' id='word_1_163' title='bbox 368 2484 428 2560; x_wconf 91' lang='lat' dir='ltr'>die</span> <span class='ocrx_word' id='word_1_164' title='bbox 461 2485 721 2583; x_wconf 91' lang='lat' dir='ltr'>publicationis</span> <span class='ocrx_word' id='word_1_165' title='bbox 758 2486 945 2583; x_wconf 88' lang='lat' dir='ltr'>presentis</span> <span class='ocrx_word' id='word_1_166' title='bbox 974 2488 1249 2562; x_wconf 89' lang='lat' dir='ltr'>constitutionis</span> <span class='ocrx_word' id='word_1_167' title='bbox 1277 2513 1363 2562; x_wconf 92' lang='lat' dir='ltr'>esse</span> <span class='ocrx_word' id='word_1_168' title='bbox 1391 2489 1428 2563; x_wconf 92' lang='lat' dir='ltr'>in</span> <span class='ocrx_word' id='word_1_169' title='bbox 1465 2487 1638 2562; x_wconf 88' lang='lat' dir='ltr'>Romana</span> 
     </span>
    </p>
   </div>
   <div class='ocr_carea' id='block_1_3' title="bbox 137 2609 1749 2709">
    <p class='ocr_par' dir='ltr' id='par_1_5' title="bbox 137 2609 1749 2709">
     <span class='ocr_line' id='line_1_19' title="bbox 137 2609 1749 2709; baseline 0.001 -25"><span class='ocrx_word' id='word_1_170' title='bbox 137 2609 263 2696; x_wconf 88' lang='lat' dir='ltr'>Curia,</span> <span class='ocrx_word' id='word_1_171' title='bbox 293 2609 457 2707; x_wconf 91' lang='lat' dir='ltr'>alioquin</span> <span class='ocrx_word' id='word_1_172' title='bbox 477 2611 738 2686; x_wconf 89' lang='lat' dir='ltr'>emolumenta</span> <span class='ocrx_word' id='word_1_173' title='bbox 765 2635 963 2685; x_wconf 90' lang='lat' dir='ltr'>causarum</span> <span class='ocrx_word' id='word_1_174' title='bbox 999 2613 1162 2708; x_wconf 86' lang='lat' dir='ltr'>perdant</span> <span class='ocrx_word' id='word_1_175' title='bbox 1188 2628 1228 2689; x_wconf 86' lang='lat' dir='ltr'>et</span> <span class='ocrx_word' id='word_1_176' title='bbox 1255 2612 1334 2687; x_wconf 88' lang='lat' dir='ltr'>suis</span> <span class='ocrx_word' id='word_1_177' title='bbox 1371 2613 1481 2688; x_wconf 90' lang='lat' dir='ltr'>sociis</span> <span class='ocrx_word' id='word_1_178' title='bbox 1517 2611 1639 2709; x_wconf 91' lang='lat' dir='ltr'>appli-</span> <span class='ocrx_word' id='word_1_179' title='bbox 1745 2668 1749 2677; x_wconf 93' lang='lat'><em>.</em></span> 
     </span>
    </p>
   </div>
   <div class='ocr_carea' id='block_1_4' title="bbox 136 2734 1348 2835">
    <p class='ocr_par' dir='ltr' id='par_1_6' title="bbox 136 2734 1348 2835">
     <span class='ocr_line' id='line_1_20' title="bbox 136 2734 1348 2835; baseline 0.002 -24"><span class='ocrx_word' id='word_1_180' title='bbox 136 2751 270 2811; x_wconf 87' lang='lat' dir='ltr'>centur</span> <span class='ocrx_word' id='word_1_181' title='bbox 297 2749 337 2809; x_wconf 90' lang='lat' dir='ltr'>et</span> <span class='ocrx_word' id='word_1_182' title='bbox 362 2734 413 2808; x_wconf 92' lang='lat' dir='ltr'>ad</span> <span class='ocrx_word' id='word_1_183' title='bbox 439 2735 687 2832; x_wconf 89' lang='lat' dir='ltr'>privationem</span> <span class='ocrx_word' id='word_1_184' title='bbox 715 2735 824 2810; x_wconf 88' lang='lat' dir='ltr'>officii</span> <span class='ocrx_word' id='word_1_185' title='bbox 852 2751 983 2810; x_wconf 83' lang='lat' dir='ltr'>contra</span> <span class='ocrx_word' id='word_1_186' title='bbox 1011 2762 1079 2812; x_wconf 93' lang='lat' dir='ltr'>eos</span> <span class='ocrx_word' id='word_1_187' title='bbox 1108 2737 1348 2835; x_wconf 87' lang='lat' dir='ltr'>procedatur.</span> 
     </span>
    </p>
   </div>
   <div class='ocr_carea' id='block_1_5' title="bbox 852 3177 939 3258">
    <p class='ocr_par' dir='ltr' id='par_1_7' title="bbox 852 3177 939 3258">
     <span class='ocr_line' id='line_1_21' title="bbox 852 3177 939 3258; baseline 0.011 -1"><span class='ocrx_word' id='word_1_188' title='bbox 852 3177 939 3258; x_wconf 80' lang='lat'>139.</span> 
     </span>
    </p>
   </div>
   <div class='ocr_carea' id='block_1_6' title="bbox 134 3337 1639 3562">
    <p class='ocr_par' dir='ltr' id='par_1_8' title="bbox 134 3337 1639 3562">
     <span class='ocr_line' id='line_1_22' title="bbox 134 3337 1639 3418; baseline 0.004 -6"><span class='ocrx_word' id='word_1_189' title='bbox 134 3337 303 3412; x_wconf 83' lang='lat' dir='ltr'>Nomine</span> <span class='ocrx_word' id='word_1_190' title='bbox 317 3359 364 3410; x_wconf 84' lang='lat'>12</span> <span class='ocrx_word' id='word_1_191' title='bbox 377 3337 591 3411; x_wconf 81' lang='lat' dir='ltr'>aude’teram</span> <span class='ocrx_word' id='word_1_192' title='bbox 606 3339 725 3412; x_wconf 84' lang='lat' dir='ltr'>Rotae</span> <span class='ocrx_word' id='word_1_193' title='bbox 737 3349 773 3414; x_wconf 82' lang='lat' dir='ltr'>et</span> <span class='ocrx_word' id='word_1_194' title='bbox 783 3341 1014 3414; x_wconf 72' lang='lat' dir='ltr'>mtariarnm</span> <span class='ocrx_word' id='word_1_195' title='bbox 1027 3364 1152 3415; x_wconf 83' lang='lat' dir='ltr'>earam</span> <span class='ocrx_word' id='word_1_196' title='bbox 1166 3341 1276 3414; x_wconf 80' lang='lat' dir='ltr'>iaxta</span> <span class='ocrx_word' id='word_1_197' title='bbox 1288 3341 1474 3416; x_wconf 76' lang='lat' dir='ltr'>elenchum</span> <span class='ocrx_word' id='word_1_198' title='bbox 1491 3340 1639 3418; x_wconf 86' lang='lat' dir='ltr'>Cancel-</span> 
     </span>
     <span class='ocr_line' id='line_1_23' title="bbox 215 3461 1633 3562; baseline 0.008 -27"><span class='ocrx_word' id='word_1_199' title='bbox 215 3462 347 3549; x_wconf 86' lang='lat' dir='ltr'>larc&#39;ae,</span> <span class='ocrx_word' id='word_1_200' title='bbox 357 3461 517 3536; x_wconf 84' lang='lat' dir='ltr'>relatam</span> <span class='ocrx_word' id='word_1_201' title='bbox 529 3462 571 3535; x_wconf 88' lang='lat' dir='ltr'>c&#39;n</span> <span class='ocrx_word' id='word_1_202' title='bbox 588 3461 781 3538; x_wconf 85' lang='lat' dir='ltr'>‹Praetica</span> <span class='ocrx_word' id='word_1_203' title='bbox 792 3464 1048 3540; x_wconf 87' lang='lat' dir='ltr'>Cancellariae</span> <span class='ocrx_word' id='word_1_204' title='bbox 1063 3481 1187 3562; x_wconf 84' lang='lat' dir='ltr'>apost.</span> <span class='ocrx_word' id='word_1_205' title='bbox 1200 3466 1341 3541; x_wconf 90' lang='lat' dir='ltr'>soeculi</span> <span class='ocrx_word' id='word_1_206' title='bbox 1352 3490 1403 3540; x_wconf 86' lang='lat' dir='ltr'>xv</span> <span class='ocrx_word' id='word_1_207' title='bbox 1415 3469 1633 3546; x_wconf 78' lang='lat' dir='ltr'>exeuntis».</span> 
     </span>
    </p>
   </div>
   <div class='ocr_carea' id='block_1_7' title="bbox 132 3614 1637 3780">
    <p class='ocr_par' dir='ltr' id='par_1_9' title="bbox 132 3614 1637 3780">
     <span class='ocr_line' id='line_1_24' title="bbox 132 3614 1637 3780; baseline 0.006 -105"><span class='ocrx_word' id='word_1_208' title='bbox 132 3703 196 3780; x_wconf 71' lang='lat' dir='ltr'>(W</span> <span class='ocrx_word' id='word_1_209' title='bbox 215 3614 412 3779; x_wconf 46' lang='lat' dir='ltr'>(25⁷3ng</span> <span class='ocrx_word' id='word_1_210' title='bbox 432 3615 683 3676; x_wconf 75' lang='lat' dir='ltr'>cancellariae»</span> <span class='ocrx_word' id='word_1_211' title='bbox 703 3624 765 3693; x_wconf 80' lang='lat' dir='ltr'>per</span> <span class='ocrx_word' id='word_1_212' title='bbox 780 3617 818 3678; x_wconf 94' lang='lat' dir='ltr'>L.</span> <span class='ocrx_word' id='word_1_213' title='bbox 830 3615 1221 3693; x_wconf 75' lang='lat' dir='ltr'>Scaurrz-Knutunusnc,</span> <span class='ocrx_word' id='word_1_214' title='bbox 1236 3627 1315 3696; x_wconf 78' lang='lat' dir='ltr'>pag.</span> <span class='ocrx_word' id='word_1_215' title='bbox 1328 3622 1383 3696; x_wconf 89' lang='lat'>70,</span> <span class='ocrx_word' id='word_1_216' title='bbox 1395 3622 1472 3682; x_wconf 78' lang='lat' dir='ltr'>edit.</span> <span class='ocrx_word' id='word_1_217' title='bbox 1484 3622 1637 3684; x_wconf 73' lang='lat' dir='ltr'>Munster</span> 
     </span>
     <span class='ocr_line' id='line_1_25' title="bbox 193 3721 413 3778; baseline -0.009 -14"><span class='ocrx_word' id='word_1_218' title='bbox 193 3721 229 3764; x_wconf 93' lang='lat' dir='ltr'>es</span> <span class='ocrx_word' id='word_1_219' title='bbox 260 3749 290 3778; x_wconf 94' lang='lat'>.,</span> <span class='ocrx_word' id='word_1_220' title='bbox 406 3748 413 3762; x_wconf 93' lang='lat'><strong>.</strong></span> 
     </span>
    </p>
   </div>
   <div class='ocr_carea' id='block_1_8' title="bbox 1454 3851 1635 3914">
    <p class='ocr_par' dir='ltr' id='par_1_10' title="bbox 1454 3851 1635 3914">
     <span class='ocr_line' id='line_1_26' title="bbox 1454 3851 1635 3914; baseline -0.006 -1"><span class='ocrx_word' id='word_1_221' title='bbox 1454 3851 1533 3913; x_wconf 90' lang='lat' dir='ltr'>Sine</span> <span class='ocrx_word' id='word_1_222' title='bbox 1551 3855 1635 3914; x_wconf 86' lang='lat' dir='ltr'>data.</span> 
     </span>
    </p>
   </div>
   <div class='ocr_carea' id='block_1_9' title="bbox 132 3977 1634 5426">
    <p class='ocr_par' dir='ltr' id='par_1_11' title="bbox 132 3977 1634 5426">
     <span class='ocr_line' id='line_1_27' title="bbox 214 3977 1388 4077; baseline 0.006 -28"><span class='ocrx_word' id='word_1_223' title='bbox 214 3979 256 4077; x_wconf 82' lang='lat' dir='ltr'>d)</span> <span class='ocrx_word' id='word_1_224' title='bbox 284 3977 447 4053; x_wconf 92' lang='lat' dir='ltr'>Nomina</span> <span class='ocrx_word' id='word_1_225' title='bbox 481 4001 523 4051; x_wconf 88' lang='lat'>12</span> <span class='ocrx_word' id='word_1_226' title='bbox 555 3977 769 4053; x_wconf 90' lang='lat' dir='ltr'>auditorum</span> <span class='ocrx_word' id='word_1_227' title='bbox 798 3995 879 4054; x_wconf 90' lang='lat' dir='ltr'>rote</span> <span class='ocrx_word' id='word_1_228' title='bbox 906 3993 946 4053; x_wconf 92' lang='lat' dir='ltr'>et</span> <span class='ocrx_word' id='word_1_229' title='bbox 974 3981 1205 4056; x_wconf 90' lang='lat' dir='ltr'>notariorum</span> <span class='ocrx_word' id='word_1_230' title='bbox 1233 4007 1388 4057; x_wconf 89' lang='lat' dir='ltr'>eorum:</span> 
     </span>
     <span class='ocr_line' id='line_1_28' title="bbox 272 4102 1634 4204; baseline 0.005 -27"><span class='ocrx_word' id='word_1_231' title='bbox 272 4102 410 4177; x_wconf 92' lang='lat' dir='ltr'>Coram</span> <span class='ocrx_word' id='word_1_232' title='bbox 436 4102 654 4178; x_wconf 90' lang='lat' dir='ltr'>Nucerense</span> <span class='ocrx_word' id='word_1_233' title='bbox 681 4103 803 4180; x_wconf 89' lang='lat' dir='ltr'>locum</span> <span class='ocrx_word' id='word_1_234' title='bbox 822 4120 976 4180; x_wconf 86' lang='lat' dir='ltr'>tenente</span> <span class='ocrx_word' id='word_1_235' title='bbox 995 4106 1103 4180; x_wconf 90' lang='lat' dir='ltr'>unius</span> <span class='ocrx_word' id='word_1_236' title='bbox 1122 4131 1170 4182; x_wconf 81' lang='lat' dir='ltr'>ex</span> <span class='ocrx_word' id='word_1_237' title='bbox 1188 4107 1320 4204; x_wconf 89' lang='lat' dir='ltr'>palacii</span> <span class='ocrx_word' id='word_1_238' title='bbox 1339 4107 1535 4204; x_wconf 91' lang='lat' dir='ltr'>apostolici</span> <span class='ocrx_word' id='word_1_239' title='bbox 1553 4133 1634 4183; x_wconf 89' lang='lat' dir='ltr'>cau·</span> 
     </span>
     <span class='ocr_line' id='line_1_29' title="bbox 132 4228 524 4303; baseline -0.005 0"><span class='ocrx_word' id='word_1_240' title='bbox 132 4253 262 4303; x_wconf 90' lang='lat' dir='ltr'>sarum</span> <span class='ocrx_word' id='word_1_241' title='bbox 290 4228 524 4302; x_wconf 92' lang='lat' dir='ltr'>auditoribus</span> 
     </span>
     <span class='ocr_line' id='line_1_30' title="bbox 514 4352 955 4430; baseline 0.014 -6"><span class='ocrx_word' id='word_1_242' title='bbox 514 4352 757 4427; x_wconf 90' lang='lat' dir='ltr'>Bernhardus</span> <span class='ocrx_word' id='word_1_243' title='bbox 786 4353 955 4430; x_wconf 90' lang='lat' dir='ltr'>Mumme</span> 
     </span>
     <span class='ocr_line' id='line_1_31' title="bbox 515 4477 968 4554; baseline 0.011 -4"><span class='ocrx_word' id='word_1_244' title='bbox 515 4477 756 4552; x_wconf 88' lang='lat' dir='ltr'>Hermannus</span> <span class='ocrx_word' id='word_1_245' title='bbox 786 4479 968 4554; x_wconf 87' lang='lat' dir='ltr'>Ovelsutz</span> 
     </span>
     <span class='ocr_line' id='line_1_32' title="bbox 512 4601 956 4680; baseline 0.009 -4"><span class='ocrx_word' id='word_1_246' title='bbox 512 4601 713 4677; x_wconf 91' lang='lat' dir='ltr'>Heinricus</span> <span class='ocrx_word' id='word_1_247' title='bbox 740 4603 956 4680; x_wconf 87' lang='lat' dir='ltr'>Silberbem</span> 
     </span>
     <span class='ocr_line' id='line_1_33' title="bbox 512 4726 871 4825; baseline 0.011 -26"><span class='ocrx_word' id='word_1_248' title='bbox 512 4726 691 4802; x_wconf 88' lang='lat' dir='ltr'>Nicolaus</span> <span class='ocrx_word' id='word_1_249' title='bbox 720 4726 871 4825; x_wconf 91' lang='lat' dir='ltr'>Crapitz</span> 
     </span>
     <span class='ocr_line' id='line_1_34' title="bbox 268 4847 692 4926; baseline 0.005 -2"><span class='ocrx_word' id='word_1_250' title='bbox 268 4847 435 4925; x_wconf 87' lang='lat' dir='ltr'>Achilles</span> <span class='ocrx_word' id='word_1_251' title='bbox 463 4847 511 4924; x_wconf 90' lang='lat' dir='ltr'>de</span> <span class='ocrx_word' id='word_1_252' title='bbox 539 4849 692 4926; x_wconf 90' lang='lat' dir='ltr'>Grassis</span> 
     </span>
     <span class='ocr_line' id='line_1_35' title="bbox 510 4973 878 5076; baseline 0.014 -28"><span class='ocrx_word' id='word_1_253' title='bbox 510 4973 648 5050; x_wconf 91' lang='lat' dir='ltr'>Paulus</span> <span class='ocrx_word' id='word_1_254' title='bbox 676 4977 724 5052; x_wconf 90' lang='lat' dir='ltr'>de</span> <span class='ocrx_word' id='word_1_255' title='bbox 753 4977 878 5076; x_wconf 89' lang='lat' dir='ltr'>Regio</span> 
     </span>
     <span class='ocr_line' id='line_1_36' title="bbox 510 5101 816 5177; baseline 0.013 -4"><span class='ocrx_word' id='word_1_256' title='bbox 510 5101 563 5176; x_wconf 94' lang='lat' dir='ltr'>lo.</span> <span class='ocrx_word' id='word_1_257' title='bbox 593 5101 816 5177; x_wconf 89' lang='lat' dir='ltr'>Franciscus</span> 
     </span>
     <span class='ocr_line' id='line_1_37' title="bbox 509 5225 971 5325; baseline 0.006 -26"><span class='ocrx_word' id='word_1_258' title='bbox 509 5225 750 5301; x_wconf 87' lang='lat' dir='ltr'>Guilhermus</span> <span class='ocrx_word' id='word_1_259' title='bbox 779 5227 971 5325; x_wconf 79' lang='lat' dir='ltr'>lamperti</span> 
     </span>
     <span class='ocr_line' id='line_1_38' title="bbox 511 5350 800 5426; baseline 0.017 -5"><span class='ocrx_word' id='word_1_260' title='bbox 511 5350 679 5424; x_wconf 92' lang='lat' dir='ltr'>Linonus</span> <span class='ocrx_word' id='word_1_261' title='bbox 707 5350 800 5426; x_wconf 89' lang='lat' dir='ltr'>Nilis</span> 
     </span>
    </p>
   </div>
   <div class='ocr_carea' id='block_1_10' title="bbox 0 0 1864 5914">
    <p class='ocr_par' dir='ltr' id='par_1_12' title="bbox 0 0 1864 5914">
     <span class='ocr_line' id='line_1_39' title="bbox 0 0 1864 5914; baseline 0 2"><span class='ocrx_word' id='word_1_262' title='bbox 0 0 1864 5914; x_wconf 95' lang='lat' dir='ltr'> </span> 
     </span>
    </p>
   </div>
  </div>
 </body>
</html>
