3720 5914
226 309 278 368 152
866 307 1080 367 SoeculoXV

305 501 352 574 Et
381 502 533 598 insuper
559 525 644 574 cum
673 515 801 574 nostre
830 499 933 573 firme
962 499 1175 573 intentionis
1203 500 1339 573 existat
1367 501 1471 594 quod
1499 500 1586 574 dicti
1606 500 1722 573 Audi-

222 643 324 699 tores
352 640 392 699 et
418 627 676 700 locatenentes
704 641 902 721 presentes
930 649 974 697 ac
1003 625 1113 696 futuri
1132 625 1167 697 in
1187 625 1430 698 assecucione
1458 650 1724 720 quorumcum-

220 775 294 845 que
323 748 587 823 beneficiorum
618 747 955 822 ecclesiasticorum
985 747 1116 844 vigore
1144 749 1465 843 expectativarum
1503 747 1723 844 specialium

222 874 515 948 reservationum
537 875 800 946 mandatorum
819 887 858 946 et
885 869 1037 946 aliarum
1060 897 1382 968 quarumcumque
1409 874 1611 971 gratiarum
1633 897 1724 946 con-

221 1001 431 1071 cessionum
460 1014 500 1072 et
518 999 737 1081 litterarum,
759 999 814 1070 eis
833 1021 905 1092 pro
923 1013 1095 1093 tempore
1113 1021 1377 1072 concessarum
1397 1017 1435 1070 et
1464 999 1727 1071 concedenda-

220 1149 313 1210 rum,
337 1125 508 1198 omnibus
523 1139 563 1198 et
582 1123 738 1221 singulis
756 1123 847 1206 aliis,
870 1122 1119 1196 cardinalibus
1136 1123 1291 1217 prefatis
1320 1122 1516 1196 dumtaxat
1539 1124 1723 1218 exceptis,

220 1265 261 1322 ut
288 1247 484 1344 prefertur,
516 1249 772 1343 preserrantur
799 1263 838 1320 et
866 1248 1021 1344 preferri
1040 1248 1213 1334 debeant,
1233 1273 1280 1322 ne
1308 1248 1378 1345 ipsi
1406 1251 1441 1320 in
1478 1251 1724 1322 assecucione

219 1373 430 1448 huiusmodi
445 1398 513 1467 per
526 1373 618 1447 alias
637 1373 905 1468 expectativas‚
921 1374 1074 1469 gratias,
1094 1371 1299 1456 facultates,
1312 1377 1596 1459 reservationes,
1619 1399 1724 1444 man·

219 1498 318 1583 data,
333 1499 506 1581 uniones
527 1497 768 1583 annexiones,
789 1498 1062 1594 prerogativas,
1083 1495 1343 1581 antelationes,
1365 1498 1648 1583 declarationes,
1670 1500 1723 1570 ad

219 1623 276 1694 ius
304 1647 463 1695 comune
492 1621 740 1705 reductiones,
780 1621 927 1718 aliaque
954 1619 1158 1719 privilegia,
1190 1623 1453 1696 concessiones
1488 1639 1527 1696 et
1561 1622 1720 1708 indulta,

219 1769 363 1818 necnon
392 1745 679 1818 constitutiones
709 1745 961 1818 ordinationes
988 1761 1027 1817 et
1056 1746 1207 1842 regulas
1235 1769 1304 1841 per
1332 1769 1401 1818 nos
1429 1747 1556 1818 forsan
1598 1747 1725 1841 impo-

219 1888 361 1944 sterum
391 1871 653 1943 concedendas
682 1895 748 1943 seu
769 1869 967 1956 faciendas
984 1869 1245 1965 impediantur,
1267 1895 1333 1943 seu
1354 1871 1423 1944 illis
1449 1895 1518 1967 pro
1547 1887 1725 1967 tempore

222 2020 401 2067 concesse
430 1995 552 2091 gratie
579 2019 622 2067 ac
650 2010 845 2089 presentes
875 1994 996 2066 littere
1024 1994 1308 2088 quomodolibet
1340 1994 1478 2069 viribus
1514 2010 1553 2068 et
1584 1995 1721 2068 effectu

220 2134 458 2203 evacuentur,
489 2144 534 2192 ex
564 2144 661 2192 nunc
689 2120 924 2194 decernimus
952 2143 995 2190 ac
1025 2133 1152 2192 nostre
1181 2119 1395 2192 intentionis
1423 2144 1509 2194 esse
1543 2136 1583 2194 et
1615 2123 1722 2216 quod

220 2265 369 2336 semper
397 2243 467 2314 erit
495 2243 740 2327 declaramus,
771 2244 874 2336 quod
902 2243 973 2314 sub
1008 2240 1075 2314 illis
1109 2259 1147 2313 et
1188 2241 1220 2315 si
1262 2241 1310 2315 de
1346 2242 1437 2338 ipsis
1477 2242 1723 2337 presentibus

218 2391 262 2439 ac
290 2369 337 2439 de
366 2367 473 2440 dictis
500 2367 746 2441 Auditoribus
774 2383 813 2439 et
841 2367 1137 2440 locatenentibus
1165 2367 1201 2439 in
1230 2368 1399 2440 Romana
1428 2368 1527 2441 curia
1562 2391 1721 2463 presen-

218 2494 318 2566 tibus
332 2507 376 2570 et
393 2508 478 2565 actu
499 2491 666 2586 predicta
681 2492 801 2566 officia
814 2493 1074 2565 exercentibus
1094 2492 1266 2587 specialis
1286 2492 1457 2587 specifica
1476 2509 1516 2564 et
1536 2517 1720 2588 expressa

218 2631 284 2690 aut
313 2641 380 2712 per
415 2617 560 2712 aliquas
587 2616 783 2713 generales
811 2613 996 2689 clausulas
1025 2615 1234 2712 specificam
1263 2617 1489 2689 mentionem
1518 2617 1722 2712 importan-

219 2758 277 2815 tes
297 2742 436 2815 mentio
455 2741 528 2826 fiat,
551 2757 591 2814 et
609 2742 678 2814 illis
698 2766 877 2838 expresse
897 2741 1071 2839 derogari
1090 2742 1261 2815 videatur
1280 2759 1319 2815 et
1333 2741 1550 2839 derogetur.
1572 2742 1722 2814 Tamen

220 2867 290 2940 sub
306 2867 395 2962 ipsis
412 2865 497 2939 dicti
514 2865 718 2939 Auditores
738 2883 777 2938 et
795 2866 1050 2939 locatenentes
1069 2891 1113 2938 ac
1133 2865 1342 2939 huiusmodi
1363 2881 1561 2962 presentes
1588 2881 1723 2938 nostre

221 2991 345 3064 littere
375 2991 585 3063 nullatenus
614 2990 995 3086 comprehendantur,
1025 3017 1093 3064 nec
1133 3015 1203 3088 per
1230 2990 1290 3064 illa
1323 3007 1545 3064 revocentur
1571 3005 1636 3063 aut
1664 2991 1723 3064 eis

219 3114 403 3209 dictisque
434 3115 677 3189 Auditoribus
706 3130 746 3188 et
773 3115 1068 3190 locatenentibus
1101 3115 1137 3188 in
1168 3115 1406 3188 assecutione
1449 3115 1594 3209 prefata
1630 3139 1721 3210 pre-

219 3241 400 3312 iudicetur
428 3265 494 3312 seu
522 3239 743 3334 preiudicari
772 3239 1054 3336 quomodolibet
1081 3240 1213 3336 possit,
1244 3241 1313 3312 nisi
1341 3241 1378 3312 in
1411 3239 1465 3314 eis
1506 3239 1721 3314 huiusmodi

219 3379 417 3459 presentes
436 3390 519 3436 cum
540 3389 669 3436 eorum
689 3366 787 3438 datis
807 3367 854 3438 de
874 3368 990 3438 verbo
1009 3366 1057 3438 ad
1073 3367 1227 3438 verbum
1247 3367 1456 3438 inserantur
1470 3391 1513 3438 ac
1533 3366 1580 3438 de
1600 3368 1721 3440 numi-

218 3489 336 3574 nibus,
368 3489 641 3586 agnominibus
673 3488 913 3585 qualitatibus
942 3490 1138 3564 cuiuslibet
1166 3490 1391 3564 Auditorum
1425 3507 1465 3563 et
1501 3491 1721 3565 locatenen-

219 3613 307 3685 tium
339 3613 591 3709 predictorum
620 3638 663 3686 ac
691 3637 760 3708 per
788 3629 882 3708 quot
909 3637 1029 3687 annos
1058 3613 1269 3686 huiusmodi
1297 3638 1428 3687 eorum
1456 3613 1583 3686 officiis
1612 3617 1721 3688 insti-

217 3738 330 3811 terint
348 3763 392 3810 ac
411 3739 459 3811 de
479 3738 632 3811 scientia
647 3754 686 3810 et
700 3739 832 3834 gradu,
855 3753 966 3823 etate,
991 3755 1162 3834 tempore
1182 3738 1355 3834 specifico
1375 3763 1443 3812 sue
1462 3739 1716 3822 admissionis,

218 3862 266 3934 de
294 3860 377 3935 loco
405 3863 570 3959 originis
602 3863 761 3949 civitate,
794 3862 942 3948 Castro
965 3862 1062 3937 Villa
1089 3887 1133 3937 ac
1163 3863 1313 3938 Diocesi
1334 3864 1517 3959 specialis,
1545 3863 1721 3959 specifica

218 4005 257 4060 et
285 4010 478 4082 expressa,
511 4011 583 4061 non
611 4005 737 4059 autem
767 4012 836 4082 per
862 3989 1060 4084 generales
1087 3987 1199 4062 etiam
1233 4013 1454 4084 expressam
1489 3989 1719 4062 mentionem

217 4113 464 4207 importantes
489 4112 675 4186 clausulas
697 4129 736 4185 ut
765 4114 962 4208 prefertur,
985 4115 1125 4186 mentio
1143 4115 1240 4187 facta
1261 4113 1388 4200 fuerit;
1409 4115 1590 4214 quinymo
1605 4115 1717 4185 iidem

218 4238 425 4310 Auditores
454 4253 493 4310 et
521 4237 778 4311 locatenentes
807 4253 1004 4333 presentes
1032 4255 1072 4312 et
1099 4238 1211 4311 futuri
1248 4265 1270 4312 a
1300 4238 1516 4334 praemissis
1543 4239 1718 4312 omuibus

219 4377 257 4434 et
286 4362 440 4456 singulis
469 4363 616 4457 excepti
645 4365 720 4436 sint
747 4380 787 4436 et
805 4387 986 4459 expresse
1001 4381 1236 4451 censeantur,
1256 4389 1299 4437 ac
1328 4364 1470 4436 censeri
1498 4378 1538 4436 et
1565 4362 1719 4436 iudicari

219 4485 394 4559 debeant.

301 4609 383 4682 Hec
412 4626 537 4684 autem
568 4612 758 4710 privilegia
788 4629 946 4708 propter
964 4613 1144 4708 obsequia
1163 4636 1239 4707 que
1267 4613 1354 4685 dicti
1383 4613 1588 4686 Auditores
1608 4613 1717 4688 nobis

217 4751 257 4808 et
284 4735 490 4830 apostolice
519 4736 598 4809 sedi
627 4736 848 4832 impendunt
874 4765 918 4811 ac
960 4755 1115 4833 propter
1155 4739 1329 4812 assiduos
1364 4736 1513 4812 labores
1554 4761 1652 4832 quos
1681 4739 1717 4810 in

218 4863 443 4957 exequenda
457 4878 572 4957 atque
586 4861 880 4936 administranda
899 4864 1039 4936 iustitia
1058 4865 1106 4935 ad
1123 4865 1242 4936 tocius
1261 4864 1362 4937 orbis
1382 4861 1578 4936 utilitatem
1608 4865 1716 4937 susti-

219 5001 309 5058 nent
337 4985 370 5054 in
400 4987 743 5060 remuneracionem
773 4987 1241 5083 recompensacionemque
1269 5010 1459 5074 concessa,
1497 4986 1602 5061 firma
1630 5015 1716 5084 per-

217 5125 332 5206 petua
360 5127 475 5207 atque
504 5112 758 5186 irrevocabilia
786 5111 865 5185 lore
894 5138 1103 5188 censemus

299 5235 384 5308 Non
414 5236 650 5310 obstantibus
680 5239 873 5332 premissis
901 5263 944 5312 ac
980 5238 1313 5312 constitucionibus
1347 5259 1385 5311 et
1419 5238 1714 5314 ordinationibus

218 5359 434 5456 apostolicis
462 5361 671 5456 ceterisque
700 5363 894 5436 contrariis
923 5364 1231 5458 quibuscumque.
