3688 5924
715 321 906 381 Alexandro
924 320 946 382 Ι
950 320 979 380 V
1555 321 1592 380 37

342 421 517 428 ...ff-m..
526 422 605 428 -.--...
1175 423 1303 430 ...η-...η-
1315 423 1335 429 ..u
1375 425 1383 428 ..
1403 423 1441 429 .--
1457 422 1591 430 .—..-..--a

88 512 292 610 agendum,
333 513 622 599 defendendum,
656 515 943 612 impetrandum,
981 515 1322 601 contradicendum,
1354 516 1592 600 narrandum,

88 637 308 730 ponendum
337 655 376 712 et
410 637 447 712 in
475 638 616 712 iudices
643 638 962 723 consentiendum,
992 654 1032 712 et
1058 637 1170 713 alium
1200 655 1481 735 procuratorem
1509 662 1592 711 con·

90 761 334 848 stituendum,
365 763 480 836 etad
517 762 642 836 omnia
678 763 750 836 alia
784 763 986 860 agendum,
1027 787 1102 858 que
1136 763 1213 836 veri
1241 778 1282 836 et
1316 761 1473 862 legitimi
1505 785 1593 859 pro·
1627 777 1629 784 “

90 899 284 958 curatores
303 884 427 962 Iacere
453 903 624 983 possunt,
654 901 777 962 ratum
795 903 834 962 et
861 904 1012 984 gratum
1040 886 1212 974 habituri,
1233 887 1411 985 quicquid
1429 911 1499 983 per
1524 908 1593 960 eos

89 1027 126 1084 et
153 1033 288 1086 eorum
315 1013 502 1098 alterum·
517 1037 630 1108 quem
657 1013 794 1088 adesse
821 1006 1033 1112 contigerit,
1062 1029 1188 1088 actum
1216 1011 1327 1087 fuerit
1363 1037 1429 1086 seu
1462 1036 1593 1107 procu·

89 1151 232 1210 ratum:
263 1139 416 1232 procis
444 1137 557 1212 etiam
585 1155 625 1212 et
652 1162 723 1233 pro
750 1162 880 1212 eorum
908 1137 1028 1213 altero
1054 1137 1257 1212 iudicatum
1286 1137 1381 1212 solvi
1407 1137 1593 1232 promitti-

89 1285 185 1347 mus,
215 1261 246 1334 si
267 1285 423 1336 necesse
455 1261 576 1338 suerit
604 1261 706 1336 Idem
734 1263 1034 1360 quibuscumque
1062 1261 1290 1337 adversariis
1317 1262 1455 1337 nostris
1483 1261 1593 1358 signi·

89 1385 256 1460 ficamus.
287 1386 327 1458 In
355 1387 459 1462 cuius
488 1387 541 1462 rei
568 1387 834 1473 testimonium,
855 1388 941 1462 huic
959 1387 1101 1487 scripto
1119 1387 1282 1486 sigillum
1300 1384 1451 1484 capituli
1474 1383 1594 1460 nostri

87 1511 347 1607 apposuimus.
380 1511 523 1587 Datum
552 1511 765 1597 Cantuarie,
803 1537 903 1588 anno
940 1515 1062 1613 gratie
1097 1512 1282 1600 u⁰cc⁰u11⁰‚
1320 1533 1384 1586 xvr
1412 1509 1593 1584 kalendas

87 1634 229 1730 aprilis.
261 1635 473 1711 Conservet
508 1637 713 1712 altissimus
749 1638 986 1712 sanctitatem
1020 1652 1186 1712 vestram
1223 1661 1291 1734 per
1319 1652 1490 1732 tempora
1517 1633 1593 1708 lon·

87 1761 208 1858 giora.

170 1881 310 1959 Actum
339 1885 463 1972 Asisii,
495 1886 555 1960 die
582 1885 718 1960 Martis
745 1884 951 1960 Tricesimo
970 1887 1133 1960 intrante
1152 1911 1283 1960 mense
1302 1885 1483 1983 predicto,
1508 1907 1594 1980 pre·

85 2011 260 2084 sentibus
288 2009 475 2108 Magistro
510 2009 685 2106 Symone,
725 2025 969 2106 procuratore
997 2010 1117 2085 Electi
1145 2010 1375 2096 leodiensis,
1407 2009 1594 2106 Magistro

86 2137 275 2233 Aymonc,
304 2134 418 2208 fratre
438 2133 621 2219 Corrad0,
642 2151 681 2208 et
699 2135 813 2210 fratre
840 2135 1035 2222 Rostaino,
1056 2135 1232 2210 lratribus
1250 2135 1447 2232 hospitalis
1467 2133 1594 2208 Theu-

86 2261 311 2344 tonicorum,
349 2283 448 2334 anno
484 2274 524 2334 et
560 2258 764 2334 Indictione
796 2260 989 2358 predictis,
1027 2259 1267 2335 Pontificatus
1308 2258 1447 2334 domini
1489 2259 1594 2332 Inno-

86 2385 200 2459 centii
227 2407 327 2480 pape
354 2384 418 2458 IIII
436 2408 536 2459 anno
555 2384 712 2461 decimo.
733 2386 775 2458 In
794 2386 899 2460 cuius
919 2386 972 2460 rei
991 2385 1256 2471 testimonium,
1278 2409 1437 2483 presens
1455 2386 1595 2458 instru-

87 2525 259 2584 mentum
291 2508 377 2582 inde
413 2507 491 2583 fieri
528 2510 682 2584 secimus
718 2535 787 2606 per
822 2535 974 2584 manum
1012 2509 1111 2585 Petri
1143 2511 1190 2584 de
1219 2510 1359 2584 Sancto
1388 2509 1592 2596 Germano,

86 2633 236 2720 notarii,
268 2631 377 2731 sigilli
405 2635 524 2708 nostri
551 2635 688 2710 robore
715 2636 995 2711 communitum.
1440 2609 1451 2645 l

170 2758 259 2856 Ego
297 2757 431 2832 Petrus
467 2759 516 2833 de
553 2759 692 2834 Sancto
732 2759 935 2847 Germano,
974 2758 1181 2856 apostolice
1219 2757 1329 2834 Sedis
1369 2758 1596 2834 auctoritate

85 2885 271 2974 notarius,
310 2883 488 2980 predictis
525 2885 699 2958 omnibus
736 2883 894 2971 interlui,
928 2898 967 2958 et
1004 2883 1052 2957 de
1089 2885 1270 2958 mandato
1305 2899 1345 2960 et
1370 2882 1594 2958 auctoritate

81 3007 258 3082 eiusdem
287 3007 461 3106 Magistri
491 3007 665 3084 Iohannis
694 3012 742 3084 de
771 3009 911 3084 Sancto
941 3007 1144 3098 Germano,
1175 3007 1307 3105 scripsi
1329 3025 1370 3084 et
1396 3007 1593 3106 publicavi.

171 3133 372 3208 Secundus
399 3159 491 3209 vero
520 3149 580 3208 est
607 3134 711 3210 talis:

1142 3237 1220 3310 1253,
1236 3236 1310 3313 iulii
1331 3237 1373 3311 15,
1390 3235 1596 3300 cantuariae.

170 3382 416 3458 Sanctissimo
444 3382 542 3479 patri
569 3400 609 3459 et
636 3382 789 3459 domino
816 3383 856 3467 I.,
886 3383 1010 3458 divina
1039 3383 1275 3483 providentia
1302 3409 1449 3460 summo
1473 3385 1597 3480 ponti-

83 3510 156 3595 fici,
188 3532 258 3584 sue
285 3508 494 3584 sanctitatis
521 3505 583 3582 filii
601 3507 759 3584 humiles
778 3524 817 3583 et
836 3507 964 3584 devoti
992 3509 1051 3596 R,
1074 3509 1248 3584 Minister
1274 3509 1422 3585 humilis
1440 3507 1596 3584 ecclesie

84 3633 211 3708 sancti
248 3633 454 3731 Augustini
489 3631 785 3720 Cantuariensis,
816 3648 856 3706 et
887 3631 1057 3708 eiusdem
1094 3635 1164 3708 loci
1194 3631 1425 3721 Conventus,
1455 3633 1595 3730 pedum

83 3762 288 3834 beatorum
311 3755 439 3832 oscula
467 3781 551 3830 cum
580 3757 703 3831 cordis
730 3772 770 3832 et
797 3758 967 3855 corporis
995 3756 1232 3832 inclinatione
1260 3758 1409 3834 devota.
1440 3755 1597 3832 Noverit

83 3899 221 3958 sancta
249 3881 455 3978 paternitas
482 3897 622 3967 vestra,
654 3905 725 3954 nos
755 3897 874 3956 ratam
912 3881 1053 3956 habere
1079 3897 1120 3956 et
1146 3879 1291 3956 firmam
1324 3880 1596 3956 ordinationem

82 4033 154 4080 seu
184 4005 498 4102 compositionem
526 4005 664 4080 saetam
684 4029 753 4102 per
772 4003 999 4103 Magistrum
1028 4006 1230 4080 Iohannem
1259 4007 1307 4081 de
1335 4004 1475 4080 Sancto
1504 4003 1596 4079 Ger·

81 4155 211 4216 mano,
242 4129 512 4205 subdiaconum
541 4146 579 4204 et
608 4130 844 4226 capellanum
872 4145 1052 4218 vestrum,
1083 4131 1120 4203 in
1148 4155 1264 4206 causa
1286 4145 1390 4205 mota
1416 4130 1454 4205 in
1481 4129 1597 4204 Curia

81 4255 307 4330 Sanctitatis
335 4269 463 4329 vestre
482 4256 579 4329 inter
595 4253 788 4329 dominum
807 4254 1010 4329 Iohannem
1038 4257 1087 4330 de
1107 4253 1331 4353 Camecano,
1361 4271 1538 4353 nepotem
1557 4268 1598 4328 et

82 4379 340 4480 Capelianum
360 4395 528 4455 vestrum
547 4379 933 4456 acContradictarum
951 4395 1163 4456 vestrarum
1177 4382 1401 4466 auditorem,
1422 4395 1597 4476 exparte

83 4533 173 4592 una,
198 4519 239 4580 et
259 4531 329 4580 nos
355 4529 403 4580 ex
421 4506 551 4589 altera,
573 4529 689 4602 super
716 4505 874 4580 ecclesia
902 4505 949 4580 de
978 4505 1159 4592 Lenham,
1186 4507 1223 4580 in
1251 4531 1327 4604 qua
1353 4507 1452 4580 idem
1473 4505 1598 4602 Magi·

84 4651 168 4708 ster
188 4631 230 4716 1..
250 4630 300 4706 de
328 4629 480 4727 speciali
506 4629 685 4705 mandato
708 4647 838 4705 vestro
865 4629 979 4705 datus
1006 4629 1074 4706 luit
1101 4630 1260 4715 auditor,
1282 4633 1377 4706 sicut
1404 4631 1440 4703 in
1468 4643 1597 4704 vestro

84 4755 275 4854 rescripto
302 4771 343 4830 et
369 4754 458 4830 dicti
488 4754 670 4830 auditoris
699 4756 948 4830 instrumento
975 4755 1062 4829 inde
1089 4756 1271 4831 consectis
1306 4755 1452 4852 plenius
1479 4753 1597 4830 conti-

85 4900 213 4958 netur.
243 4879 284 4953 Iu
311 4879 417 4954 cuius
444 4879 498 4954 rei
525 4880 789 4966 testimonium,
821 4878 905 4954 huic
933 4879 1074 4976 scripto
1106 4878 1268 4978 sigillum
1289 4878 1451 4976 Capituli
1479 4879 1597 4954 nostri

84 5004 349 5104 apposuimus.
382 5004 525 5078 Datum
558 5002 772 5091 Cantuarie,
811 5027 912 5079 anno
948 5005 1070 5102 gratie
1108 5011 1311 5093 rt⁰cc⁰u111⁰,
1349 5005 1475 5079 Idibus
1506 5002 1596 5078 Iulii.

83 5131 301 5206 Conservet
327 5128 534 5204 altissimus
566 5129 804 5204 sanctitatem
833 5145 997 5203 vestram
1025 5153 1093 5224 per
1121 5145 1293 5224 tempora
1319 5128 1542 5226 longiora».

170 5254 272 5349 Nulli
299 5269 371 5331 etc.
402 5267 532 5328 nostre
559 5251 818 5350 suppletionis,
849 5252 1140 5328 confirmationis
1171 5269 1210 5328 et
1242 5251 1490 5328 roborationis
1523 5265 1595 5326 etc.

89 5380 182 5455 Dat.
213 5377 401 5464 Laterani,
432 5399 477 5450 ιιι
505 5375 593 5452 Idus
621 5376 758 5462 Martii,
787 5403 887 5453 anno
915 5375 1093 5452 secundo.
