3686 5916
231 335 287 396 560
848 333 985 395 Soecuto
1004 333 1128 396 XVIII

232 521 416 616 Quamvis
444 539 581 612 autem,
602 549 649 597 eo
677 525 844 620 dempto,
867 548 1022 598 numero
1049 549 1162 622 pares
1189 551 1371 614 essemus,
1394 524 1581 600 voluimus
1605 541 1733 600 tamen

231 664 272 721 ut
299 648 546 722 advocaretur
575 650 668 723 Rms
697 647 736 723 P.
759 649 945 749 Magister
971 649 1010 725 S.
1032 650 1163 725 Palatii
1190 649 1338 747 Ap.lici,
1359 651 1425 749 qui
1442 652 1653 727 membrum
1672 669 1734 726 est

233 772 365 847 Nostri
394 772 564 872 Collegii.

930 985 1021 1067 450.

728 1129 867 1204 Electio
898 1129 1089 1204 Clementis
1116 1131 1237 1206 XIII.

312 1287 428 1360 (Atreu.
447 1287 532 1361 Ror,
557 1285 683 1346 «Liber
702 1285 735 1345 S.
754 1285 870 1362 Rotae,
887 1287 923 1360 2,
938 1295 1017 1362 pag.
1036 1285 1207 1362 Iso-451).

315 1455 450 1532 Hac...
472 1454 532 1528 die
562 1461 584 1527 6
614 1455 692 1529 lulii
722 1455 860 1558 (1758)
888 1470 977 1550 post
1004 1454 1202 1551 prandium
1236 1454 1271 1528 in
1301 1454 1458 1530 comitiis
1491 1456 1732 1552 vespertinis,

232 1595 384 1676 praeter
402 1603 636 1654 communem
655 1579 966 1676 expectationem,
988 1576 1132 1656 electus
1150 1579 1218 1652 luit
1237 1581 1272 1653 in
1291 1577 1488 1654 Summum
1514 1581 1732 1668 Pontificem

234 1705 352 1778 Enus
379 1731 423 1780 ac
451 1704 571 1778 Rmus
587 1704 635 1776 D.
653 1702 864 1777 Cardinalis
879 1703 1097 1792 Rezzonico,
1113 1720 1283 1792 venetus,
1300 1704 1503 1802 episcopus
1518 1704 1733 1792 Patavinus,
1829 1748 1830 1770 .

234 1831 298 1926 qui
326 1830 447 1904 luerat
476 1829 614 1904 Sacrae
642 1829 766 1904 Rotae
794 1828 1008 1905 Auditor...
1030 1845 1069 1902 et
1097 1829 1166 1904 sibi
1194 1854 1331 1904 nomen
1350 1829 1530 1927 imposuit
1558 1829 1735 1905 Clemen-

234 1955 281 2029 tis
309 1954 396 2029 Xlll
423 1955 459 2028 in
488 1955 705 2029 memoriam
735 1952 942 2029 Clementis
970 1953 1042 2026 XII
1060 1952 1126 2051 qui
1144 1953 1245 2030 illum
1264 1969 1460 2029 creaverat
1480 1954 1732 2032 Cardinalem.

932 2215 1024 2293 451.

233 2359 421 2434 Statuitur
438 2360 571 2457 regula
589 2360 635 2434 dr
655 2359 818 2458 gerendo
836 2357 952 2454 offiu'o
982 2357 1261 2434 Cauuranirtus
1287 2361 1327 2433 in
1354 2384 1442 2434 casu
1468 2359 1651 2433 abscuu'cu
1677 2360 1737 2434 vel

304 2486 480 2587 perpetui
502 2484 678 2560 ducemus
705 2485 903 2560 Auditum
932 2481 1153 2560 camerarii.

312 2641 430 2712 (Accu.
442 2639 537 2714 uon,
554 2639 721 2701 Dtcm'um
741 2641 937 2714 camerate).

929 2829 1041 2901 1759-

314 2949 489 3024 Officium
519 2949 797 3025 Camerariatus
825 2952 896 3025 hoc
923 2951 1076 3024 ineunte
1102 2973 1202 3025 anno
1230 2949 1317 3023 mihi
1353 2946 1519 3023 delatum
1556 2964 1619 3022 est
1654 2949 1733 3022 iure

232 3074 462 3148 antianitatis
489 3091 578 3172 post
607 3076 651 3150 R.
674 3076 712 3151 P.
733 3073 781 3151 D.
803 3095 927 3149 meum
957 3072 1123 3160 Stadion,
1146 3099 1223 3170 qno
1240 3074 1397 3147 absente
1424 3097 1495 3170 pro
1523 3073 1606 3147 eius
1634 3073 1732 3148 bien-

233 3199 295 3273 nio
325 3201 428 3273 vices
455 3199 577 3298 gessit
605 3201 724 3273 Rmus
755 3199 932 3274 Decanus
964 3201 1066 3273 iuxta
1102 3223 1245 3272 morem
1280 3199 1398 3272 nostri
1426 3197 1651 3274 'l'ribunalis
1685 3199 1733 3272 Et

232 3323 321 3424 quia
347 3325 384 3398 in
413 3325 513 3399 Rota
534 3349 580 3398 22
603 3325 723 3399 martii
749 3345 841 3419 1751
867 3325 917 3398 ob
935 3324 1144 3398 discessum
1172 3324 1264 3399 lllmi
1285 3323 1473 3422 Figueroa
1502 3321 1731 3424 DD[omini]

233 3465 461 3522 censuerunt
492 3449 598 3548 quod
626 3449 907 3524 Camerariatus
940 3448 1243 3546 provisionaliter
1278 3463 1477 3547 gereretur
1510 3450 1559 3522 ab
1595 3449 1733 3522 eodem

234 3573 332 3647 Rmo
361 3569 565 3678 Dec⁰[ano]
593 3597 663 3670 pro
690 3597 790 3649 anno
818 3574 891 3647 iam
919 3574 1104 3671 incoept0,
1134 3571 1297 3671 indeque
1325 3573 1506 3648 successit
1542 3573 1733 3648 biennium

233 3698 278 3772 R.
310 3698 348 3773 P.
380 3698 429 3773 D.
459 3699 532 3772 mei
560 3699 728 3783 Stadion,
750 3699 807 3772 cui
834 3723 909 3798 ego
938 3698 1117 3772 Urbanus
1145 3697 1357 3771 Paracciani
1384 3721 1432 3771 ex
1460 3697 1591 3771 ordine
1621 3699 1734 3772 sulle-

233 3838 316 3896 ctus
344 3846 447 3910 sum;
477 3823 567 3896 ldeo
596 3821 685 3897 DD.
706 3823 837 3897 suturis
865 3824 1013 3898 casibus
1042 3847 1210 3896 normam
1239 3821 1362 3896 daturi
1379 3839 1593 3919 opportune
1611 3823 1735 3898 decla·

232 3959 371 4032 rarunt,
389 3945 502 4019 alium
518 3970 605 4020 esse
624 3973 753 4021 casum
771 3947 975 4036 absentiae,
992 3947 1104 4020 aliurn
1123 3972 1215 4020 vero
1229 3971 1356 4021 casum
1371 3947 1496 4019 obitus
1510 3945 1571 4019 vel
1585 3970 1734 4043 promo·

232 4069 355 4158 tionis,
385 4069 436 4143 ita
463 4071 617 4167 quidem
644 4088 686 4145 ut
712 4075 749 4147 in
767 4073 888 4170 primo
907 4072 964 4146 ius
982 4088 1086 4147 esset
1106 4073 1203 4146 ano
1224 4071 1380 4145 Decano
1401 4086 1519 4146 totum
1539 4072 1734 4147 absentiae

234 4197 422 4272 biennium
438 4197 629 4284 conficere,
653 4223 762 4273 secus
776 4216 913 4284 autem,
936 4199 971 4273 in
987 4198 1164 4285 secund0,
1187 4197 1275 4295 quia
1289 4213 1466 4294 promoto
1479 4195 1539 4270 vel
1555 4198 1734 4271 defuncto

234 4321 402 4421 Collega,
424 4347 561 4398 annum
591 4324 851 4399 tantummodo
880 4325 1093 4420 incoeptum
1122 4324 1242 4398 Rmus
1268 4322 1443 4397 Decanus
1471 4320 1648 4419 explebit.

936 4588 1028 4667 452.

286 4731 390 4807 Nom·
404 4731 521 4804 Rotae
539 4731 698 4806 Notariz'
716 4729 872 4829 Collrgz'o
890 4733 1117 4806 Auditorum
1134 4731 1270 4806 solvere
1287 4731 1458 4806 debebant
1473 4739 1574 4806 scuta
1593 4753 1675 4806 rao.

311 4887 427 4960 (Aaou.
445 4885 531 4960 Ros,
557 4886 747 4946 «Diuersum
767 4887 943 4948 Camerata
957 4890 991 4962 ιι).

715 5049 845 5126 Lunae
875 5074 894 5146 5
926 5049 1101 5126 lebruarii
1135 5073 1245 5147 1759.

312 5281 351 5354 ln
371 5282 440 5356 hac
461 5281 560 5357 Rota
579 5281 772 5380 Philippus
794 5283 990 5379 Paparozzi
1010 5309 1130 5358 novus
1150 5283 1188 5358 S.
1206 5284 1324 5357 nostri
1343 5259 1530 5356 Auditorii
1549 5277 1730 5355 Notarius

230 5408 280 5480 ad
308 5405 545 5481 collationem
575 5407 672 5482 Ssriri
704 5409 778 5481 Drii
808 5431 972 5505 sequens
1000 5409 1169 5506 porrexit
1197 5406 1433 5482 Memoriale:
