<?xml version="1.0" encoding="UTF-8"?>
<!DOCTYPE html PUBLIC "-//W3C//DTD XHTML 1.0 Transitional//EN"
    "http://www.w3.org/TR/xhtml1/DTD/xhtml1-transitional.dtd">
<html xmlns="http://www.w3.org/1999/xhtml" xml:lang="en" lang="en">
 <head>
  <title>
</title>
<meta http-equiv="Content-Type" content="text/html;charset=utf-8" />
  <meta name='ocr-system' content='tesseract 3.04.00' />
  <meta name='ocr-capabilities' content='ocr_page ocr_carea ocr_par ocr_line ocrx_word'/>
</head>
<body>
  <div class='ocr_page' id='page_1' title='image "./capellanipapaee00cercgoog_0182.png"; bbox 0 0 3708 5918; ppageno 0'>
   <div class='ocr_carea' id='block_1_1' title="bbox 244 286 1105 350">
    <p class='ocr_par' dir='ltr' id='par_1_1' title="bbox 244 286 1105 350">
     <span class='ocr_line' id='line_1_1' title="bbox 244 286 1105 350; baseline 0.006 -5"><span class='ocrx_word' id='word_1_1' title='bbox 244 286 297 346; x_wconf 86' lang='grc'><strong>138</strong></span> <span class='ocrx_word' id='word_1_2' title='bbox 880 289 1018 349; x_wconf 73' lang='lat' dir='ltr'><strong>Saeculo</strong></span> <span class='ocrx_word' id='word_1_3' title='bbox 1036 289 1105 350; x_wconf 88' lang='lat' dir='ltr'><strong>XV</strong></span> 
     </span>
    </p>
   </div>
   <div class='ocr_carea' id='block_1_2' title="bbox 171 485 1839 5451">
    <p class='ocr_par' dir='ltr' id='par_1_2' title="bbox 171 485 1739 1190">
     <span class='ocr_line' id='line_1_2' title="bbox 243 485 1736 590; baseline 0.006 -33"><span class='ocrx_word' id='word_1_4' title='bbox 243 486 405 558; x_wconf 90' lang='lat' dir='ltr'><strong>nendum</strong></span> <span class='ocrx_word' id='word_1_5' title='bbox 434 485 667 560; x_wconf 88' lang='lat' dir='ltr'><strong>hesitationis</strong></span> <span class='ocrx_word' id='word_1_6' title='bbox 696 487 923 582; x_wconf 90' lang='lat' dir='ltr'><strong>scrupulum,</strong></span> <span class='ocrx_word' id='word_1_7' title='bbox 940 503 1042 561; x_wconf 91' lang='lat' dir='ltr'><strong>motu</strong></span> <span class='ocrx_word' id='word_1_8' title='bbox 1073 487 1180 562; x_wconf 84' lang='lat' dir='ltr'><strong>simili</strong></span> <span class='ocrx_word' id='word_1_9' title='bbox 1206 514 1339 564; x_wconf 92' lang='lat' dir='ltr'><strong>omnes</strong></span> <span class='ocrx_word' id='word_1_10' title='bbox 1366 505 1405 564; x_wconf 91' lang='lat' dir='ltr'><strong>et</strong></span> <span class='ocrx_word' id='word_1_11' title='bbox 1432 488 1601 590; x_wconf 81' lang='lat' dir='ltr'><strong>singulos</strong></span> <span class='ocrx_word' id='word_1_12' title='bbox 1620 493 1736 566; x_wconf 92' lang='lat' dir='ltr'><strong>Audi-</strong></span> 
     </span>
     <span class='ocr_line' id='line_1_3' title="bbox 241 609 1736 714; baseline 0.008 -34"><span class='ocrx_word' id='word_1_13' title='bbox 241 623 346 682; x_wconf 91' lang='lat' dir='ltr'><strong>tores</strong></span> <span class='ocrx_word' id='word_1_14' title='bbox 374 609 551 706; x_wconf 89' lang='lat' dir='ltr'><strong>prefatos,</strong></span> <span class='ocrx_word' id='word_1_15' title='bbox 583 627 779 707; x_wconf 87' lang='lat' dir='ltr'>presentes</span> <span class='ocrx_word' id='word_1_16' title='bbox 806 630 846 685; x_wconf 92' lang='lat' dir='ltr'><strong>et</strong></span> <span class='ocrx_word' id='word_1_17' title='bbox 873 612 1018 686; x_wconf 92' lang='lat' dir='ltr'><strong>futuros</strong></span> <span class='ocrx_word' id='word_1_18' title='bbox 1046 613 1223 709; x_wconf 87' lang='lat' dir='ltr'><strong>quamdiu</strong></span> <span class='ocrx_word' id='word_1_19' title='bbox 1253 615 1288 686; x_wconf 93' lang='lat' dir='ltr'><strong>in</strong></span> <span class='ocrx_word' id='word_1_20' title='bbox 1317 614 1489 689; x_wconf 90' lang='lat' dir='ltr'><strong>Romana</strong></span> <span class='ocrx_word' id='word_1_21' title='bbox 1518 614 1630 690; x_wconf 88' lang='lat' dir='ltr'><strong>Curia</strong></span> <span class='ocrx_word' id='word_1_22' title='bbox 1657 643 1736 714; x_wconf 92' lang='lat' dir='ltr'><strong>pre·</strong></span> 
     </span>
     <span class='ocr_line' id='line_1_4' title="bbox 242 735 1735 832; baseline 0.006 -27"><span class='ocrx_word' id='word_1_23' title='bbox 242 751 370 806; x_wconf 91' lang='lat' dir='ltr'><strong>sentes</strong></span> <span class='ocrx_word' id='word_1_24' title='bbox 393 749 534 820; x_wconf 85' lang='lat' dir='ltr'>essent,</span> <span class='ocrx_word' id='word_1_25' title='bbox 556 735 672 832; x_wconf 90' lang='lat' dir='ltr'><strong>ipsius</strong></span> <span class='ocrx_word' id='word_1_26' title='bbox 706 736 807 810; x_wconf 90' lang='lat' dir='ltr'><strong>sedis</strong></span> <span class='ocrx_word' id='word_1_27' title='bbox 834 735 1012 811; x_wconf 86' lang='lat' dir='ltr'><strong>officiales</strong></span> <span class='ocrx_word' id='word_1_28' title='bbox 1039 761 1083 810; x_wconf 88' lang='lat' dir='ltr'><strong>ac</strong></span> <span class='ocrx_word' id='word_1_29' title='bbox 1112 762 1202 812; x_wconf 90' lang='lat' dir='ltr'><strong>suos</strong></span> <span class='ocrx_word' id='word_1_30' title='bbox 1229 754 1270 812; x_wconf 92' lang='lat' dir='ltr'><strong>et</strong></span> <span class='ocrx_word' id='word_1_31' title='bbox 1297 764 1556 814; x_wconf 91' lang='lat' dir='ltr'><strong>successorum</strong></span> <span class='ocrx_word' id='word_1_32' title='bbox 1585 764 1735 815; x_wconf 93' lang='lat' dir='ltr'><strong>suorum</strong></span> 
     </span>
     <span class='ocr_line' id='line_1_5' title="bbox 171 842 1736 960; baseline 0.006 -31"><span class='ocrx_word' id='word_1_33' title='bbox 171 842 181 862; x_wconf 66' lang='lat'><strong>⁴</strong></span> <span class='ocrx_word' id='word_1_34' title='bbox 243 857 499 931; x_wconf 88' lang='lat' dir='ltr'><strong>Romanorum</strong></span> <span class='ocrx_word' id='word_1_35' title='bbox 534 859 750 955; x_wconf 87' lang='lat' dir='ltr'><strong>pontificum</strong></span> <span class='ocrx_word' id='word_1_36' title='bbox 778 885 822 934; x_wconf 92' lang='lat' dir='ltr'><strong>ac</strong></span> <span class='ocrx_word' id='word_1_37' title='bbox 850 862 951 935; x_wconf 89' lang='lat' dir='ltr'><strong>sedis</strong></span> <span class='ocrx_word' id='word_1_38' title='bbox 979 861 1191 936; x_wconf 89' lang='lat' dir='ltr'><strong>huiusmodi</strong></span> <span class='ocrx_word' id='word_1_39' title='bbox 1211 887 1323 938; x_wconf 89' lang='lat' dir='ltr'><strong>veros</strong></span> <span class='ocrx_word' id='word_1_40' title='bbox 1344 863 1570 960; x_wconf 89' lang='lat' dir='ltr'><strong>Capellanos</strong></span> <span class='ocrx_word' id='word_1_41' title='bbox 1594 889 1736 940; x_wconf 84' lang='lat' dir='ltr'>necnon</span> 
     </span>
     <span class='ocr_line' id='line_1_6' title="bbox 241 980 1739 1085; baseline 0.007 -33"><span class='ocrx_word' id='word_1_42' title='bbox 241 980 440 1055; x_wconf 83' lang='lat' dir='ltr'><strong>familiares</strong></span> <span class='ocrx_word' id='word_1_43' title='bbox 468 984 698 1058; x_wconf 89' lang='lat' dir='ltr'><strong>domesticos</strong></span> <span class='ocrx_word' id='word_1_44' title='bbox 736 999 774 1056; x_wconf 93' lang='lat' dir='ltr'><strong>et</strong></span> <span class='ocrx_word' id='word_1_45' title='bbox 801 985 997 1060; x_wconf 88' lang='lat' dir='ltr'><strong>continuos</strong></span> <span class='ocrx_word' id='word_1_46' title='bbox 1025 987 1298 1060; x_wconf 87' lang='lat' dir='ltr'><strong>commensales</strong></span> <span class='ocrx_word' id='word_1_47' title='bbox 1330 988 1409 1062; x_wconf 90' lang='lat' dir='ltr'><strong>fore</strong></span> <span class='ocrx_word' id='word_1_48' title='bbox 1445 1003 1560 1085; x_wconf 90' lang='lat' dir='ltr'><strong>atque</strong></span> <span class='ocrx_word' id='word_1_49' title='bbox 1597 993 1739 1064; x_wconf 86' lang='lat' dir='ltr'><strong>censeri</strong></span> 
     </span>
     <span class='ocr_line' id='line_1_7' title="bbox 243 1103 638 1190; baseline 0.015 -14"><span class='ocrx_word' id='word_1_50' title='bbox 243 1103 392 1190; x_wconf 89' lang='lat' dir='ltr'><strong>debere,</strong></span> <span class='ocrx_word' id='word_1_51' title='bbox 423 1107 638 1182; x_wconf 88' lang='lat' dir='ltr'><strong>declaravit.</strong></span> 
     </span>
    </p>

    <p class='ocr_par' dir='ltr' id='par_1_3' title="bbox 239 1233 1839 3578">
     <span class='ocr_line' id='line_1_8' title="bbox 323 1233 1740 1334; baseline 0.006 -30"><span class='ocrx_word' id='word_1_52' title='bbox 323 1233 380 1305; x_wconf 95' lang='lat' dir='ltr'><strong>Ac</strong></span> <span class='ocrx_word' id='word_1_53' title='bbox 409 1234 686 1328; x_wconf 86' lang='lat' dir='ltr'><strong>subsequenter</strong></span> <span class='ocrx_word' id='word_1_54' title='bbox 714 1233 906 1330; x_wconf 84' lang='lat' dir='ltr'><strong>Eugenius</strong></span> <span class='ocrx_word' id='word_1_55' title='bbox 925 1234 987 1318; x_wconf 92' lang='lat' dir='ltr'><strong>IV,</strong></span> <span class='ocrx_word' id='word_1_56' title='bbox 1013 1236 1260 1331; x_wconf 89' lang='lat' dir='ltr'><strong>predecessor</strong></span> <span class='ocrx_word' id='word_1_57' title='bbox 1287 1252 1416 1310; x_wconf 90' lang='lat' dir='ltr'><strong>noster</strong></span> <span class='ocrx_word' id='word_1_58' title='bbox 1435 1238 1627 1322; x_wconf 87' lang='lat' dir='ltr'><strong>Romanus</strong></span> <span class='ocrx_word' id='word_1_59' title='bbox 1646 1264 1740 1334; x_wconf 95' lang='lat' dir='ltr'><strong>pon-</strong></span> 
     </span>
     <span class='ocr_line' id='line_1_9' title="bbox 242 1355 1743 1456; baseline 0.005 -28"><span class='ocrx_word' id='word_1_60' title='bbox 242 1355 341 1439; x_wconf 84' lang='lat' dir='ltr'><strong>tifex,</strong></span> <span class='ocrx_word' id='word_1_61' title='bbox 357 1356 591 1430; x_wconf 87' lang='lat' dir='ltr'><strong>voluntatem</strong></span> <span class='ocrx_word' id='word_1_62' title='bbox 606 1373 644 1430; x_wconf 89' lang='lat' dir='ltr'><strong>et</strong></span> <span class='ocrx_word' id='word_1_63' title='bbox 659 1357 775 1453; x_wconf 91' lang='lat' dir='ltr'><strong>ipsius</strong></span> <span class='ocrx_word' id='word_1_64' title='bbox 791 1357 998 1433; x_wconf 83' lang='lat' dir='ltr'><strong>Alexandri</strong></span> <span class='ocrx_word' id='word_1_65' title='bbox 1010 1361 1291 1434; x_wconf 87' lang='lat' dir='ltr'><strong>concessionem</strong></span> <span class='ocrx_word' id='word_1_66' title='bbox 1307 1361 1496 1456; x_wconf 90' lang='lat' dir='ltr'><strong>predictas</strong></span> <span class='ocrx_word' id='word_1_67' title='bbox 1509 1362 1743 1437; x_wconf 90' lang='lat' dir='ltr'><strong>confirmavit</strong></span> 
     </span>
     <span class='ocr_line' id='line_1_10' title="bbox 239 1482 1740 1582; baseline 0.004 -29"><span class='ocrx_word' id='word_1_68' title='bbox 239 1497 281 1553; x_wconf 91' lang='lat' dir='ltr'><strong>et</strong></span> <span class='ocrx_word' id='word_1_69' title='bbox 308 1482 541 1577; x_wconf 87' lang='lat' dir='ltr'><strong>approbavit,</strong></span> <span class='ocrx_word' id='word_1_70' title='bbox 568 1482 748 1578; x_wconf 90' lang='lat' dir='ltr'><strong>quodque</strong></span> <span class='ocrx_word' id='word_1_71' title='bbox 773 1482 976 1557; x_wconf 91' lang='lat' dir='ltr'><strong>Auditores</strong></span> <span class='ocrx_word' id='word_1_72' title='bbox 1004 1485 1137 1580; x_wconf 90' lang='lat' dir='ltr'><strong>prefati</strong></span> <span class='ocrx_word' id='word_1_73' title='bbox 1161 1486 1351 1582; x_wconf 86' lang='lat' dir='ltr'><strong>quamdiu,</strong></span> <span class='ocrx_word' id='word_1_74' title='bbox 1373 1503 1413 1559; x_wconf 92' lang='lat' dir='ltr'><strong>ut</strong></span> <span class='ocrx_word' id='word_1_75' title='bbox 1440 1488 1677 1582; x_wconf 90' lang='lat' dir='ltr'><strong>premittitur,</strong></span> <span class='ocrx_word' id='word_1_76' title='bbox 1704 1490 1740 1560; x_wconf 93' lang='lat' dir='ltr'><strong>in</strong></span> 
     </span>
     <span class='ocr_line' id='line_1_11' title="bbox 241 1606 1741 1706; baseline 0.005 -28"><span class='ocrx_word' id='word_1_77' title='bbox 241 1606 323 1703; x_wconf 88' lang='lat' dir='ltr'><strong>ipsa</strong></span> <span class='ocrx_word' id='word_1_78' title='bbox 339 1607 452 1682; x_wconf 89' lang='lat' dir='ltr'><strong>Curia</strong></span> <span class='ocrx_word' id='word_1_79' title='bbox 465 1624 663 1705; x_wconf 85' lang='lat' dir='ltr'><strong>presentes</strong></span> <span class='ocrx_word' id='word_1_80' title='bbox 682 1609 814 1690; x_wconf 89' lang='lat' dir='ltr'><strong>forent,</strong></span> <span class='ocrx_word' id='word_1_81' title='bbox 830 1609 866 1681; x_wconf 93' lang='lat' dir='ltr'><strong>in</strong></span> <span class='ocrx_word' id='word_1_82' title='bbox 881 1611 1133 1706; x_wconf 89' lang='lat' dir='ltr'><strong>quorumlibet</strong></span> <span class='ocrx_word' id='word_1_83' title='bbox 1151 1611 1486 1687; x_wconf 89' lang='lat' dir='ltr'><strong>ecclesiasticorum</strong></span> <span class='ocrx_word' id='word_1_84' title='bbox 1504 1613 1741 1687; x_wconf 89' lang='lat' dir='ltr'><strong>assecutione</strong></span> 
     </span>
     <span class='ocr_line' id='line_1_12' title="bbox 241 1732 1741 1834; baseline 0.003 -28"><span class='ocrx_word' id='word_1_85' title='bbox 241 1732 505 1808; x_wconf 92' lang='lat' dir='ltr'><strong>beneficiorum</strong></span> <span class='ocrx_word' id='word_1_86' title='bbox 524 1735 697 1807; x_wconf 88' lang='lat' dir='ltr'><strong>omnibus</strong></span> <span class='ocrx_word' id='word_1_87' title='bbox 716 1750 755 1807; x_wconf 91' lang='lat' dir='ltr'><strong>et</strong></span> <span class='ocrx_word' id='word_1_88' title='bbox 774 1734 929 1831; x_wconf 87' lang='lat' dir='ltr'><strong>singulis</strong></span> <span class='ocrx_word' id='word_1_89' title='bbox 948 1760 1024 1831; x_wconf 90' lang='lat' dir='ltr'><strong>que</strong></span> <span class='ocrx_word' id='word_1_90' title='bbox 1038 1733 1224 1808; x_wconf 90' lang='lat' dir='ltr'><strong>nonnullis</strong></span> <span class='ocrx_word' id='word_1_91' title='bbox 1239 1734 1355 1832; x_wconf 91' lang='lat' dir='ltr'><strong>ipsius</strong></span> <span class='ocrx_word' id='word_1_92' title='bbox 1371 1736 1530 1834; x_wconf 85' lang='lat' dir='ltr'><strong>Eugenii</strong></span> <span class='ocrx_word' id='word_1_93' title='bbox 1545 1739 1741 1833; x_wconf 90' lang='lat' dir='ltr'><strong>predeces-</strong></span> 
     </span>
     <span class='ocr_line' id='line_1_13' title="bbox 240 1858 1741 1958; baseline 0.004 -28"><span class='ocrx_word' id='word_1_94' title='bbox 240 1858 338 1931; x_wconf 90' lang='lat' dir='ltr'><strong>soris</strong></span> <span class='ocrx_word' id='word_1_95' title='bbox 366 1858 605 1934; x_wconf 83' lang='lat' dir='ltr'><strong>familiaribus</strong></span> <span class='ocrx_word' id='word_1_96' title='bbox 633 1860 817 1932; x_wconf 91' lang='lat' dir='ltr'><strong>continuis</strong></span> <span class='ocrx_word' id='word_1_97' title='bbox 849 1861 1161 1934; x_wconf 86' lang='lat' dir='ltr'><strong>commensalibus</strong></span> <span class='ocrx_word' id='word_1_98' title='bbox 1199 1861 1236 1933; x_wconf 93' lang='lat' dir='ltr'><strong>in</strong></span> <span class='ocrx_word' id='word_1_99' title='bbox 1266 1861 1498 1936; x_wconf 89' lang='lat' dir='ltr'><strong>Cancellaria</strong></span> <span class='ocrx_word' id='word_1_100' title='bbox 1533 1863 1741 1958; x_wconf 89' lang='lat' dir='ltr'><strong>apostolica</strong></span> 
     </span>
     <span class='ocr_line' id='line_1_14' title="bbox 241 1982 1741 2080; baseline 0.004 -27"><span class='ocrx_word' id='word_1_101' title='bbox 241 1982 440 2078; x_wconf 89' lang='lat' dir='ltr'><strong>descriptis</strong></span> <span class='ocrx_word' id='word_1_102' title='bbox 469 1985 712 2079; x_wconf 89' lang='lat' dir='ltr'><strong>ipsorumque</strong></span> <span class='ocrx_word' id='word_1_103' title='bbox 740 1985 957 2080; x_wconf 87' lang='lat' dir='ltr'><strong>pontificum</strong></span> <span class='ocrx_word' id='word_1_104' title='bbox 985 2009 1028 2057; x_wconf 94' lang='lat' dir='ltr'><strong>ac</strong></span> <span class='ocrx_word' id='word_1_105' title='bbox 1057 1983 1159 2057; x_wconf 91' lang='lat' dir='ltr'><strong>sedis</strong></span> <span class='ocrx_word' id='word_1_106' title='bbox 1196 1987 1296 2059; x_wconf 90' lang='lat' dir='ltr'><strong>veris</strong></span> <span class='ocrx_word' id='word_1_107' title='bbox 1333 1984 1573 2060; x_wconf 87' lang='lat' dir='ltr'><strong>familiaribus</strong></span> <span class='ocrx_word' id='word_1_108' title='bbox 1608 1986 1741 2060; x_wconf 90' lang='lat' dir='ltr'><strong>dome-</strong></span> 
     </span>
     <span class='ocr_line' id='line_1_15' title="bbox 241 2106 1742 2209; baseline 0.004 -31"><span class='ocrx_word' id='word_1_109' title='bbox 241 2108 342 2179; x_wconf 91' lang='lat' dir='ltr'><strong>sticis</strong></span> <span class='ocrx_word' id='word_1_110' title='bbox 370 2122 409 2180; x_wconf 95' lang='lat' dir='ltr'><strong>et</strong></span> <span class='ocrx_word' id='word_1_111' title='bbox 438 2107 622 2206; x_wconf 85' lang='lat' dir='ltr'><strong>continuis</strong></span> <span class='ocrx_word' id='word_1_112' title='bbox 649 2106 963 2183; x_wconf 90' lang='lat' dir='ltr'><strong>commensalibus</strong></span> <span class='ocrx_word' id='word_1_113' title='bbox 1000 2133 1047 2182; x_wconf 88' lang='lat' dir='ltr'><strong>ex</strong></span> <span class='ocrx_word' id='word_1_114' title='bbox 1075 2109 1299 2206; x_wconf 88' lang='lat' dir='ltr'><strong>quibusdam</strong></span> <span class='ocrx_word' id='word_1_115' title='bbox 1329 2124 1417 2184; x_wconf 90' lang='lat' dir='ltr'><strong>tunc</strong></span> <span class='ocrx_word' id='word_1_116' title='bbox 1444 2111 1635 2209; x_wconf 84' lang='lat' dir='ltr'><strong>expressis</strong></span> <span class='ocrx_word' id='word_1_117' title='bbox 1663 2129 1742 2185; x_wconf 88' lang='lat' dir='ltr'><strong>sta·</strong></span> 
     </span>
     <span class='ocr_line' id='line_1_16' title="bbox 240 2233 1740 2334; baseline 0.005 -31"><span class='ocrx_word' id='word_1_118' title='bbox 240 2246 336 2318; x_wconf 89' lang='lat' dir='ltr'><strong>tuto,</strong></span> <span class='ocrx_word' id='word_1_119' title='bbox 356 2233 591 2306; x_wconf 92' lang='lat' dir='ltr'><strong>ordinatione</strong></span> <span class='ocrx_word' id='word_1_120' title='bbox 610 2249 650 2306; x_wconf 92' lang='lat' dir='ltr'><strong>et</strong></span> <span class='ocrx_word' id='word_1_121' title='bbox 676 2235 830 2308; x_wconf 90' lang='lat' dir='ltr'><strong>decreto</strong></span> <span class='ocrx_word' id='word_1_122' title='bbox 863 2233 941 2308; x_wconf 90' lang='lat' dir='ltr'><strong>sive</strong></span> <span class='ocrx_word' id='word_1_123' title='bbox 969 2235 1235 2309; x_wconf 88' lang='lat' dir='ltr'><strong>constitutione</strong></span> <span class='ocrx_word' id='word_1_124' title='bbox 1262 2259 1331 2332; x_wconf 90' lang='lat' dir='ltr'><strong>per</strong></span> <span class='ocrx_word' id='word_1_125' title='bbox 1359 2236 1498 2310; x_wconf 91' lang='lat' dir='ltr'><strong>dictum</strong></span> <span class='ocrx_word' id='word_1_126' title='bbox 1527 2236 1740 2334; x_wconf 84' lang='lat' dir='ltr'><strong>Eugenium</strong></span> 
     </span>
     <span class='ocr_line' id='line_1_17' title="bbox 242 2356 1743 2456; baseline 0.004 -28"><span class='ocrx_word' id='word_1_127' title='bbox 242 2356 551 2452; x_wconf 89' lang='lat' dir='ltr'><strong>predecessorem</strong></span> <span class='ocrx_word' id='word_1_128' title='bbox 588 2359 623 2431; x_wconf 92' lang='lat' dir='ltr'><strong>in</strong></span> <span class='ocrx_word' id='word_1_129' title='bbox 659 2357 827 2432; x_wconf 89' lang='lat' dir='ltr'><strong>savorem</strong></span> <span class='ocrx_word' id='word_1_130' title='bbox 864 2359 1094 2432; x_wconf 89' lang='lat' dir='ltr'><strong>familiarium</strong></span> <span class='ocrx_word' id='word_1_131' title='bbox 1132 2383 1286 2434; x_wconf 92' lang='lat' dir='ltr'><strong>suorum</strong></span> <span class='ocrx_word' id='word_1_132' title='bbox 1314 2360 1588 2456; x_wconf 88' lang='lat' dir='ltr'><strong>descriptorum</strong></span> <span class='ocrx_word' id='word_1_133' title='bbox 1616 2362 1743 2456; x_wconf 91' lang='lat' dir='ltr'><strong>predi-</strong></span> 
     </span>
     <span class='ocr_line' id='line_1_18' title="bbox 241 2483 1744 2583; baseline 0.005 -30"><span class='ocrx_word' id='word_1_134' title='bbox 241 2496 388 2556; x_wconf 88' lang='lat' dir='ltr'><strong>ctorum</strong></span> <span class='ocrx_word' id='word_1_135' title='bbox 416 2483 525 2556; x_wconf 91' lang='lat' dir='ltr'><strong>editis</strong></span> <span class='ocrx_word' id='word_1_136' title='bbox 553 2506 698 2558; x_wconf 89' lang='lat' dir='ltr'><strong>necnon</strong></span> <span class='ocrx_word' id='word_1_137' title='bbox 726 2483 920 2579; x_wconf 90' lang='lat' dir='ltr'><strong>quibusvis</strong></span> <span class='ocrx_word' id='word_1_138' title='bbox 947 2483 1028 2556; x_wconf 88' lang='lat' dir='ltr'><strong>aliis</strong></span> <span class='ocrx_word' id='word_1_139' title='bbox 1057 2485 1136 2558; x_wconf 91' lang='lat' dir='ltr'><strong>suis</strong></span> <span class='ocrx_word' id='word_1_140' title='bbox 1163 2484 1383 2558; x_wconf 91' lang='lat' dir='ltr'><strong>eorumdem</strong></span> <span class='ocrx_word' id='word_1_141' title='bbox 1411 2485 1628 2581; x_wconf 87' lang='lat' dir='ltr'><strong>pontificum</strong></span> <span class='ocrx_word' id='word_1_142' title='bbox 1648 2511 1744 2583; x_wconf 91' lang='lat' dir='ltr'><strong>apo·</strong></span> 
     </span>
     <span class='ocr_line' id='line_1_19' title="bbox 240 2603 1742 2709; baseline 0.005 -33"><span class='ocrx_word' id='word_1_143' title='bbox 240 2603 381 2678; x_wconf 91' lang='lat' dir='ltr'><strong>stolicis</strong></span> <span class='ocrx_word' id='word_1_144' title='bbox 410 2605 752 2682; x_wconf 90' lang='lat' dir='ltr'><strong>Constitutionibus</strong></span> <span class='ocrx_word' id='word_1_145' title='bbox 781 2608 1065 2703; x_wconf 89' lang='lat' dir='ltr'><strong>quomodolibet</strong></span> <span class='ocrx_word' id='word_1_146' title='bbox 1097 2624 1314 2704; x_wconf 89' lang='lat' dir='ltr'><strong>competere</strong></span> <span class='ocrx_word' id='word_1_147' title='bbox 1341 2624 1381 2682; x_wconf 91' lang='lat' dir='ltr'><strong>et</strong></span> <span class='ocrx_word' id='word_1_148' title='bbox 1407 2609 1605 2709; x_wconf 85' lang='lat' dir='ltr'><strong>suffragari</strong></span> <span class='ocrx_word' id='word_1_149' title='bbox 1637 2626 1742 2707; x_wconf 91' lang='lat' dir='ltr'><strong>pote-</strong></span> 
     </span>
     <span class='ocr_line' id='line_1_20' title="bbox 241 2719 1839 2833; baseline 0.004 -31"><span class='ocrx_word' id='word_1_150' title='bbox 241 2744 335 2816; x_wconf 90' lang='lat' dir='ltr'><strong>rant,</strong></span> <span class='ocrx_word' id='word_1_151' title='bbox 351 2731 574 2812; x_wconf 85' lang='lat' dir='ltr'><strong>auctoritate</strong></span> <span class='ocrx_word' id='word_1_152' title='bbox 587 2731 794 2829; x_wconf 92' lang='lat' dir='ltr'><strong>apostolica</strong></span> <span class='ocrx_word' id='word_1_153' title='bbox 808 2731 1013 2807; x_wconf 88' lang='lat' dir='ltr'><strong>declaravit</strong></span> <span class='ocrx_word' id='word_1_154' title='bbox 1029 2749 1153 2830; x_wconf 91' lang='lat' dir='ltr'><strong>prout,</strong></span> <span class='ocrx_word' id='word_1_155' title='bbox 1170 2735 1206 2806; x_wconf 95' lang='lat' dir='ltr'><strong>in</strong></span> <span class='ocrx_word' id='word_1_156' title='bbox 1221 2733 1377 2833; x_wconf 84' lang='lat' dir='ltr'><strong>singulis</strong></span> <span class='ocrx_word' id='word_1_157' title='bbox 1390 2735 1575 2810; x_wconf 91' lang='lat' dir='ltr'><strong>dictorum</strong></span> <span class='ocrx_word' id='word_1_158' title='bbox 1591 2736 1743 2810; x_wconf 87' lang='lat' dir='ltr'><strong>Martini</strong></span> <span class='ocrx_word' id='word_1_159' title='bbox 1838 2719 1839 2726; x_wconf 8' lang='grc' dir='ltr'>ἵ</span> 
     </span>
     <span class='ocr_line' id='line_1_21' title="bbox 239 2855 1743 2954; baseline 0.005 -27"><span class='ocrx_word' id='word_1_160' title='bbox 239 2869 281 2928; x_wconf 93' lang='lat' dir='ltr'><strong>et</strong></span> <span class='ocrx_word' id='word_1_161' title='bbox 307 2855 468 2953; x_wconf 85' lang='lat' dir='ltr'><strong>Eugenii</strong></span> <span class='ocrx_word' id='word_1_162' title='bbox 495 2857 804 2953; x_wconf 89' lang='lat' dir='ltr'><strong>predecessorum</strong></span> <span class='ocrx_word' id='word_1_163' title='bbox 841 2883 885 2933; x_wconf 92' lang='lat' dir='ltr'><strong>ac</strong></span> <span class='ocrx_word' id='word_1_164' title='bbox 914 2859 1138 2954; x_wconf 90' lang='lat' dir='ltr'><strong>quibusdam</strong></span> <span class='ocrx_word' id='word_1_165' title='bbox 1175 2860 1273 2933; x_wconf 93' lang='lat' dir='ltr'><strong>bone</strong></span> <span class='ocrx_word' id='word_1_166' title='bbox 1310 2859 1489 2933; x_wconf 87' lang='lat' dir='ltr'><strong>memorie</strong></span> <span class='ocrx_word' id='word_1_167' title='bbox 1527 2859 1743 2934; x_wconf 89' lang='lat' dir='ltr'><strong>Baldasaris</strong></span> 
     </span>
     <span class='ocr_line' id='line_1_22' title="bbox 240 2979 1743 3080; baseline 0.005 -29"><span class='ocrx_word' id='word_1_168' title='bbox 240 2979 416 3076; x_wconf 86' lang='lat' dir='ltr'><strong>Episcopi</strong></span> <span class='ocrx_word' id='word_1_169' title='bbox 427 2981 628 3056; x_wconf 88' lang='lat' dir='ltr'><strong>Tusculani</strong></span> <span class='ocrx_word' id='word_1_170' title='bbox 643 2984 708 3079; x_wconf 94' lang='lat' dir='ltr'><strong>qui</strong></span> <span class='ocrx_word' id='word_1_171' title='bbox 721 2985 758 3056; x_wconf 94' lang='lat' dir='ltr'><strong>in</strong></span> <span class='ocrx_word' id='word_1_172' title='bbox 772 2983 942 3080; x_wconf 86' lang='lat' dir='ltr'><strong>predicta</strong></span> <span class='ocrx_word' id='word_1_173' title='bbox 955 2983 1167 3058; x_wconf 89' lang='lat' dir='ltr'><strong>obedientia</strong></span> <span class='ocrx_word' id='word_1_174' title='bbox 1181 2984 1363 3058; x_wconf 88' lang='lat' dir='ltr'><strong>successit</strong></span> <span class='ocrx_word' id='word_1_175' title='bbox 1375 2985 1743 3060; x_wconf 91' lang='lat' dir='ltr'><strong>etlohannesXXIll</strong></span> 
     </span>
     <span class='ocr_line' id='line_1_23' title="bbox 241 3105 1743 3204; baseline 0.005 -29"><span class='ocrx_word' id='word_1_176' title='bbox 241 3105 511 3190; x_wconf 88' lang='lat' dir='ltr'><strong>nominabatur,</strong></span> <span class='ocrx_word' id='word_1_177' title='bbox 542 3131 657 3204; x_wconf 91' lang='lat' dir='ltr'><strong>super</strong></span> <span class='ocrx_word' id='word_1_178' title='bbox 683 3106 876 3182; x_wconf 89' lang='lat' dir='ltr'><strong>voluntate</strong></span> <span class='ocrx_word' id='word_1_179' title='bbox 905 3123 944 3180; x_wconf 90' lang='lat' dir='ltr'><strong>et</strong></span> <span class='ocrx_word' id='word_1_180' title='bbox 971 3108 1088 3203; x_wconf 92' lang='lat' dir='ltr'><strong>ipsius</strong></span> <span class='ocrx_word' id='word_1_181' title='bbox 1116 3107 1321 3181; x_wconf 85' lang='lat' dir='ltr'><strong>Alexandri</strong></span> <span class='ocrx_word' id='word_1_182' title='bbox 1344 3109 1586 3183; x_wconf 89' lang='lat' dir='ltr'><strong>concessione</strong></span> <span class='ocrx_word' id='word_1_183' title='bbox 1619 3109 1743 3182; x_wconf 89' lang='lat' dir='ltr'><strong>huius-</strong></span> 
     </span>
     <span class='ocr_line' id='line_1_24' title="bbox 241 3229 1744 3332; baseline 0.003 -30"><span class='ocrx_word' id='word_1_184' title='bbox 241 3229 342 3304; x_wconf 93' lang='lat' dir='ltr'><strong>modi</strong></span> <span class='ocrx_word' id='word_1_185' title='bbox 370 3231 548 3306; x_wconf 93' lang='lat' dir='ltr'><strong>confectis</strong></span> <span class='ocrx_word' id='word_1_186' title='bbox 575 3231 709 3305; x_wconf 90' lang='lat' dir='ltr'><strong>litteris</strong></span> <span class='ocrx_word' id='word_1_187' title='bbox 723 3233 821 3327; x_wconf 91' lang='lat' dir='ltr'><strong>(cum</strong></span> <span class='ocrx_word' id='word_1_188' title='bbox 850 3233 971 3308; x_wconf 92' lang='lat' dir='ltr'><strong>dictus</strong></span> <span class='ocrx_word' id='word_1_189' title='bbox 999 3231 1217 3308; x_wconf 89' lang='lat' dir='ltr'><strong>Alexander</strong></span> <span class='ocrx_word' id='word_1_190' title='bbox 1242 3248 1446 3328; x_wconf 87' lang='lat' dir='ltr'><strong>antequam</strong></span> <span class='ocrx_word' id='word_1_191' title='bbox 1470 3234 1551 3308; x_wconf 91' lang='lat' dir='ltr'><strong>eius</strong></span> <span class='ocrx_word' id='word_1_192' title='bbox 1578 3235 1744 3332; x_wconf 88' lang='lat' dir='ltr'><strong>desuper</strong></span> 
     </span>
     <span class='ocr_line' id='line_1_25' title="bbox 239 3353 1743 3454; baseline 0.005 -28"><span class='ocrx_word' id='word_1_193' title='bbox 239 3353 362 3429; x_wconf 91' lang='lat' dir='ltr'><strong>littere</strong></span> <span class='ocrx_word' id='word_1_194' title='bbox 389 3355 662 3430; x_wconf 89' lang='lat' dir='ltr'><strong>conficerentur</strong></span> <span class='ocrx_word' id='word_1_195' title='bbox 688 3356 737 3429; x_wconf 91' lang='lat' dir='ltr'><strong>ab</strong></span> <span class='ocrx_word' id='word_1_196' title='bbox 765 3355 833 3430; x_wconf 89' lang='lat' dir='ltr'><strong>hac</strong></span> <span class='ocrx_word' id='word_1_197' title='bbox 853 3361 935 3430; x_wconf 91' lang='lat' dir='ltr'><strong>luce</strong></span> <span class='ocrx_word' id='word_1_198' title='bbox 953 3357 1178 3454; x_wconf 85' lang='lat' dir='ltr'><strong>migrasset),</strong></span> <span class='ocrx_word' id='word_1_199' title='bbox 1201 3380 1360 3453; x_wconf 89' lang='lat' dir='ltr'><strong>quarum</strong></span> <span class='ocrx_word' id='word_1_200' title='bbox 1388 3373 1538 3432; x_wconf 90' lang='lat' dir='ltr'><strong>tenores</strong></span> <span class='ocrx_word' id='word_1_201' title='bbox 1557 3359 1605 3432; x_wconf 91' lang='lat' dir='ltr'><strong>de</strong></span> <span class='ocrx_word' id='word_1_202' title='bbox 1625 3359 1743 3433; x_wconf 93' lang='lat' dir='ltr'><strong>verbo</strong></span> 
     </span>
     <span class='ocr_line' id='line_1_26' title="bbox 239 3479 1741 3578; baseline 0.004 -27"><span class='ocrx_word' id='word_1_203' title='bbox 239 3481 288 3552; x_wconf 94' lang='lat' dir='ltr'><strong>ad</strong></span> <span class='ocrx_word' id='word_1_204' title='bbox 309 3481 463 3554; x_wconf 93' lang='lat' dir='ltr'><strong>verbum</strong></span> <span class='ocrx_word' id='word_1_205' title='bbox 489 3481 727 3576; x_wconf 90' lang='lat' dir='ltr'><strong>presentibus</strong></span> <span class='ocrx_word' id='word_1_206' title='bbox 746 3479 874 3554; x_wconf 91' lang='lat' dir='ltr'><strong>haberi</strong></span> <span class='ocrx_word' id='word_1_207' title='bbox 892 3481 1066 3555; x_wconf 93' lang='lat' dir='ltr'><strong>volumus</strong></span> <span class='ocrx_word' id='word_1_208' title='bbox 1085 3504 1155 3576; x_wconf 94' lang='lat' dir='ltr'><strong>pro</strong></span> <span class='ocrx_word' id='word_1_209' title='bbox 1174 3481 1333 3567; x_wconf 89' lang='lat' dir='ltr'><strong>insertis,</strong></span> <span class='ocrx_word' id='word_1_210' title='bbox 1354 3481 1500 3578; x_wconf 89' lang='lat' dir='ltr'><strong>plenius</strong></span> <span class='ocrx_word' id='word_1_211' title='bbox 1518 3483 1741 3558; x_wconf 87' lang='lat' dir='ltr'><strong>continetur.</strong></span> 
     </span>
    </p>

    <p class='ocr_par' dir='ltr' id='par_1_4' title="bbox 237 3605 1744 5451">
     <span class='ocr_line' id='line_1_27' title="bbox 322 3605 1742 3704; baseline 0.004 -27"><span class='ocrx_word' id='word_1_212' title='bbox 322 3605 566 3679; x_wconf 90' lang='lat' dir='ltr'><strong>Postmodum</strong></span> <span class='ocrx_word' id='word_1_213' title='bbox 582 3629 672 3678; x_wconf 93' lang='lat' dir='ltr'><strong>vero</strong></span> <span class='ocrx_word' id='word_1_214' title='bbox 687 3629 766 3692; x_wconf 94' lang='lat' dir='ltr'><strong>nos,</strong></span> <span class='ocrx_word' id='word_1_215' title='bbox 783 3607 847 3701; x_wconf 91' lang='lat' dir='ltr'><strong>qui</strong></span> <span class='ocrx_word' id='word_1_216' title='bbox 866 3607 966 3680; x_wconf 91' lang='lat' dir='ltr'><strong>dicto</strong></span> <span class='ocrx_word' id='word_1_217' title='bbox 981 3606 1154 3704; x_wconf 84' lang='lat' dir='ltr'><strong>Eugenio</strong></span> <span class='ocrx_word' id='word_1_218' title='bbox 1173 3607 1454 3702; x_wconf 89' lang='lat' dir='ltr'><strong>predecessore,</strong></span> <span class='ocrx_word' id='word_1_219' title='bbox 1473 3608 1570 3683; x_wconf 89' lang='lat' dir='ltr'><strong>sicut</strong></span> <span class='ocrx_word' id='word_1_220' title='bbox 1588 3609 1742 3682; x_wconf 92' lang='lat' dir='ltr'><strong>domino</strong></span> 
     </span>
     <span class='ocr_line' id='line_1_28' title="bbox 241 3728 1742 3830; baseline 0.003 -27"><span class='ocrx_word' id='word_1_221' title='bbox 241 3728 380 3826; x_wconf 90' lang='lat' dir='ltr'><strong>placuit</strong></span> <span class='ocrx_word' id='word_1_222' title='bbox 408 3730 556 3804; x_wconf 91' lang='lat' dir='ltr'><strong>sublato</strong></span> <span class='ocrx_word' id='word_1_223' title='bbox 585 3731 633 3804; x_wconf 92' lang='lat' dir='ltr'><strong>de</strong></span> <span class='ocrx_word' id='word_1_224' title='bbox 660 3731 795 3818; x_wconf 91' lang='lat' dir='ltr'><strong>medi0,</strong></span> <span class='ocrx_word' id='word_1_225' title='bbox 818 3731 941 3804; x_wconf 92' lang='lat' dir='ltr'><strong>divina</strong></span> <span class='ocrx_word' id='word_1_226' title='bbox 970 3730 1117 3804; x_wconf 90' lang='lat' dir='ltr'><strong>favente</strong></span> <span class='ocrx_word' id='word_1_227' title='bbox 1146 3731 1343 3806; x_wconf 89' lang='lat' dir='ltr'><strong>clementia</strong></span> <span class='ocrx_word' id='word_1_228' title='bbox 1369 3733 1418 3806; x_wconf 93' lang='lat' dir='ltr'><strong>ad</strong></span> <span class='ocrx_word' id='word_1_229' title='bbox 1441 3734 1585 3830; x_wconf 91' lang='lat' dir='ltr'><strong>apicem</strong></span> <span class='ocrx_word' id='word_1_230' title='bbox 1605 3736 1742 3808; x_wconf 90' lang='lat' dir='ltr'><strong>summi</strong></span> 
     </span>
     <span class='ocr_line' id='line_1_29' title="bbox 240 3854 1742 3952; baseline 0.002 -23"><span class='ocrx_word' id='word_1_231' title='bbox 240 3854 492 3952; x_wconf 88' lang='lat' dir='ltr'><strong>Apostolatus</strong></span> <span class='ocrx_word' id='word_1_232' title='bbox 521 3855 706 3951; x_wconf 88' lang='lat' dir='ltr'><strong>assumpti</strong></span> <span class='ocrx_word' id='word_1_233' title='bbox 731 3854 879 3938; x_wconf 89' lang='lat' dir='ltr'><strong>fuimus,</strong></span> <span class='ocrx_word' id='word_1_234' title='bbox 911 3855 1096 3930; x_wconf 91' lang='lat' dir='ltr'><strong>nonnullis</strong></span> <span class='ocrx_word' id='word_1_235' title='bbox 1126 3874 1212 3929; x_wconf 91' lang='lat' dir='ltr'><strong>tunc</strong></span> <span class='ocrx_word' id='word_1_236' title='bbox 1240 3857 1431 3952; x_wconf 90' lang='lat' dir='ltr'><strong>expressis</strong></span> <span class='ocrx_word' id='word_1_237' title='bbox 1458 3857 1494 3930; x_wconf 92' lang='lat' dir='ltr'><strong>in</strong></span> <span class='ocrx_word' id='word_1_238' title='bbox 1523 3873 1626 3932; x_wconf 92' lang='lat' dir='ltr'><strong>certo</strong></span> <span class='ocrx_word' id='word_1_239' title='bbox 1645 3859 1742 3932; x_wconf 90' lang='lat' dir='ltr'><strong>libro</strong></span> 
     </span>
     <span class='ocr_line' id='line_1_30' title="bbox 240 3979 1743 4076; baseline 0.003 -22"><span class='ocrx_word' id='word_1_240' title='bbox 240 3982 339 4054; x_wconf 90' lang='lat' dir='ltr'><strong>dicte</strong></span> <span class='ocrx_word' id='word_1_241' title='bbox 369 3979 597 4054; x_wconf 90' lang='lat' dir='ltr'><strong>Cancellarie</strong></span> <span class='ocrx_word' id='word_1_242' title='bbox 625 3979 821 4076; x_wconf 92' lang='lat' dir='ltr'><strong>descriptis</strong></span> <span class='ocrx_word' id='word_1_243' title='bbox 850 3980 1089 4055; x_wconf 90' lang='lat' dir='ltr'><strong>familiaribus</strong></span> <span class='ocrx_word' id='word_1_244' title='bbox 1122 3983 1260 4054; x_wconf 91' lang='lat' dir='ltr'><strong>nostris</strong></span> <span class='ocrx_word' id='word_1_245' title='bbox 1296 3982 1480 4056; x_wconf 90' lang='lat' dir='ltr'><strong>continuis</strong></span> <span class='ocrx_word' id='word_1_246' title='bbox 1512 4007 1743 4058; x_wconf 91' lang='lat' dir='ltr'><strong>commensa-</strong></span> 
     </span>
     <span class='ocr_line' id='line_1_31' title="bbox 238 4105 1743 4204; baseline 0.003 -26"><span class='ocrx_word' id='word_1_247' title='bbox 238 4106 336 4180; x_wconf 92' lang='lat' dir='ltr'><strong>libus</strong></span> <span class='ocrx_word' id='word_1_248' title='bbox 355 4105 621 4188; x_wconf 89' lang='lat' dir='ltr'><strong>concessimus,</strong></span> <span class='ocrx_word' id='word_1_249' title='bbox 642 4105 746 4201; x_wconf 93' lang='lat' dir='ltr'><strong>quod</strong></span> <span class='ocrx_word' id='word_1_250' title='bbox 764 4105 931 4200; x_wconf 91' lang='lat' dir='ltr'><strong>ipsorum</strong></span> <span class='ocrx_word' id='word_1_251' title='bbox 951 4105 1087 4204; x_wconf 86' lang='lat' dir='ltr'><strong>singuli</strong></span> <span class='ocrx_word' id='word_1_252' title='bbox 1106 4105 1142 4176; x_wconf 90' lang='lat' dir='ltr'><strong>in</strong></span> <span class='ocrx_word' id='word_1_253' title='bbox 1160 4107 1397 4180; x_wconf 87' lang='lat' dir='ltr'><strong>assecutione</strong></span> <span class='ocrx_word' id='word_1_254' title='bbox 1417 4132 1743 4204; x_wconf 89' lang='lat' dir='ltr'><strong>quorumcumque</strong></span> 
     </span>
     <span class='ocr_line' id='line_1_32' title="bbox 241 4229 1743 4327; baseline 0.003 -25"><span class='ocrx_word' id='word_1_255' title='bbox 241 4229 538 4304; x_wconf 87' lang='lat' dir='ltr'><strong>Canonicatuum</strong></span> <span class='ocrx_word' id='word_1_256' title='bbox 552 4247 591 4303; x_wconf 93' lang='lat' dir='ltr'><strong>et</strong></span> <span class='ocrx_word' id='word_1_257' title='bbox 610 4230 884 4324; x_wconf 89' lang='lat' dir='ltr'><strong>prebendarum</strong></span> <span class='ocrx_word' id='word_1_258' title='bbox 901 4254 945 4303; x_wconf 92' lang='lat' dir='ltr'><strong>ac</strong></span> <span class='ocrx_word' id='word_1_259' title='bbox 960 4230 1195 4327; x_wconf 85' lang='lat' dir='ltr'><strong>dignitatum.</strong></span> <span class='ocrx_word' id='word_1_260' title='bbox 1213 4248 1493 4326; x_wconf 90' lang='lat' dir='ltr'><strong>personatuum,</strong></span> <span class='ocrx_word' id='word_1_261' title='bbox 1509 4232 1743 4306; x_wconf 87' lang='lat' dir='ltr'><strong>administra-</strong></span> 
     </span>
     <span class='ocr_line' id='line_1_33' title="bbox 239 4354 1741 4454; baseline 0.003 -27"><span class='ocrx_word' id='word_1_262' title='bbox 239 4357 381 4429; x_wconf 92' lang='lat' dir='ltr'><strong>tionum</strong></span> <span class='ocrx_word' id='word_1_263' title='bbox 409 4371 448 4426; x_wconf 90' lang='lat' dir='ltr'><strong>et</strong></span> <span class='ocrx_word' id='word_1_264' title='bbox 475 4354 680 4429; x_wconf 85' lang='lat' dir='ltr'><strong>officiorum</strong></span> <span class='ocrx_word' id='word_1_265' title='bbox 716 4355 950 4451; x_wconf 90' lang='lat' dir='ltr'><strong>aliorumque</strong></span> <span class='ocrx_word' id='word_1_266' title='bbox 986 4354 1249 4429; x_wconf 90' lang='lat' dir='ltr'><strong>beneficiorum</strong></span> <span class='ocrx_word' id='word_1_267' title='bbox 1291 4356 1627 4430; x_wconf 85' lang='lat' dir='ltr'><strong>ecclesiasticorum</strong></span> <span class='ocrx_word' id='word_1_268' title='bbox 1664 4382 1741 4454; x_wconf 90' lang='lat' dir='ltr'><strong>que</strong></span> 
     </span>
     <span class='ocr_line' id='line_1_34' title="bbox 237 4478 1741 4586; baseline 0 -32"><span class='ocrx_word' id='word_1_269' title='bbox 237 4483 368 4586; x_wconf 84' lang='lat' dir='ltr'><strong>yigore</strong></span> <span class='ocrx_word' id='word_1_270' title='bbox 383 4481 588 4578; x_wconf 84' lang='lat' dir='ltr'><strong>gratiarum</strong></span> <span class='ocrx_word' id='word_1_271' title='bbox 602 4482 934 4575; x_wconf 89' lang='lat' dir='ltr'><strong>expectativarum,</strong></span> <span class='ocrx_word' id='word_1_272' title='bbox 945 4481 999 4554; x_wconf 90' lang='lat' dir='ltr'><strong>eis</strong></span> <span class='ocrx_word' id='word_1_273' title='bbox 1015 4481 1085 4554; x_wconf 91' lang='lat' dir='ltr'><strong>sub</strong></span> <span class='ocrx_word' id='word_1_274' title='bbox 1100 4478 1190 4552; x_wconf 90' lang='lat' dir='ltr'><strong>data</strong></span> <span class='ocrx_word' id='word_1_275' title='bbox 1204 4479 1459 4555; x_wconf 89' lang='lat' dir='ltr'><strong>decimoctavo</strong></span> <span class='ocrx_word' id='word_1_276' title='bbox 1474 4480 1545 4554; x_wconf 79' lang='lat' dir='ltr'><strong>lral.</strong></span> <span class='ocrx_word' id='word_1_277' title='bbox 1558 4480 1636 4554; x_wconf 91' lang='lat' dir='ltr'><strong>Iulii</strong></span> <span class='ocrx_word' id='word_1_278' title='bbox 1651 4507 1741 4577; x_wconf 92' lang='lat' dir='ltr'><strong>pon-</strong></span> 
     </span>
     <span class='ocr_line' id='line_1_35' title="bbox 240 4605 1744 4703; baseline 0 -24"><span class='ocrx_word' id='word_1_279' title='bbox 240 4607 400 4680; x_wconf 89' lang='lat' dir='ltr'><strong>tificatus</strong></span> <span class='ocrx_word' id='word_1_280' title='bbox 420 4607 537 4678; x_wconf 91' lang='lat' dir='ltr'><strong>nostri</strong></span> <span class='ocrx_word' id='word_1_281' title='bbox 555 4629 655 4678; x_wconf 90' lang='lat' dir='ltr'><strong>anno</strong></span> <span class='ocrx_word' id='word_1_282' title='bbox 673 4605 795 4702; x_wconf 91' lang='lat' dir='ltr'><strong>primo</strong></span> <span class='ocrx_word' id='word_1_283' title='bbox 813 4630 882 4701; x_wconf 89' lang='lat' dir='ltr'><strong>per</strong></span> <span class='ocrx_word' id='word_1_284' title='bbox 901 4629 970 4678; x_wconf 93' lang='lat' dir='ltr'><strong>nos</strong></span> <span class='ocrx_word' id='word_1_285' title='bbox 989 4629 1262 4690; x_wconf 90' lang='lat' dir='ltr'><strong>concessarum,</strong></span> <span class='ocrx_word' id='word_1_286' title='bbox 1277 4620 1517 4702; x_wconf 86' lang='lat' dir='ltr'><strong>acceptarent</strong></span> <span class='ocrx_word' id='word_1_287' title='bbox 1535 4622 1574 4679; x_wconf 93' lang='lat' dir='ltr'><strong>et</strong></span> <span class='ocrx_word' id='word_1_288' title='bbox 1592 4607 1640 4679; x_wconf 90' lang='lat' dir='ltr'><strong>de</strong></span> <span class='ocrx_word' id='word_1_289' title='bbox 1660 4608 1744 4703; x_wconf 93' lang='lat' dir='ltr'><strong>qui-</strong></span> 
     </span>
     <span class='ocr_line' id='line_1_36' title="bbox 239 4727 1741 4828; baseline 0 -24"><span class='ocrx_word' id='word_1_290' title='bbox 239 4732 309 4804; x_wconf 94' lang='lat' dir='ltr'><strong>bus</strong></span> <span class='ocrx_word' id='word_1_291' title='bbox 329 4731 519 4825; x_wconf 92' lang='lat' dir='ltr'><strong>provisum</strong></span> <span class='ocrx_word' id='word_1_292' title='bbox 536 4731 590 4803; x_wconf 88' lang='lat' dir='ltr'><strong>eis</strong></span> <span class='ocrx_word' id='word_1_293' title='bbox 609 4727 715 4815; x_wconf 88' lang='lat' dir='ltr'><strong>foret,</strong></span> <span class='ocrx_word' id='word_1_294' title='bbox 733 4731 906 4804; x_wconf 94' lang='lat' dir='ltr'><strong>omnibus</strong></span> <span class='ocrx_word' id='word_1_295' title='bbox 925 4730 1005 4804; x_wconf 91' lang='lat' dir='ltr'><strong>aliis</strong></span> <span class='ocrx_word' id='word_1_296' title='bbox 1019 4747 1059 4803; x_wconf 92' lang='lat' dir='ltr'><strong>et</strong></span> <span class='ocrx_word' id='word_1_297' title='bbox 1077 4729 1235 4827; x_wconf 85' lang='lat' dir='ltr'><strong>singulis</strong></span> <span class='ocrx_word' id='word_1_298' title='bbox 1253 4730 1518 4828; x_wconf 90' lang='lat' dir='ltr'><strong>cuiuscumque</strong></span> <span class='ocrx_word' id='word_1_299' title='bbox 1534 4733 1741 4828; x_wconf 86' lang='lat' dir='ltr'><strong>dignitatis,</strong></span> 
     </span>
     <span class='ocr_line' id='line_1_37' title="bbox 239 4854 1743 4952; baseline 0.001 -24"><span class='ocrx_word' id='word_1_300' title='bbox 239 4871 372 4938; x_wconf 91' lang='lat' dir='ltr'><strong>status,</strong></span> <span class='ocrx_word' id='word_1_301' title='bbox 390 4856 533 4952; x_wconf 88' lang='lat' dir='ltr'><strong>gradus</strong></span> <span class='ocrx_word' id='word_1_302' title='bbox 561 4854 620 4928; x_wconf 90' lang='lat' dir='ltr'><strong>vel</strong></span> <span class='ocrx_word' id='word_1_303' title='bbox 648 4854 870 4928; x_wconf 91' lang='lat' dir='ltr'><strong>conditionis</strong></span> <span class='ocrx_word' id='word_1_304' title='bbox 899 4871 1028 4928; x_wconf 90' lang='lat' dir='ltr'><strong>essent</strong></span> <span class='ocrx_word' id='word_1_305' title='bbox 1046 4856 1197 4928; x_wconf 93' lang='lat' dir='ltr'><strong>omnino</strong></span> <span class='ocrx_word' id='word_1_306' title='bbox 1216 4855 1482 4950; x_wconf 88' lang='lat' dir='ltr'><strong>preferrentur,</strong></span> <span class='ocrx_word' id='word_1_307' title='bbox 1503 4881 1572 4929; x_wconf 89' lang='lat' dir='ltr'><strong>nec</strong></span> <span class='ocrx_word' id='word_1_308' title='bbox 1599 4855 1743 4930; x_wconf 88' lang='lat' dir='ltr'><strong>antela-</strong></span> 
     </span>
     <span class='ocr_line' id='line_1_38' title="bbox 239 4979 1742 5078; baseline 0.001 -25"><span class='ocrx_word' id='word_1_309' title='bbox 239 4982 382 5053; x_wconf 91' lang='lat' dir='ltr'><strong>tionum</strong></span> <span class='ocrx_word' id='word_1_310' title='bbox 412 4979 650 5076; x_wconf 87' lang='lat' dir='ltr'><strong>prerogative</strong></span> <span class='ocrx_word' id='word_1_311' title='bbox 677 4979 736 5052; x_wconf 92' lang='lat' dir='ltr'><strong>vel</strong></span> <span class='ocrx_word' id='word_1_312' title='bbox 765 4979 907 5053; x_wconf 90' lang='lat' dir='ltr'><strong>indulta</strong></span> <span class='ocrx_word' id='word_1_313' title='bbox 935 4980 1144 5077; x_wconf 91' lang='lat' dir='ltr'><strong>apostolica</strong></span> <span class='ocrx_word' id='word_1_314' title='bbox 1162 4981 1275 5053; x_wconf 87' lang='lat' dir='ltr'><strong>ctiam</strong></span> <span class='ocrx_word' id='word_1_315' title='bbox 1293 5007 1378 5054; x_wconf 92' lang='lat' dir='ltr'><strong>cum</strong></span> <span class='ocrx_word' id='word_1_316' title='bbox 1404 4981 1597 5078; x_wconf 91' lang='lat' dir='ltr'><strong>quibusvis</strong></span> <span class='ocrx_word' id='word_1_317' title='bbox 1615 4981 1742 5056; x_wconf 90' lang='lat' dir='ltr'><strong>verbis</strong></span> 
     </span>
     <span class='ocr_line' id='line_1_39' title="bbox 239 5101 1742 5201; baseline 0.002 -25"><span class='ocrx_word' id='word_1_318' title='bbox 239 5119 278 5176; x_wconf 90' lang='lat' dir='ltr'><strong>et</strong></span> <span class='ocrx_word' id='word_1_319' title='bbox 306 5101 479 5177; x_wconf 89' lang='lat' dir='ltr'><strong>clausulis</strong></span> <span class='ocrx_word' id='word_1_320' title='bbox 508 5103 758 5201; x_wconf 86' lang='lat' dir='ltr'><strong>derogatoriis</strong></span> <span class='ocrx_word' id='word_1_321' title='bbox 786 5103 969 5177; x_wconf 90' lang='lat' dir='ltr'><strong>adversus</strong></span> <span class='ocrx_word' id='word_1_322' title='bbox 996 5105 1230 5179; x_wconf 88' lang='lat' dir='ltr'><strong>voluntatem</strong></span> <span class='ocrx_word' id='word_1_323' title='bbox 1258 5119 1298 5177; x_wconf 90' lang='lat' dir='ltr'><strong>et</strong></span> <span class='ocrx_word' id='word_1_324' title='bbox 1316 5107 1595 5180; x_wconf 90' lang='lat' dir='ltr'><strong>concessionem</strong></span> <span class='ocrx_word' id='word_1_325' title='bbox 1616 5105 1742 5180; x_wconf 90' lang='lat' dir='ltr'><strong>huius·</strong></span> 
     </span>
     <span class='ocr_line' id='line_1_40' title="bbox 239 5227 1740 5326; baseline 0.001 -24"><span class='ocrx_word' id='word_1_326' title='bbox 239 5229 339 5302; x_wconf 93' lang='lat' dir='ltr'><strong>modi</strong></span> <span class='ocrx_word' id='word_1_327' title='bbox 368 5228 654 5326; x_wconf 91' lang='lat' dir='ltr'><strong>quomodolibet</strong></span> <span class='ocrx_word' id='word_1_328' title='bbox 680 5228 787 5300; x_wconf 90' lang='lat' dir='ltr'><strong>alicui</strong></span> <span class='ocrx_word' id='word_1_329' title='bbox 816 5227 1123 5326; x_wconf 80' lang='lat' dir='ltr'><strong>suffragarentur,</strong></span> <span class='ocrx_word' id='word_1_330' title='bbox 1142 5244 1215 5304; x_wconf 90' lang='lat' dir='ltr'><strong>non</strong></span> <span class='ocrx_word' id='word_1_331' title='bbox 1244 5231 1481 5305; x_wconf 90' lang='lat' dir='ltr'><strong>obstantibus</strong></span> <span class='ocrx_word' id='word_1_332' title='bbox 1509 5229 1740 5304; x_wconf 89' lang='lat' dir='ltr'><strong>constitutio-</strong></span> 
     </span>
     <span class='ocr_line' id='line_1_41' title="bbox 239 5353 1739 5451; baseline 0.001 -25"><span class='ocrx_word' id='word_1_333' title='bbox 239 5354 348 5427; x_wconf 91' lang='lat' dir='ltr'><strong>nibus</strong></span> <span class='ocrx_word' id='word_1_334' title='bbox 367 5369 406 5426; x_wconf 88' lang='lat' dir='ltr'><strong>et</strong></span> <span class='ocrx_word' id='word_1_335' title='bbox 424 5353 721 5427; x_wconf 88' lang='lat' dir='ltr'><strong>ordinationibus</strong></span> <span class='ocrx_word' id='word_1_336' title='bbox 740 5353 956 5448; x_wconf 90' lang='lat' dir='ltr'><strong>apostolicis</strong></span> <span class='ocrx_word' id='word_1_337' title='bbox 975 5354 1187 5450; x_wconf 90' lang='lat' dir='ltr'><strong>ceterisque</strong></span> <span class='ocrx_word' id='word_1_338' title='bbox 1206 5355 1399 5429; x_wconf 89' lang='lat' dir='ltr'><strong>contrariis</strong></span> <span class='ocrx_word' id='word_1_339' title='bbox 1419 5355 1739 5451; x_wconf 88' lang='lat' dir='ltr'><strong>quibuscumque;</strong></span> 
     </span>
    </p>
   </div>
   <div class='ocr_carea' id='block_1_3' title="bbox 0 0 1858 5909">
    <p class='ocr_par' dir='ltr' id='par_1_5' title="bbox 0 0 1858 5909">
     <span class='ocr_line' id='line_1_42' title="bbox 0 0 1858 5909; baseline 0 0"><span class='ocrx_word' id='word_1_340' title='bbox 0 0 1858 5909; x_wconf 95' lang='lat' dir='ltr'><strong> </strong></span> 
     </span>
    </p>
   </div>
  </div>
 </body>
</html>
