3718 5918
229 270 286 330 506
850 271 987 331 Soeculo
1005 270 1130 331 XVIII

226 465 413 538 auditorio
441 465 618 563 cognosci
655 489 784 562 posse,
814 466 882 540 sed
910 464 1097 551 Auditori,
1128 465 1217 538 dum
1250 482 1537 560 cognoscuntur,
1569 467 1617 539 ab
1644 465 1736 540 aula

228 589 453 664 exeundum.
485 587 573 682 Quo
609 616 699 664 vero
732 589 783 664 ad
814 614 949 664 causas
985 588 1218 663 introductas
1255 605 1294 662 et
1322 590 1624 676 introducendas,
1663 615 1736 664 eas

228 729 316 812 post
335 739 559 788 consensum
579 716 751 810 partium,
774 716 887 790 etiam
905 714 941 786 in
962 715 1110 788 casibus
1130 713 1321 810 inquibus
1340 715 1551 810 disponitur
1574 717 1610 788 in
1629 715 1735 789 Rota

229 865 302 915 non
330 843 519 939 cognosci,
550 867 597 916 ex
624 841 759 916 eadem
789 841 887 914 Rota
916 839 1065 913 avocari
1094 839 1242 912 minime
1271 863 1397 935 posse,

312 966 536 1038 Praesentes
555 989 708 1062 quoque
727 966 871 1038 litteras
896 979 1046 1040 nostras
1068 988 1151 1037 cum
1177 965 1349 1039 omnibus
1375 981 1414 1038 et
1437 963 1593 1062 singulis
1620 965 1734 1038 ineis
1852 1045 1853 1060 χ

229 1091 424 1177 contentis,
442 1092 554 1164 etiam
570 1117 617 1165 ex
637 1116 684 1164 eo
703 1090 806 1186 quod
820 1091 868 1164 ad
888 1089 925 1164 id
938 1089 1123 1164 iuteresse
1137 1090 1321 1164 habentes
1334 1089 1458 1164 vocati
1472 1107 1511 1162 et
1524 1090 1641 1163 auditi
1655 1114 1735 1164 non

230 1214 374 1301 fuerint,
396 1216 455 1289 vel
474 1241 520 1289 ex
539 1214 709 1311 eoquod
730 1214 823 1301 illae,
841 1213 941 1287 nulla
961 1214 1192 1288 subsistente
1211 1237 1325 1287 causa
1343 1213 1403 1286 vel
1421 1214 1534 1287 etiam
1553 1214 1601 1288 de
1619 1213 1731 1300 lacto,

230 1340 482 1436 processerint
510 1356 575 1412 aut
602 1365 650 1414 ex
677 1338 749 1412 alia
777 1341 909 1435 quavis
937 1338 1089 1412 iuridica
1117 1354 1158 1411 et
1184 1339 1349 1434 legitima
1377 1339 1489 1411 etiam
1519 1339 1735 1412 necessario

230 1463 473 1560 exprimenda
501 1489 627 1551 causa,
654 1463 715 1538 vel
744 1488 982 1559 quocumque
1010 1478 1220 1558 praetextu,
1250 1464 1297 1536 de
1326 1461 1504 1536 nullitatis
1534 1464 1634 1549 vitio,
1664 1487 1734 1536 seu

232 1588 446 1662 intentionis
467 1603 619 1662 nostrae
637 1605 704 1662 aut
722 1589 857 1685 quovis
875 1589 949 1662 alio
968 1588 1116 1662 delectu
1136 1587 1269 1672 notari,
1286 1588 1509 1684 impugnari,
1526 1587 1731 1672 invalidari,

231 1714 424 1786 retractari
452 1715 567 1786 etad
596 1714 776 1786 terminos
813 1713 901 1786 iuris
938 1711 1065 1786 reduci
1095 1729 1161 1786 aut
1199 1713 1235 1785 in
1267 1711 1324 1784 ius
1351 1712 1408 1784 vel
1437 1712 1735 1785 controversiam

232 1837 409 1924 revocari,
431 1863 497 1911 scu
527 1838 710 1910 adversus
730 1837 810 1911 illas
838 1836 1105 1932 quodcumque
1124 1837 1225 1920 iuris,
1246 1836 1332 1910 lacti
1360 1836 1419 1910 vel
1446 1837 1592 1935 gratiae
1611 1861 1735 1910 reme·

231 1963 333 2036 dium
361 1977 426 2036 aut
453 1964 531 2036 oris
558 1962 803 2059 aperitionem
832 1962 1034 2058 impetrari,
1074 1960 1134 2035 vel
1165 1963 1278 2036 etiam
1314 1979 1419 2036 motu
1456 1977 1497 2036 et
1530 1964 1736 2058 potestatis

232 2087 460 2184 plenitudine
493 2086 674 2163 similibus
707 2087 870 2170 concedi,
901 2087 959 2160 vel
989 2089 1059 2162 sub
1095 2087 1291 2183 quibusvis
1325 2087 1655 2162 constitutionibus
1689 2111 1736 2158 ac

232 2229 383 2286 nostrae
412 2229 451 2288 et
479 2211 733 2287 Cancellariae
752 2212 983 2309 apostolicae
1002 2210 1140 2310 regulis
1159 2212 1328 2286 editiset
1350 2211 1508 2287 edendis
1535 2236 1580 2285 ac
1598 2211 1736 2286 litteris

232 2335 447 2433 apostolicis
476 2337 513 2412 in
541 2337 769 2412 contrarium
787 2336 900 2410 etiam
921 2352 1024 2410 motu
1045 2339 1184 2433 pariet
1211 2335 1517 2411 concistorialiter
1535 2337 1733 2422 emanatis,

231 2477 298 2535 aut
325 2463 520 2557 quibusvis
543 2460 624 2536 aliis
653 2461 825 2536 similium
855 2460 913 2536 vel
941 2459 1173 2536 dissimilium
1193 2461 1398 2558 gratiarum
1418 2461 1733 2547 revocationibus,

231 2588 554 2682 suspensionibus,
574 2586 856 2661 limitationibus
883 2600 950 2659 aut
966 2585 1047 2658 aliis
1067 2585 1261 2659 contrariis
1289 2584 1611 2682 dispositionibus,
1636 2610 1735 2659 com·

232 2711 414 2809 prehendi
442 2710 544 2786 nullo
573 2735 750 2806 umquam
780 2726 952 2806 tempore
981 2734 1105 2804 posse,
1137 2711 1204 2782 sed
1237 2733 1389 2805 semper
1415 2710 1465 2783 ab
1493 2709 1562 2783 illis
1598 2711 1733 2806 excipi,

230 2853 270 2909 et
296 2836 448 2931 quoties
476 2835 559 2909 illae
587 2835 852 2919 emanaverint,
875 2835 989 2910 toties
1017 2836 1054 2908 in
1081 2836 1279 2930 pristinum
1306 2849 1346 2906 et
1371 2859 1470 2918 eum,
1492 2834 1528 2906 iu
1547 2859 1625 2930 quo
1643 2851 1734 2908 ante

231 2961 441 3056 praemissa
467 2974 587 3048 erant,
608 2957 879 3032 validissimum
905 2972 1045 3032 statum
1073 2957 1278 3044 restitutas,
1301 2957 1487 3053 repositas
1506 2975 1545 3032 et
1565 2957 1733 3053 plenarie

109 3151 113 3162 .
231 3085 493 3180 reintegratas,
524 3083 644 3156 aede
673 3108 773 3157 novo
799 3083 912 3156 etiam
941 3084 1012 3158 sub
1039 3107 1277 3181 quacumque
1304 3082 1506 3179 posteriori
1533 3083 1635 3168 data,
1665 3107 1736 3178 per

231 3231 328 3282 nunc
355 3223 395 3280 et
423 3233 494 3304 pro
513 3223 684 3304 tempore
709 3207 917 3282 existentes
944 3207 1118 3282 auditorii
1147 3208 1338 3304 praedicti,
1359 3232 1426 3282 seu
1456 3206 1589 3292 Rotae,
1611 3206 1734 3280 Audi-

233 3349 337 3408 tores
364 3334 681 3428 quandocumque
708 3331 885 3429 eligenda
911 3311 1123 3420 concessas,
1144 3331 1365 3428 validasque
1392 3349 1431 3405 et
1456 3331 1630 3406 efficaces
1651 3333 1734 3406 lore

230 3473 270 3532 et
296 3483 393 3543 esse,
426 3456 555 3554 sicque
582 3473 622 3531 et
649 3481 723 3531 non
741 3455 845 3540 alias,
867 3479 936 3551 per
963 3481 1224 3552 quoscumque
1243 3457 1394 3540 iudices,
1415 3457 1529 3530 etiam
1555 3456 1735 3532 auditorii
1852 3525 1853 3538 ,

231 3582 304 3658 iam
332 3584 419 3657 dicti
448 3583 665 3668 Auditores,
695 3607 739 3657 ac
767 3581 935 3656 eiusdem
965 3581 1002 3656 S.
1025 3581 1070 3657 R.
1098 3581 1141 3656 E.
1164 3579 1395 3672 Cardinales,
1425 3597 1466 3656 et
1492 3605 1736 3678 quacumque

231 3710 451 3782 eorumdem
481 3708 841 3806 Congregationem,
868 3705 1076 3805 apostolica
1110 3709 1346 3792 auctoritate,
1376 3731 1491 3803 super
1527 3709 1586 3783 his
1613 3731 1737 3804 quan·

230 3832 444 3928 documque
472 3831 738 3929 deputandam,
765 3831 913 3908 sublata
932 3833 986 3907 eis
1013 3848 1054 3907 et
1080 3829 1378 3908 eorumcuilibet
1395 3831 1503 3910 aliter
1530 3830 1731 3920 iudicandi,

232 3955 430 4031 deliniendi
458 3973 497 4032 et
516 3957 785 4054 interpretandi
811 3956 990 4034 facultate
1014 3974 1054 4032 et
1079 3956 1315 4043 auctoritate,
1336 3956 1499 4043 iudicari,
1518 3955 1671 4043 deliniri,
1692 3973 1736 4030 et

232 4081 470 4176 interpretari
497 4082 648 4168 debere,
678 4106 721 4156 ac
749 4108 797 4154 ex
833 4105 930 4158 nunc
967 4082 1110 4156 irritum
1145 4105 1299 4177 quoque
1330 4098 1370 4154 et
1403 4081 1513 4156 inane
1549 4080 1734 4177 quidquid

232 4229 341 4278 secus
360 4207 549 4301 superbis
567 4230 591 4279 a
610 4229 814 4306 quoquam,
836 4207 968 4302 quavis
987 4205 1221 4291 auctoritate,
1243 4207 1405 4280 scienter
1422 4205 1482 4278 vel
1501 4208 1731 4302 ignoranter,

229 4330 429 4426 contigerit
456 4332 644 4419 attentari,
673 4329 883 4428 apostolica
909 4332 1134 4408 auctoritate
1163 4347 1349 4426 perpetuo
1377 4331 1623 4417 decernimus,
1654 4345 1732 4404 sta-

233 4456 372 4528 tuimus
399 4472 439 4528 et
465 4455 713 4532 declaramus.

186 4582 194 4604 ⁸
313 4580 397 4653 Non
416 4581 667 4664 obstantibus,
692 4594 880 4674 quatenus
898 4605 996 4677 opus
1016 4579 1074 4668 sit,
1096 4579 1349 4654 Cancellariae
1368 4579 1584 4675 praedictae
1602 4579 1734 4677 regula

231 4704 279 4776 de
307 4704 386 4777 iure
409 4705 583 4799 quaesito
603 4728 677 4777 non
697 4704 877 4790 tollendo,
898 4730 941 4780 ac
969 4705 1136 4779 secundo
1155 4707 1252 4779 dicta
1281 4705 1336 4780 Pii
1354 4730 1399 4780 ac
1418 4705 1610 4801 praedicta
1630 4703 1733 4778 Pauli

230 4830 565 4924 praedecessorum
586 4830 873 4925 praedictorum,
894 4831 1052 4926 aliisque
1072 4855 1187 4924 super
1213 4830 1398 4904 decanatu
1417 4853 1462 4903 ac
1480 4831 1603 4904 causis
1622 4853 1735 4924 prae-

231 4953 337 5028 dictis
371 4970 502 5028 contra
529 4956 735 5050 praemissa
772 4955 1057 5052 quomodolibet
1084 4955 1371 5050 disponentibus
1402 4954 1734 5028 constitutionibus

230 5093 272 5151 et
302 5079 597 5154 ordinationibus
634 5080 865 5175 apostolicis
894 5079 1059 5174 dictique
1096 5078 1280 5166 auditorii,
1310 5096 1499 5174 quatenus
1535 5105 1633 5176 opus
1670 5080 1733 5166 sit,

232 5202 343 5276 etiam
381 5203 600 5290 iuramento,
631 5203 912 5300 confirmatione
945 5203 1162 5300 apostolica,
1192 5203 1250 5275 vel
1288 5204 1421 5298 quavis
1454 5201 1628 5277 firmitate
1659 5204 1735 5278 alia

231 5328 427 5416 roboratis,
458 5329 609 5402 statutis
637 5344 676 5402 et
702 5329 1047 5424 consuetudinibus,
1078 5328 1281 5426 privilegiis
1309 5352 1472 5424 quoque,
1503 5327 1655 5402 indultis
1693 5347 1735 5404 et
