3748 5914
241 304 297 364 236
889 305 1025 365 Socculo
1043 303 1112 365 XV

323 494 464 569 Littere
493 493 765 570 executoriales
791 495 902 568 trium
932 494 1204 570 sentenciarum
1232 495 1470 594 registrando
1489 492 1580 578 illas,
1601 492 1739 566 iaciunt

122 689 126 698 .
242 619 340 693 bene
368 617 485 694 XXX
514 620 601 695 lolia
628 620 790 719 registri.

242 768 312 840 pro
340 759 553 840 sequestro.
613 807 620 819 .
679 805 687 820 .
748 803 755 818 .
814 805 822 820 .
883 737 890 820 ζ
951 803 1492 822 .........
1549 743 1580 817 II
1607 743 1691 817 duc.

242 894 312 965 pro
340 869 561 944 inhibicione
588 871 638 943 ad
665 887 794 967 partes
823 871 894 945 sub
921 872 1091 945 censuris
1150 928 1492 946 ......
1549 870 1581 943 ΙΙ
1609 869 1693 944 duc.

243 1018 312 1090 pro
339 993 471 1068 litteris
498 993 767 1070 declaratoriis.
827 1055 834 1070 .
896 1056 902 1068 .
962 1055 970 1070 .
1550 1056 1634 1130 VIII
1654 1057 1727 1130 duc

241 1141 312 1215 pro
346 1118 582 1194 invocatione
618 1117 757 1204 brachii
792 1119 971 1195 secularis
1082 1115 1493 1134 '''''''
1731 1114 1739 1144 ’

376 1243 486 1317 trium
516 1243 791 1320 sentenciarum
819 1244 957 1319 iaciunt
988 1269 1033 1340 25
1064 1245 1151 1321 lolia
1178 1244 1330 1344 registri

323 1367 482 1443 Notario
508 1368 642 1465 palacii
669 1394 738 1467 per
764 1369 998 1467 compulsum
1025 1370 1189 1468 aliquam
1218 1368 1388 1469 regulam
1412 1365 1633 1444 cancellarie

242 1492 334 1567 alias
362 1517 488 1568 coram
516 1516 564 1568 eo
590 1495 814 1591 productam
841 1511 879 1571 et
907 1497 1138 1594 recognitam
1156 1552 1500 1573 ......
1557 1491 1588 1566 II
1616 1515 1673 1590 gr.

243 1643 313 1721 pro
340 1619 472 1718 regula
498 1619 623 1717 aliqua
650 1618 867 1694 cancellarie
894 1646 941 1695 ex
969 1619 1188 1696 cancellaria
1206 1621 1258 1694 VI
1276 1646 1334 1722 gr.
1356 1620 1502 1696 custodi
1520 1615 1741 1693 cancellarie

325 1743 437 1832 Nota,
466 1745 621 1842 quando
648 1744 868 1842 producitur
895 1748 1096 1844 registrum
1132 1745 1285 1844 aliquod
1312 1746 1348 1820 in
1381 1745 1551 1843 partibus
1587 1743 1740 1828 lactum,

244 1868 383 1942 dantur
409 1871 555 1944 notario
582 1894 697 1943 cause
723 1895 794 1967 pro
821 1870 1054 1946 rubricatura
1080 1870 1176 1945 illius
1203 1871 1353 1970 registri
1381 1893 1531 1966 semper
1549 1866 1598 1942 de
1617 1865 1740 1938 XXX

244 1990 341 2067 loliis
344 2049 756 2071 .......
801 1981 803 1984 ’
815 2053 1492 2072 ...........
1556 2017 1569 2066 1
1603 1994 1688 2068 duc.

244 2141 314 2213 pro
342 2117 504 2216 registro
531 2118 567 2191 in
596 2143 710 2194 causa
738 2119 1000 2195 declarationis
1027 2121 1077 2195 ad
1105 2144 1237 2197 omnes
1265 2145 1444 2196 censuras
1472 2119 1554 2194 duc.
1581 2117 1663 2192 XII.
1685 2117 1744 2190 Ita

352 2257 502 2317 taxatur
529 2245 786 2322 communiter.

244 2381 284 2441 et
311 2392 381 2469 pro
408 2385 654 2464 procuratore
686 2427 1497 2448 .............
1553 2368 1637 2443 duc.
1658 2365 1746 2438 VIII

676 2495 714 2568 in
741 2495 859 2592 prima
888 2497 1065 2570 instantia
1086 2553 1495 2572 .......
1554 2492 1628 2565 XV
1656 2491 1743 2566 duc.

245 2619 477 2715 procuratori
495 2643 608 2693 cause
676 2621 712 2693 in
741 2621 907 2695 secunda
934 2619 1112 2695 instantia
1152 2673 1495 2699 ......
1551 2615 1589 2690 Χ
1618 2617 1705 2690 duc.

675 2745 711 2818 ln
740 2745 851 2819 tertia
879 2745 1055 2820 instantia
1081 2801 1491 2822 .......
1549 2742 1616 2815 VII
1644 2741 1732 2817 duc.

244 2868 292 2941 de
319 2868 569 2944 instrumento
597 2871 796 2944 taxationis
824 2895 1076 2967 expensarum
1080 2925 1492 2948 .......
1547 2865 1630 2940 duc.
1666 2889 1679 2938 1

325 2991 444 3067 Nota:
473 2994 616 3067 cursori
643 2994 781 3068 dantur
809 2993 856 3068 de
883 2993 1050 3093 qualibet
1082 2995 1260 3069 citacione
1292 3020 1309 3067 2
1341 2991 1531 3069 bolendini

326 3116 445 3192 Nota:
475 3117 628 3213 quando
655 3117 820 3217 affigitur
848 3119 979 3193 citacio
1007 3135 1179 3216 tempore
1198 3118 1371 3192 feriarum
1392 3119 1470 3192 sive
1488 3113 1743 3201 vacacionum‚

381 3239 421 3344 Ἰ,
448 3241 538 3318 karl.
569 3267 640 3340 pro
668 3240 790 3342 sigillo
817 3243 1008 3317 citacionis
1034 3242 1215 3331 auditori;

378 3367 414 3439 V
442 3366 516 3442 bol.
546 3369 689 3441 cursori
715 3392 787 3464 pro
817 3370 1041 3443 execucione
1080 3367 1270 3442 citacionis
1307 3367 1342 3440 in
1375 3366 1494 3440 valvis
1522 3363 1743 3439 cancellarie

247 3507 286 3566 et
313 3505 398 3565 atro
425 3493 546 3589 campi
575 3489 720 3569 florum.

962 3755 1047 3834 141.

252 3913 416 4004 Quinam
441 3915 540 3989 locus
557 3914 802 3989 Audz'torz'bus
828 3923 863 3988 et
879 3915 1054 3989 Notariti*
1071 3913 1109 3990 S.
1131 3914 1181 3989 R.
1202 3913 1330 3988 Rotae
1345 3919 1555 4011 competeret
1570 3913 1610 3986 in
1620 3923 1746 4012 papa-

327 4038 422 4114 libus
439 4039 730 4140 processionibus
755 4040 820 4113 sub
839 4038 912 4122 fine
929 4039 1062 4113 soeculi
1078 4040 1124 4114 X
1131 4041 1171 4115 V.
1193 4083 1210 4094 -
1229 4037 1473 4112 Auditoribus
1491 4037 1610 4111 Rotae
1624 4049 1740 4137 prae·

327 4165 488 4240 cedentia
514 4165 674 4238 dabatur
698 4177 811 4264 super
837 4163 1061 4238 Baronz'bus.

328 4321 390 4395 (Ex
407 4321 460 4382 cit.
483 4320 665 4382 ‹Practica
684 4319 951 4395 cancellariae»,
969 4319 1007 4380 L.
1025 4317 1416 4393 Scuurrz-Knucnrmeuo,
1430 4323 1509 4392 pag.
1523 4315 1569 4376 65
1587 4322 1620 4376 et
1635 4321 1710 4390 ssq).

1567 4493 1645 4555 Sine
1663 4495 1747 4555 data

576 4613 609 4712 c)
637 4612 694 4686 Ita
720 4613 756 4687 in
784 4611 1027 4708 processione
1054 4610 1224 4706 corporis
1252 4608 1413 4687 Christi:

332 4738 518 4814 Cursores
547 4763 667 4835 pape:
696 4753 785 4812 sunt
812 4735 919 4810 XIX.
949 4736 1000 4812 Io.
1032 4735 1193 4832 Stumpl.

571 4862 718 4937 Emitur
745 4861 924 4949 olficium3
953 4860 1054 4935 valet
1081 4861 1116 4934 in
1146 4884 1286 4936 mense.

332 4988 567 5065 Collectores
594 4987 756 5084 plumbi;
786 4983 882 5059 sunt‘
902 4985 977 5061 LII.

312 5189 317 5202 ,
573 5112 721 5186 Emitur
747 5111 927 5199 officium3
956 5109 1068 5186 valet.

331 5239 601 5315 Sollicitatores
634 5236 842 5312 litterarum
877 5236 1187 5333 apostolicarum;
1227 5250 1314 5308 sunt
1352 5233 1394 5322 C,
1433 5248 1616 5309 vocantur
1651 5257 1746 5330 gen·

681 5385 805 5436 nrcerr.
