3718 5918
746 363 912 423 Clemente
930 363 985 422 XI
1544 361 1598 419 457

113 561 222 635 «bati
249 560 404 652 fuerint,
433 587 477 634 ec
512 572 585 658 pro
612 559 705 634 dicto
738 559 908 632 examine
942 557 1091 655 aliquid
1122 558 1229 654 αἰξί
1261 556 1320 630 vel
1330 603 1332 610 ·
1351 557 1444 631 solvi
1476 557 1600 630 debere

113 717 129 756 c
146 699 315 784 expresse
336 685 530 784 prehzhut't
545 713 582 769 v,

182 811 232 884 Et
258 811 501 886 considerans
529 809 632 908 quod
665 835 712 883 ex
747 809 850 883 dicto
886 809 1007 882 abusu
1039 809 1146 905 plura
1184 809 1321 882 damna
1348 811 1625 906 sequebanturw

104 934 330 1031 litigantibus
358 937 408 1010 ob
435 935 570 1009 malam
599 934 883 1030 dispositionem
911 950 951 1007 et
978 933 1232 1007 confusionem
1262 935 1540 1030 scripturarum,
1564 951 1603 1007 et

104 1059 303 1154 pessimam
332 1060 417 1135 facti
443 1057 755 1157 explanationem,

181 1183 271 1258 Ideo
299 1185 424 1258 statim
454 1185 626 1258 revocavi
654 1184 866 1281 praedictas
893 1182 1060 1259 licentias
1080 1157 1266 1258 scribendi
1284 1197 1323 1256 et
1340 1183 1512 1281 prohibui
1532 1186 1602 1259 sub

103 1309 278 1407 gravibus
306 1311 439 1406 poenis
467 1310 548 1384 illas
575 1310 810 1395 habentibus,
834 1331 880 1384 ne
905 1311 962 1384 eis
990 1326 1194 1397 uterentur,
1217 1334 1286 1382 nec
1305 1308 1467 1384 scribere
1486 1311 1604 1384 aude·

104 1451 185 1507 rent
212 1433 247 1507 in
276 1436 399 1509 causis
427 1435 637 1520 Rotalibus,
668 1459 814 1509 necnon
841 1435 877 1507 in
905 1459 998 1509 voce
1026 1436 1234 1520 informare,
1266 1434 1386 1510 donec
1414 1436 1450 1509 in
1477 1434 1603 1510 futuro

103 1559 272 1632 examine
299 1559 490 1633 videretur
516 1583 646 1634 eorum
674 1558 854 1656 probitas,
885 1558 1070 1633 idoneitas
1097 1585 1141 1633 ac
1168 1559 1411 1657 experientia.

183 1683 439 1776 Quamobrem
469 1710 552 1761 cum
580 1711 604 1760 a
631 1709 760 1759 mense
788 1685 954 1760 octobris
989 1689 1087 1776 1698
1125 1711 1232 1760 meae
1260 1685 1529 1783 assumptionis
1556 1687 1606 1760 ad

105 1807 352 1897 Decanatum,
382 1811 580 1906 usquead
608 1823 846 1907 praesentem
875 1835 1044 1884 mensem
1072 1811 1246 1885 februarii
1276 1833 1369 1905 1701
1394 1809 1469 1885 sint
1487 1809 1606 1908 elapsi

15 2001 19 2015 ,
103 1934 329 2032 plusquam
367 1935 444 2009 duo
471 1937 568 2021 anni,
609 1952 648 2008 et
684 1935 810 2032 plures
847 1935 1028 2010 audierim
1066 1934 1268 2010 Curialium
1303 1937 1499 2011 instantias
1536 1962 1606 2035 pro

104 2056 273 2131 iaciendo
292 2059 474 2144 examine,
494 2060 632 2134 idcirco
659 2063 708 2134 ad
726 2058 816 2134 illud
835 2059 1011 2134 devenire
1030 2059 1189 2146 decrevi,
1210 2077 1250 2134 et
1268 2085 1338 2156 pro
1357 2059 1418 2134 illo
1438 2060 1607 2136 iaciendo

104 2181 289 2277 publicavi
316 2200 356 2258 et
392 2184 492 2257 affixi
528 2186 563 2257 in
600 2185 713 2260 lanua
745 2184 887 2281 primae
925 2185 1188 2258 Anticamerae
1226 2209 1332 2260 meae
1369 2184 1607 2262 habitationis

103 2321 142 2378 et
168 2306 329 2381 aliorum
358 2308 604 2382 Dominarum
636 2309 909 2384 Coauditorum
938 2309 1111 2383 Edictum
1139 2309 1280 2383 tenoris
1309 2311 1521 2406 sequentis:

184 2431 364 2506 Essendo
391 2449 490 2506 state
519 2433 611 2506 fatte
638 2461 661 2508 a
691 2435 871 2531 Monsigre
890 2432 994 2508 llhho
1021 2448 1061 2507 et
1088 2435 1232 2507 Revmo
1256 2433 1430 2521 Molines,
1453 2435 1608 2509 Decauo

104 2554 203 2628 della
231 2556 349 2632 Sacra
377 2558 487 2643 Rota,
516 2559 693 2633 reiterare
721 2561 860 2632 istanze
887 2559 937 2633 da
965 2557 1070 2632 molti
1100 2557 1239 2632 Curiali
1265 2558 1315 2633 acl
1347 2559 1476 2634 effetto
1513 2559 1609 2634 d’es-

104 2705 187 2754 sere
223 2682 370 2756 ascritti
404 2681 461 2756 fra
499 2683 736 2758 Procuratori
772 2683 907 2768 Rotali,
944 2709 967 2756 e
1004 2682 1167 2758 volendo
1203 2685 1506 2759 condescendere
1537 2684 1609 2759 alle

103 2803 183 2880 loro
213 2807 415 2892 domande,
446 2807 584 2902 Quindi
614 2811 661 2883 ha
692 2809 847 2883 risoluto
874 2810 912 2884 di
930 2810 1059 2884 venire
1077 2809 1111 2883 al
1132 2807 1244 2884 solito
1262 2835 1390 2884 esame
1409 2812 1610 2906 prescritto

104 2929 201 3006 nella
240 2930 351 3006 Bolla
386 2932 484 3008 della
522 2933 583 3008 Sa.
616 2935 691 3008 Me.
722 2933 759 3007 di
788 2933 902 3008 Paolo
931 2935 977 3018 V,
1008 2933 1041 3007 E
1068 2935 1194 3031 percio
1223 2932 1255 3008 si
1286 2934 1322 3008 la
1357 2934 1551 3010 intendere
1587 2960 1610 3009 a

102 3057 187 3130 tutti
216 3057 336 3156 quelli
362 3059 432 3132 che
459 3058 684 3134 desiderano
713 3059 751 3134 di
778 3085 908 3134 essere
934 3059 1089 3134 abilitati
1118 3086 1140 3134 a
1169 3058 1330 3136 scrivere
1358 3061 1393 3133 iu
1423 3061 1533 3147 Rota,
1574 3062 1611 3134 di

102 3181 239 3256 esibire
268 3183 282 3254 i
309 3182 391 3256 loro
419 3183 625 3258 memoriali
651 3185 689 3257 in
716 3199 817 3258 tutto
843 3184 867 3258 il
895 3203 1067 3258 currente
1096 3209 1201 3258 mese
1219 3185 1255 3256 di
1274 3209 1444 3284 gennaro
1462 3211 1485 3260 a
1504 3185 1611 3258 Mon-

103 3307 190 3404 sig'e
218 3307 329 3382 llln‘ro
354 3333 377 3381 e
407 3309 504 3383 Rffio
533 3309 700 3392 Decano‚
730 3334 800 3383 con
827 3311 1032 3405 esprimere
1061 3309 1120 3384 ne’
1149 3298 1344 3384 medesimi
1372 3308 1613 3384 Memorialii

101 3431 183 3505 loro
222 3433 394 3530 requisiti
422 3433 517 3508 colle
544 3435 671 3509 debite
698 3434 989 3532 giustificazioni.
1030 3435 1072 3507 Li
1109 3436 1276 3530 requisiti
1312 3436 1360 3509 da
1396 3435 1611 3532 esprimersi

105 3581 200 3632 sono
229 3557 257 3631 li
286 3561 482 3656 seguenti:

186 3680 299 3794 L’etd

184 3809 482 3883 L'attestazione
511 3810 568 3883 de'
599 3811 759 3884 costumi

185 3933 243 4008 la
272 3933 402 4008 laurea
429 3935 629 4010 dottorale.

185 4060 214 4132 11
245 4076 376 4155 tempo
405 4059 474 4134 che
501 4059 625 4134 hanno
654 4063 820 4135 studiato
848 4076 888 4136 et
915 4061 1116 4136 esercitato
1143 4059 1178 4135 la
1206 4062 1349 4158 pratica
1377 4061 1412 4134 in
1443 4059 1567 4148 Curia,
1592 4085 1615 4134 e

103 4183 322 4259 sollecitato
350 4185 385 4257 in
415 4185 514 4258 Rota
542 4209 565 4257 e
592 4200 696 4258 sotto
724 4187 812 4282 qual
840 4184 1002 4261 Curiale.

186 4309 239 4384 Se
270 4311 396 4384 hanno
423 4335 494 4406 per
520 4311 628 4382 alcun
657 4327 786 4407 tempo
814 4312 1049 4407 patrocinatu
1077 4336 1190 4385 cause
1217 4311 1302 4386 nelli
1322 4310 1406 4385 altri
1427 4310 1618 4384 Tribunali

104 4434 142 4508 di
173 4435 313 4511 Roma.

187 4559 343 4652 Questo
371 4559 408 4634 dl
436 4563 557 4658 primo
585 4562 747 4659 gennaio
782 4583 891 4655 1701.

668 4722 863 4820 Giuseppe
892 4721 1052 4796 Molines
1083 4721 1239 4796 Decano
1267 4721 1364 4795 della
1392 4721 1431 4795 S.
1462 4721 1507 4796 R.
1543 4691 1549 4706 ⁸

187 4918 337 5014 Elapso
365 4919 525 4994 termino
548 4918 658 4992 unius
676 4919 817 4992 mensis
835 4917 871 4990 in
890 4916 1084 5014 praedicto
1104 4914 1237 4988 Edicto
1256 4915 1463 5013 assignato,
1485 4914 1621 4988 deveni

103 5045 154 5117 ad
183 5066 360 5128 examen,
391 5042 556 5140 illudque
593 5042 662 5116 leci
698 5043 771 5116 sub
806 5041 938 5115 diebus
976 5063 1033 5128 11,
1070 5065 1113 5114 12
1143 5054 1183 5114 et
1217 5063 1259 5132 13
1298 5040 1439 5112 mensis
1472 5039 1621 5114 februa-

103 5169 145 5240 rii
182 5189 301 5260 1701,
329 5165 594 5241 assistentibus
615 5167 922 5240 Procuratoribus
942 5167 990 5238 de
1010 5163 1183 5264 Collegio
1204 5161 1425 5237 Massimillo
1445 5163 1621 5260 Scipiono

102 5310 144 5367 et
173 5291 320 5367 Carolo
349 5291 505 5367 Nicolao
533 5291 725 5377 Severino,
756 5290 943 5366 servando
971 5291 1006 5362 in
1035 5289 1208 5364 omnibus
1222 5288 1512 5384 dispositionem
1534 5289 1622 5363 Bul·

102 5418 165 5492 lae
196 5441 254 5492 sa.
287 5441 356 5494 me.
389 5416 491 5491 Pauli
518 5416 566 5504 V,
596 5440 711 5513 supra
739 5417 890 5490 relatae.
