3708 5918
238 354 275 415 66
871 356 1007 414 soeculo
1026 355 1113 416 XIV

237 553 352 648 Quod
381 556 410 628 si
439 554 559 628 dictus
586 553 779 628 Walterus
821 579 935 648 super
975 555 1070 627 dicta
1106 555 1298 650 prebenda
1327 556 1488 629 voluerit
1520 581 1589 652 per
1617 573 1737 630 testes

237 681 285 754 de
314 705 384 754 suo
411 682 490 754 iure
519 680 693 776 probare,
723 679 908 762 volumus,
940 695 991 764 ut,
1022 704 1091 775 per
1117 705 1202 753 eurn
1222 680 1393 776 primitus
1413 682 1508 753 sicut
1536 681 1738 776 predicitur

236 807 430 903 prebenda
466 805 546 902 ipsa
585 804 740 877 dimissa
774 804 951 899 dictoque
989 805 1173 878 Riccardo
1210 805 1244 877 in
1282 805 1430 900 plenam
1468 821 1508 878 et
1547 804 1736 901 pacificam

236 931 405 1003 eiusdem
433 929 626 1024 prebende
648 929 928 1024 possessionem
949 928 1113 1012 inducto,
1134 931 1296 1025 probare
1316 955 1441 1002 coram
1461 929 1633 1003 auditore
1652 955 1741 1026 pre-

236 1057 323 1136 lato,
354 1071 420 1128 aut
448 1053 509 1126 illo
538 1053 596 1126 vel
626 1050 695 1125 illis
723 1053 780 1127 cui
823 1053 880 1124 vel
917 1055 1053 1147 quibus
1090 1054 1127 1126 id
1169 1052 1386 1127 duxerimus
1414 1055 1737 1140 committendum,

236 1205 305 1277 per
331 1181 461 1263 bonas,
493 1179 682 1264 honestas,
704 1203 844 1274 graves
863 1194 901 1251 et
929 1177 1140 1275 fidedignas
1168 1204 1352 1275 personas
1382 1205 1450 1252 nec
1482 1195 1684 1277 suspectas
1704 1180 1739 1252 in

235 1305 360 1402 aliquo
388 1319 570 1389 teneatur,
602 1319 641 1376 et
668 1303 772 1400 quod
801 1317 961 1398 utraque
989 1328 1078 1398 pars
1099 1328 1225 1377 coram
1254 1305 1389 1377 eodem
1417 1305 1589 1377 auditore
1617 1305 1742 1400 possit

234 1433 271 1503 in
300 1432 399 1504 dicta
427 1455 539 1502 causa
568 1429 747 1525 prosequi
776 1429 854 1502 iura
882 1455 959 1513 sua,
1000 1430 1158 1524 ipseque
1177 1430 1326 1503 auditor
1345 1431 1468 1525 possit
1486 1446 1614 1524 partes
1634 1431 1740 1525 ipsas

235 1557 376 1632 audire.
415 1555 541 1628 valeat
575 1571 613 1627 et
655 1579 806 1628 causam
850 1553 1061 1628 huiusmodi
1090 1555 1168 1628 iure
1205 1555 1334 1628 debito
1367 1553 1540 1628 diffinire:
1571 1555 1741 1650 presenti

234 1681 468 1754 ordinatione
498 1696 626 1753 nostra
651 1679 686 1750 in
715 1704 784 1750 suo
813 1693 939 1751 tamen
969 1680 1104 1752 robore
1133 1704 1202 1774 per
1229 1679 1354 1752 omnia
1382 1695 1637 1775 permanente,
1670 1677 1741 1749 nisi

236 1825 351 1902 super
377 1829 434 1892 ea,
464 1804 609 1878 ratione
636 1828 883 1898 processuum
904 1803 1162 1877 habendorum
1191 1803 1226 1875 in
1246 1827 1372 1890 causa,
1393 1803 1608 1876 duxerimus
1628 1802 1741 1874 aliter

235 1928 520 2026 disponendum.
538 1929 588 2002 Et
608 1930 637 2001 si
658 1928 779 2002 dictus
800 1927 1005 2014 Walterus,
1029 1953 1095 2000 seu
1113 1943 1335 2024 procurator
1353 1929 1444 2013 eius,
1476 1953 1519 2000 se
1547 1930 1596 2000 ad
1611 1929 1740 2000 huius-

235 2053 334 2128 modi
363 2053 623 2150 probationem
651 2051 838 2132 obtulerit.
870 2069 909 2125 et
937 2053 1052 2148 plene
1072 2075 1145 2126 non
1174 2053 1392 2148 probaverit
1409 2050 1547 2124 dictam
1576 2053 1741 2147 preben-

235 2179 321 2253 dam
350 2179 670 2276 antepredictam
708 2178 960 2273 provisionem
1000 2194 1166 2252 nostram
1205 2179 1305 2251 dicto
1347 2176 1532 2250 Riccardo
1568 2179 1616 2250 de
1653 2179 1741 2273 ipsa

235 2303 371 2378 factam
391 2303 505 2377 fuisse
533 2303 603 2399 ipsi
623 2303 798 2376 Waltero
826 2301 1012 2389 collatam,
1034 2328 1104 2377 nos
1132 2303 1167 2374 ei
1186 2329 1233 2375 ex
1253 2327 1350 2374 nunc
1379 2320 1602 2398 perpetuum
1624 2303 1742 2376 silen-

236 2431 326 2502 tium
356 2430 579 2524 imponimus
609 2453 723 2524 super
751 2453 796 2503 ea
823 2445 863 2502 et
891 2427 1148 2502 nichilominus
1181 2428 1398 2500 canonicatu
1435 2428 1551 2524 ipsius
1588 2427 1739 2500 Lincol-

241 2555 378 2628 niensis
407 2553 575 2639 ecclesie,
607 2579 717 2650 quem
740 2555 820 2647 ipse
847 2552 1002 2638 obtinet,
1034 2577 1077 2626 ac
1106 2553 1285 2626 beneficio
1312 2534 1587 2626 constitutionis
1607 2569 1740 2625 nostre

235 2679 391 2765 novelle,
423 2704 491 2774 per
518 2703 631 2776 quam
662 2679 729 2751 sibi
757 2679 972 2750 conceditur
992 2678 1095 2774 quod
1124 2677 1245 2751 redire
1265 2677 1385 2774 possit
1403 2680 1452 2750 ad
1472 2678 1633 2773 priorem
1656 2702 1743 2772 pre·

234 2807 395 2881 bendam
425 2829 606 2900 pereum
635 2804 827 2875 dimissam
857 2827 971 2899 quarn
1009 2802 1181 2897 primitus
1209 2804 1243 2874 in
1277 2803 1411 2875 eadem
1448 2801 1605 2875 ecclesia
1643 2802 1741 2876 obti-

234 2933 357 3014 nebat,
389 2929 579 3024 privamus
598 2927 771 3009 eundem,
794 2953 862 3000 nec
883 2953 956 2999 non
976 2944 1014 2999 et
1044 2929 1079 2999 in
1099 2952 1184 2999 eurn
1205 2944 1380 3000 eventurn
1400 2929 1592 3022 privamus
1611 2927 1739 3022 ipsum

234 3054 446 3128 Walterurn
475 3054 775 3126 archidiaconatu
807 3051 1123 3138 Huntindonensi‚
1164 3035 1276 3148 quem
1305 3054 1451 3126 obtinet
1491 3051 1527 3123 in
1565 3053 1739 3148 predicta

232 3179 481 3254 Lincolniensi
510 3175 675 3262 ecclesia,
706 3203 749 3250 ac
778 3178 951 3251 omnibus
978 3175 1058 3250 aliis
1087 3177 1274 3251 beneficiis
1303 3177 1573 3260 ecclesiasticis,
1604 3178 1740 3272 quein

218 3307 315 3402 ,ipsa
350 3303 506 3378 ecclesia
539 3303 745 3388 obtineret;
778 3328 822 3375 ac
862 3302 1052 3376 reddimus
1090 3303 1212 3398 ipsum
1242 3319 1427 3399 perpetuo
1461 3302 1659 3376 inhabilem
1698 3319 1741 3376 et

233 3431 428 3528 indignum
455 3428 504 3501 ad
532 3453 643 3501 omne
671 3427 891 3502 beneficium
920 3427 1215 3502 ecclesiasticum
1235 3429 1269 3500 in
1300 3429 1479 3523 predicta,
1502 3429 1537 3499 in
1556 3452 1632 3523 qua
1651 3452 1740 3523 pec-

233 3557 340 3638 cavit,
372 3553 529 3627 ecclesia
557 3551 811 3635 obtinendum,
842 3554 873 3625 si
901 3577 1017 3625 onere
1036 3552 1248 3625 huiusmodi
1277 3553 1508 3648 probationis
1536 3569 1742 3649 assumpto

234 3679 412 3753 defecerit
440 3679 475 3750 in
505 3675 701 3774 probando
729 3679 833 3772 quod
862 3677 1031 3773 predicta
1058 3677 1217 3762 collatio,
1250 3694 1290 3750 ut
1318 3677 1499 3750 asseritur
1527 3674 1623 3750 lacta
1651 3677 1738 3764 sibi,

235 3804 458 3901 premissam
487 3802 723 3877 collationem
753 3818 918 3875 nostram
950 3803 1186 3898 precesserit,
1218 3817 1260 3874 ut
1295 3816 1355 3875 est
1384 3802 1535 3876 dictum.
1558 3801 1736 3874 Decerni-

234 3957 317 4004 mus
346 3930 497 4024 insuper
525 3928 747 4002 auctoritate
784 3927 930 4021 prelata
957 3951 1004 3999 ex
1034 3952 1131 4000 nunc
1159 3927 1300 4000 irritum
1331 3945 1369 4000 et
1397 3927 1506 3998 inane
1544 3925 1575 3998 si
1602 3943 1737 3998 contra

234 4070 449 4150 presentem
479 4051 740 4149 provisionem,
772 4050 1042 4124 ordinationem
1075 4067 1114 4123 et
1155 4052 1370 4124 mandatum
1410 4067 1539 4124 nostra
1576 4075 1684 4123 secus
1712 4073 1740 4121 a

233 4203 386 4276 quoque
415 4177 576 4250 scienter
603 4175 662 4250 vel
691 4177 908 4274 ignoranter
937 4176 1137 4273 contigerit
1164 4177 1392 4271 attemptari.

313 4300 412 4376 Nulli
441 4329 545 4400 erg0,
576 4319 615 4374 et
643 4319 780 4388 cetera,
812 4302 929 4374 nostri
957 4300 1055 4388 dicti,
1086 4300 1341 4386 ordinationis
1382 4301 1557 4385 mandati,
1602 4301 1738 4375 volun-

232 4429 331 4510 tatis,
363 4426 638 4508 reservationis,
669 4426 929 4521 impositionis,
951 4425 1169 4522 privationis
1188 4442 1226 4498 et
1253 4425 1527 4500 constitutionis
1547 4442 1617 4499 etc.
1643 4425 1734 4500 Dat.

235 4553 421 4638 Laterani,
453 4575 522 4624 xrn
552 4549 624 4624 kal.
655 4550 787 4635 martii,
817 4575 916 4622 anno
945 4549 1006 4624 V⁰.

314 4679 353 4750 ln
382 4702 412 4752 c.
443 4704 489 4750 m.
524 4676 795 4748 venerabilibus
824 4674 1009 4762 fratribus,
1034 4734 1072 4749 ..
1113 4673 1373 4760 Lincolniensi,
1397 4737 1435 4752 ..
1478 4673 1736 4748 Wintoniensi

234 4819 330 4878 et..
373 4801 619 4875 Cremonensi
648 4801 847 4896 episcopis.
879 4800 967 4873 Dat.
999 4815 1040 4871 ut
1069 4824 1193 4896 supra.
