3718 5918
857 319 994 379 Soeculo
1012 319 1044 378 X
1054 319 1137 380 VIII

942 653 1032 732 382.

245 817 382 891 Tribus
408 816 529 890 dubei's
555 843 579 890 o
608 817 707 889 Rota
727 815 929 914 propositis
955 815 1054 888 circe
1081 814 1357 888 emolumentum
1389 813 1634 888 Adiutorebus
1660 825 1741 888 slu-

318 943 466 1016 de'orum
487 953 563 1042 pro
589 941 795 1014 extensione
821 939 1038 1013 decessionum
1065 937 1308 1023 statuendum,
1337 941 1437 1013 ce'rcu
1472 964 1564 1012 uuus
1600 939 1744 1012 Serrete'

317 1076 353 1139 et
376 1067 476 1141 eirea
503 1091 634 1140 causus
655 1067 951 1165 propinquorum
977 1074 1014 1138 et
1037 1063 1208 1160 affinium
1234 1064 1495 1176 uouumple'us
1521 1065 1740 1138 conmitten-

318 1191 388 1265 dos
413 1191 453 1264 u'u
481 1194 592 1277 Rota,
623 1191 731 1288 Papo
758 1189 956 1288 respoudit,
981 1202 1052 1288 per
1077 1214 1184 1262 suum
1208 1189 1437 1264 Audt'torern.

317 1348 434 1416 (Arcu.
453 1347 539 1420 Ros„
564 1345 690 1406 ·Lz·oer
709 1344 742 1404 S.
761 1345 866 1404 Rotae
885 1361 917 1402 u.
936 1345 998 1420 2»,
1017 1351 1094 1420 pag.
1113 1345 1160 1404 117
1178 1347 1261 1418 ssu).

713 1543 785 1618 Die
816 1567 865 1638 30
894 1489 1128 1640 Septembris
1154 1565 1265 1636 1702.

318 1705 435 1779 Facta
471 1705 763 1803 praemissorum
801 1705 981 1780 relatione
1018 1706 1139 1782 Ssriio.
1182 1705 1229 1781 D.
1268 1706 1372 1794 Nro„
1404 1707 1504 1783 Dim.
1535 1706 1738 1794 Clementi,

239 1829 377 1905 Divina
405 1828 642 1905 Providentia
671 1829 797 1928 Papae
825 1829 878 1904 XI
907 1855 977 1928 per
1004 1857 1064 1904 me
1092 1828 1368 1929 infrascriptum
1398 1833 1618 1908 Sanctitatis
1638 1835 1744 1909 Suae

186 1985 190 1997 ·
239 1954 475 2043 Auditorem‚

322 2081 459 2170 Quoad
473 2081 644 2180 primum
662 2125 688 2136 —
707 2079 896 2156 Sanctitas
924 2081 1001 2156 Sua
1024 2082 1252 2179 approbavit
1278 2081 1473 2178 antiquum
1494 2083 1739 2160 honorarium

238 2223 431 2280 scutorum
473 2209 584 2280 trium
626 2231 697 2304 pro
738 2207 959 2282 extensione
999 2205 1197 2282 cuiuslibet
1233 2207 1457 2296 Decisionis,
1496 2211 1740 2306 reprobando

238 2356 438 2405 excessum
466 2329 503 2405 in
531 2355 770 2428 quacumque
799 2358 964 2420 summa3

322 2455 460 2548 Quoou'
482 2457 678 2530 secuudum
696 2456 930 2532 -Sanctitas
966 2455 1043 2531 Sua
1081 2457 1308 2554 approbavit
1343 2459 1469 2555 quoad
1507 2484 1639 2535 omnes
1677 2461 1739 2534 sui

237 2597 376 2678 partes,
407 2581 503 2656 itaut
540 2599 615 2655 tam
653 2582 725 2656 hoc
761 2583 952 2679 praesenti
987 2605 1097 2668 anno,
1128 2608 1242 2678 quam
1280 2583 1315 2655 in
1353 2599 1547 2680 posterum
1577 2585 1739 2684 singulis

236 2707 345 2781 annis
372 2708 408 2780 in
437 2709 557 2804 prima
585 2708 685 2781 Rota
713 2707 853 2782 mensis
881 2707 1072 2796 Octobris,
1103 2733 1177 2782 non
1197 2710 1319 2782 solum
1340 2707 1493 2784 Domini
1514 2708 1735 2800 Auditores,

237 2831 304 2906 sed
332 2833 451 2906 etiam
474 2857 604 2906 eorum
633 2831 841 2907 Adiutores
869 2832 990 2908 Studii
1018 2849 1058 2908 et
1077 2833 1273 2908 Habentes
1293 2833 1490 2922 secretum,
1512 2835 1616 2910 iuxta
1636 2835 1738 2910 Con·

236 2957 467 3032 stitutionem
501 2957 559 3032 fel.
590 2982 663 3031 rec.
697 2957 839 3032 Urbani
871 2957 966 3045 v111,
997 2957 1145 3032 insimul
1182 2975 1221 3031 et
1256 2957 1499 3058 collegialiter
1535 2959 1734 3034 Constitu·

236 3081 375 3155 tionem
404 3082 634 3178 praedictam
664 3107 751 3156 sese
777 3082 827 3156 ad
856 3105 1019 3180 unguem
1054 3085 1326 3158 observaturos
1362 3084 1483 3157 iurare
1519 3098 1734 3172 teneantur,

235 3207 396 3283 exclusis
416 3207 639 3282 habentibus
658 3209 818 3305 gratiam
838 3209 972 3282 secreti
992 3223 1098 3282 extra
1118 3233 1323 3294 numerum,
1346 3233 1422 3306 qua
1439 3206 1522 3283 illos
1540 3208 1588 3282 de
1606 3226 1740 3285 cetero

235 3331 404 3430 gaudere
431 3331 593 3429 amplius
622 3356 695 3405 non
724 3332 863 3407 debere
891 3331 1108 3406 declaravit.

321 3457 457 3548 Quoad
470 3459 618 3530 tertium
637 3502 663 3510 -
682 3457 832 3532 dabitur
850 3457 1030 3532 resolutio
1047 3475 1252 3556 postquam
1273 3459 1454 3532 maturius
1478 3460 1735 3538 examinatum

234 3583 345 3658 luerit
374 3583 550 3657 Dubium.
580 3582 730 3655 Interim
760 3583 948 3657 Sanctitas
976 3581 1052 3658 Sua
1079 3583 1250 3681 permisit
1278 3583 1421 3658 servari
1452 3585 1615 3660 solitum.

1051 3743 1076 3822 l.
1109 3744 1156 3820 D.
1188 3743 1444 3832 Paraccianus‚
1473 3745 1650 3823 Auditor.

937 4061 1027 4140 383.

235 4222 395 4298 Clemens
424 4224 495 4297 XI
513 4223 671 4298 maudut
695 4232 738 4296 ut
761 4224 802 4296 e'u
828 4221 1107 4296 admeisioue'bus
1137 4247 1313 4297 uovorum
1348 4223 1577 4298 Auditorum
1609 4227 1731 4300 omno

271 4349 274 4355 ’
312 4359 348 4423 et
379 4348 530 4445 singula
565 4349 715 4423 seruari
746 4346 851 4421 solito
888 4347 1056 4421 inviolate
1092 4347 1325 4422 observentur
1355 4358 1391 4422 et
1428 4347 1731 4450 Motuspropreiu

311 4474 533 4572 expede'utur
572 4475 611 4547 e'u
642 4473 776 4570 sermo
816 4470 922 4546 solito
963 4481 998 4545 et
1035 4496 1115 4546 cum
1154 4472 1321 4546 clausula
1356 4473 1553 4548 «servatis
1590 4475 1730 4550 servari

313 4599 486 4674 solitis».

311 4755 428 4826 (Auca.
447 4755 533 4827 Ror„
557 4753 680 4813 «Liber
697 4754 731 4813 S.
750 4754 891 4824 Rotae»,
909 4767 969 4810 seu
989 4750 1088 4810 Liber
1107 4752 1304 4826 e'urameute',
1320 4759 1397 4827 pag.
1415 4752 1500 4826 187).

732 4953 805 5028 Die
832 4975 872 5026 1v
899 4953 1079 5028 Octobris
1113 4974 1223 5049 1702.

312 5115 379 5191 SS.
412 5115 459 5190 D.
491 5115 537 5191 N.
569 5115 746 5189 Clemens
774 5113 838 5201 XI,
869 5115 1089 5190 desiderans
1117 5113 1268 5189 omuino
1287 5127 1328 5187 ut
1346 5113 1383 5186 in
1411 5113 1585 5212 ingressu
1614 5139 1728 5190 novo·

231 5266 313 5314 rum
342 5241 568 5315 Auditorum
597 5241 844 5314 observentur
870 5263 1002 5314 omnes
1030 5237 1276 5314 formalitates
1302 5261 1325 5311 a
1352 5252 1523 5334 tempore
1540 5238 1727 5314 immemo-

229 5364 333 5440 rabili
361 5388 482 5461 usque
510 5364 559 5438 ad
587 5389 782 5461 praesens,
810 5363 955 5461 absque
983 5361 1057 5437 ulla
1084 5362 1359 5438 intermissione
1378 5379 1418 5436 et
1436 5362 1724 5459 dispensatione,
