3708 5918
737 357 916 418 Benedr'cto
934 357 1007 418 XII
1582 360 1620 420 85

202 547 296 626 ιι*
326 549 497 625 Caveant
532 565 656 624 tamen
688 549 876 624 Advocati
911 549 1067 648 predicti
1105 575 1152 624 ne
1186 551 1234 623 de
1271 551 1393 626 causis
1430 553 1619 648 predicto·

116 675 224 749 rum¹
256 700 477 772 pauperum,
499 701 596 772 quas
616 701 684 773 per
712 674 793 748 illos
813 676 878 771 qui
906 699 972 749 eas
1000 699 1212 772 proponere
1232 676 1361 750 volunt
1388 677 1507 774 gratis
1535 701 1619 773 pro

117 800 206 895 poni
232 799 417 886 volumus,
447 800 630 895 quidquid
658 799 811 874 omnino
839 799 1029 895 recipiant,
1059 799 1172 874 etiam
1205 799 1253 874 de
1280 803 1446 896 ipsorum
1475 825 1619 897 paupe-

117 949 198 996 rum
227 939 404 1020 prompta
432 925 608 998 instantia
636 923 866 1000 liberalitatis
894 923 1072 998 oblatum.

203 1045 298 1122 η*
326 1045 400 1142 Qui
428 1064 555 1122 autem
584 1049 715 1156 abeis
743 1047 883 1145 aliquid
916 1047 1134 1144 receperint,
1156 1073 1395 1145 nequaquam
1414 1049 1617 1123 dominium

116 1175 197 1248 eius
225 1174 432 1270 acquirant,
462 1175 531 1247 sed
558 1174 609 1248 ad
636 1173 910 1247 restitutionem
939 1173 1041 1271 dupli
1070 1174 1151 1248 eius
1179 1173 1283 1269 quod
1314 1175 1534 1270 receperint,
1566 1175 1619 1248 sic

117 1299 173 1372 eis
200 1299 319 1372 teneri
347 1298 519 1373 volumus
546 1314 586 1373 et
612 1297 808 1396 adstringi,
838 1315 881 1371 ut
909 1299 995 1373 nihil
1024 1323 1093 1395 per
1120 1298 1241 1374 dictos
1259 1323 1448 1398 pauperes
1481 1300 1618 1374 remitti

117 1423 241 1520 possit
267 1423 407 1498 eidem:
438 1423 629 1520 adquam
663 1424 816 1520 quidem
857 1425 1131 1498 restitutionem
1170 1450 1239 1522 per
1265 1423 1619 1499 Vicecancellarium
1732 1493 1739 1508 ‚

116 1549 256 1622 Sancte
285 1549 456 1624 Romane
486 1547 664 1636 Ecclesie,
688 1549 753 1645 qui
780 1547 850 1622 erit
879 1573 949 1645 pro
976 1564 1160 1646 tempore,
1181 1575 1251 1646 per
1278 1575 1475 1625 censuram
1495 1549 1622 1626 Eccle-

118 1673 307 1748 siasticam
335 1672 619 1770 compellantur.

202 1795 294 1890 13.*
322 1797 381 1872 Ne
408 1823 500 1873 vero
530 1799 649 1897 (quod
676 1799 789 1898 absit)
820 1798 1033 1896 cupiditatis
1066 1799 1180 1873 ardor
1220 1799 1346 1873 incitet
1381 1799 1619 1874 Advocatum

116 1947 189 2018 pro
220 1923 469 1998 immoderato
497 1925 600 1997 lucro
628 1923 815 2020 captando
843 1924 892 1998 ad
921 1923 1199 2019 suscipiendum
1228 1948 1425 1998 causarum
1452 1923 1620 1999 multitu·

118 2049 246 2121 dinem
273 2048 324 2122 ad
342 2073 502 2145 quarum
521 2049 767 2145 patrocinium
788 2072 864 2122 non
891 2049 1038 2134 sufficit,
1059 2074 1134 2123 non
1154 2049 1300 2144 absque
1319 2049 1484 2145 ipsarum
1505 2048 1620 2124 detri-

119 2190 251 2247 mento
284 2196 483 2248 causarum
520 2188 559 2245 et
592 2173 851 2247 clientulorum
880 2197 1034 2247 suorum
1073 2171 1301 2268 irreparabili
1343 2172 1546 2269 preiudicio
1580 2189 1621 2248 et

117 2300 271 2378 iactura.
302 2297 474 2372 omnibus
503 2297 710 2372 Advocatis
742 2297 909 2372 eiusdem
944 2299 1115 2372 Romane
1154 2296 1267 2370 Curie
1304 2298 1543 2394 presentibus
1580 2315 1619 2372 et

115 2423 252 2496 suturis
279 2423 482 2497 districtius
510 2422 729 2510 inhibemus,
768 2449 816 2497 ne
848 2425 1048 2520 quisquam
1081 2447 1212 2497 eorum
1250 2439 1309 2496 tot
1334 2446 1468 2497 causas
1502 2425 1620 2497 susci-

114 2547 198 2643 piat
225 2548 329 2643 quod
357 2547 412 2622 eis
439 2548 761 2644 opportunitatem
790 2548 990 2625 necessarii
1019 2548 1132 2622 studii
1160 2564 1201 2622 et
1232 2545 1422 2622 solertiam
1454 2548 1619 2623 debitam

114 2673 152 2745 in
181 2671 458 2769 prosequendis
484 2697 552 2746 seu
581 2670 786 2772 dirigendis
813 2673 956 2747 eisdem
985 2687 1176 2770 nequeant
1202 2671 1388 2757 exhibere,
1419 2698 1503 2746 cum
1540 2697 1619 2746 me-

115 2796 187 2870 lius
216 2798 264 2870 sit
291 2821 411 2893 pauca
437 2797 645 2879 attendere,
676 2822 790 2893 quam
819 2798 936 2872 multa
963 2799 1154 2894 suscipere
1182 2796 1401 2894 periculose.

204 2945 262 3014 ¹4·
278 2919 299 2962 '¹‘
326 2918 442 3015 Quod
483 2923 514 2996 si
550 2922 647 2996 sorte
682 2936 812 2998 contra
854 2923 1107 2997 inhibitionem
1150 2923 1362 2997 huiusmodi
1399 2936 1457 2996 tot
1484 2948 1618 2997 causas

117 3046 340 3142 receperint,
361 3063 404 3120 ut
420 3045 562 3120 eisdem
584 3046 741 3145 singulis
770 3071 843 3122 non
873 3049 1022 3144 possint
1048 3047 1215 3121 debitum
1244 3049 1408 3121 studium
1427 3063 1468 3121 et
1495 3070 1620 3120 neces·

116 3171 269 3245 sitatem
298 3169 445 3246 solitam
473 3170 651 3246 adhibere
679 3189 719 3245 et
745 3175 796 3246 ob
823 3171 893 3248 hoc
913 3172 1033 3246 dictas
1052 3197 1197 3260 causas,
1219 3171 1279 3245 vel
1298 3197 1426 3246 earum
1441 3172 1617 3269 aliquam,

114 3295 237 3390 perire
275 3293 333 3369 vel
376 3296 484 3369 nimis
521 3295 763 3391 dispendiose
800 3296 936 3371 differri
973 3297 1176 3393 contingat,
1216 3296 1265 3370 ad
1306 3295 1618 3370 restaurationem

115 3443 381 3517 expensarum,
416 3420 639 3494 damnorum
677 3436 715 3494 et
747 3421 931 3496 interesse
963 3422 1090 3517 partis,
1122 3421 1154 3494 si
1173 3419 1276 3494 talis
1310 3419 1357 3495 sit
1393 3444 1507 3493 causa
1543 3445 1617 3517 que

114 3543 392 3620 estimationem
421 3546 575 3642 recipiat
601 3543 662 3618 vel
689 3545 738 3619 de
766 3547 870 3620 cuius
898 3549 1081 3623 interesse
1100 3547 1222 3642 possit
1249 3544 1432 3629 satisfieri,
1453 3546 1618 3644 integra-

114 3669 199 3744 liter
227 3683 438 3756 teneantur,
458 3669 622 3765 alioquin
651 3669 749 3745 ultra
778 3695 965 3768 expensas
994 3671 1158 3756 easdem,
1175 3695 1244 3765 per
1261 3671 1422 3744 eundem
1442 3669 1618 3745 Vicecan·

115 3795 305 3868 cellarium
334 3793 370 3867 in
398 3796 520 3869 causis
549 3792 876 3884 consistorialibuS,

202 3915 298 4013 15.*
325 3918 363 3992 in
392 3921 516 3993 causis
543 3943 634 3993 vero
661 3919 742 3994 aliis
771 3945 865 4014 quas
892 3921 994 4017 apud
1022 3919 1161 3993 Sedem
1189 3919 1449 4016 Apostolicam
1482 3920 1618 4018 agitari

115 4043 326 4140 contigerit,
357 4068 428 4139 per
454 4043 659 4119 Auditores
688 4045 854 4142 ipsarum
881 4071 1092 4130 causarum,
1114 4043 1192 4118 sive
1212 4045 1417 4118 Auditores
1445 4045 1516 4142 ipsi
1543 4045 1618 4119 sint

117 4166 339 4243 Cardinales
367 4167 505 4243 Sancte
539 4169 709 4243 Romane
738 4168 917 4256 Ecclesie,
948 4170 1026 4242 sive
1053 4169 1113 4243 alii
1141 4170 1206 4266 qui
1233 4169 1335 4266 apud
1364 4167 1502 4242 Sedem
1530 4193 1617 4264 pre-

115 4293 254 4367 dictam
282 4293 495 4368 huiusmodi
523 4293 718 4379 audierint,
748 4294 903 4368 arbitrio
931 4294 1142 4390 puniantur.

201 4413 294 4494 ro*
322 4417 482 4506 Rursus,
499 4418 656 4515 quilibet
683 4419 904 4494 Advocatus
931 4433 1135 4516 antequam
1154 4443 1305 4492 causam
1333 4418 1617 4514 proponendam

115 4558 153 4616 et
179 4541 416 4642 dirigendam
445 4543 635 4641 suscipiat,
666 4541 804 4618 factum
842 4543 1004 4618 clientuli
1045 4543 1148 4617 cuius
1180 4545 1254 4617 erit
1288 4543 1498 4641 negocium,
1531 4566 1616 4616 curn

115 4665 320 4764 principali,
365 4667 395 4742 si
432 4669 582 4765 poterit,
625 4668 684 4742 vel
722 4693 806 4744 cum
848 4684 1093 4765 procuratore
1135 4693 1201 4740 seu
1243 4684 1462 4764 promotore
1504 4690 1617 4740 cause

114 4793 242 4888 ipsius,
271 4808 404 4888 etque
423 4793 665 4881 munimenta,
685 4793 895 4890 qualesque
915 4793 1158 4890 probationes
1187 4817 1302 4889 super
1330 4793 1430 4867 dicto
1458 4792 1617 4890 negocio

114 4913 312 4990 clientulus
340 4917 480 4991 habeat
498 4931 538 4990 et
556 4917 697 4992 habere
716 4919 865 5014 poterit,
888 4917 1079 4991 examinet
1096 4916 1304 5014 diligenter,
1325 4933 1365 4990 et
1384 4917 1415 4990 si
1442 4943 1490 4990 ex
1509 4915 1616 4990 insor-

115 5043 280 5115 matione
307 5038 520 5115 huiusmodi
549 5043 713 5139 reperiat
741 5043 890 5128 iustam,
920 5041 1178 5116 rationabilem
1206 5058 1245 5114 et
1273 5041 1503 5137 probabilem
1535 5039 1615 5115 eius

115 5190 277 5252 causam,
308 5188 424 5264 quam
451 5165 748 5240 informationem
768 5167 804 5240 in
825 5165 974 5263 scriptis
993 5166 1183 5240 redactam
1212 5166 1280 5240 sibi
1300 5163 1410 5240 laciat
1428 5163 1614 5251 exhibere,

191 5425 200 5460 ¹
220 5425 258 5484 ln
277 5423 396 5484 eodem
416 5421 516 5482 Libro
533 5440 612 5484 vox:
633 5425 859 5498 predictorum,
882 5425 982 5483 deest.
