3708 5918
698 351 850 410 Iohanne
869 349 974 409 XXII
1566 340 1600 398 71

110 550 262 622 ditorum
284 563 431 622 secrete
449 563 577 620 tenere
597 546 762 620 debeant
780 569 902 640 usque
924 559 1013 641 post
1041 543 1264 617 sententiam
1301 538 1601 637 promulgatam

111 675 327 748 contrarium
364 696 455 746 vero
482 671 660 745 facientes
688 695 757 766 per
784 695 899 744 unum
935 693 1103 743 mensem
1138 669 1188 742 ab
1223 667 1396 765 ingressu
1432 662 1601 736 eiusdem

112 796 227 896 palatii
255 798 545 894 suspendantur.
577 795 616 868 Si
650 811 777 869 autem
804 795 940 868 iterato
967 795 1003 866 in
1031 793 1204 866 eamdem
1242 791 1391 886 culpam
1428 787 1603 870 incidant,

112 921 298 1018 priventur
323 936 509 1016 perpetuo
528 944 657 993 eorum
677 917 798 992 officio
813 917 1001 992 audientie
1019 941 1216 992 causarum
1236 915 1362 1012 palatii
1382 911 1565 1010 prelibati.
1585 907 1605 951 '¹‘

181 1047 200 1142 5
231 1066 264 1137 7.
295 1045 401 1129 Item,
432 1035 538 1140 quod
572 1044 779 1118 Auditores
812 1043 981 1141 predicti,
1020 1057 1217 1140 presentes
1254 1037 1438 1123 videlicet,
1477 1037 1604 1110 statim

112 1185 190 1267 post
216 1169 508 1266 publicationem
536 1169 722 1266 presentis
750 1167 1005 1254 ordinationis,
1036 1167 1177 1263 posteri
1206 1189 1296 1238 vero
1323 1178 1528 1257 antequam
1555 1160 1605 1232 ad

20 1369 21 1380 ,
113 1294 263 1369 officium
283 1294 540 1380 admittantur,
561 1295 598 1366 in
625 1293 796 1367 manibus
824 1291 1113 1366 vicecancellarii
1140 1306 1269 1364 sancte
1298 1289 1468 1362 Romane
1486 1285 1605 1359 eccle-

112 1419 168 1506 sie,
187 1433 322 1492 nostro
349 1434 389 1492 et
415 1418 534 1515 ipsius
561 1418 717 1491 ecclesie
746 1417 904 1503 nomine,
936 1417 1184 1490 iuramentum
1216 1426 1390 1510 prestent
1417 1411 1452 1484 in
1472 1409 1602 1496 forma,

111 1569 176 1641 que
202 1545 384 1639 sequitur,
414 1567 484 1640 per
511 1542 580 1616 hec
607 1544 737 1617 verba:

592 1735 845 1809 loramentum
874 1736 1114 1810 Auditorum.

180 1917 198 2012 ᾗ
229 1919 264 1989 8.
301 1914 386 2013 Ego
416 1974 437 1990 ..
469 1912 641 2000 Auditor,
671 1915 720 1987 ab
747 1914 817 1986 hac
849 1913 944 1987 hora
979 1913 1015 1986 in
1042 1928 1154 1986 antea
1182 1910 1301 1984 fidelis
1328 1935 1394 1984 ero
1413 1910 1449 1983 b.
1479 1923 1600 2003 petro,

110 2056 309 2144 sancteque
338 2039 446 2112 Rom.
466 2037 555 2111 eccl.
576 2053 616 2112 et
634 2039 786 2112 domino
806 2061 892 2111 meo
908 2036 1062 2111 domino
1081 2061 1190 2132 papa,
1212 2036 1293 2108 eius
1322 2033 1602 2108 successoribus

109 2163 278 2237 canonice
306 2163 540 2236 intrantibus.
572 2161 659 2235 Non
690 2185 758 2236 ero
786 2160 821 2234 in
850 2160 970 2247 facto,
993 2160 1146 2234 consilio
1174 2157 1233 2232 vel
1269 2182 1467 2243 consensu,
1498 2156 1602 2252 quod

108 2288 213 2362 vitam
244 2289 404 2385 perdant
422 2302 489 2361 aut
516 2288 734 2372 membrum,
764 2286 823 2359 vel
852 2286 1048 2382 capiantur
1066 2284 1165 2360 mala
1191 2283 1385 2380 captione:
1409 2281 1602 2356 consilium

108 2412 204 2508 quod
232 2435 303 2508 per
330 2437 372 2486 se
398 2409 458 2484 vel
485 2411 597 2486 aliurn
616 2411 789 2484 nuncium
809 2435 917 2483 suurn
938 2435 1005 2484 seu
1032 2410 1159 2484 literas
1188 2409 1275 2482 mihi
1298 2407 1473 2481 credituri
1502 2422 1599 2490 sunt,

107 2536 221 2635 signo,
245 2538 363 2610 verbo
382 2534 441 2609 vel
460 2549 563 2623 nutu,
584 2559 645 2609 me
664 2537 817 2621 sciente,
838 2534 886 2608 ad
906 2559 1036 2609 eorum
1057 2535 1234 2608 damnum
1263 2557 1329 2608 seu
1360 2531 1602 2629 preludicium

106 2659 239 2735 nemini
267 2659 448 2758 pandam:
486 2675 526 2734 et
553 2659 769 2755 simpliciter
795 2658 848 2732 sic
877 2683 956 2742 sua,
982 2683 1057 2754 que
1085 2675 1231 2732 secreta
1259 2681 1345 2731 esse
1373 2679 1599 2754 cognovero,

106 2789 267 2862 servabo
295 2801 452 2872 secrete,
482 2783 587 2882 quod
615 2783 703 2858 nulli
731 2807 904 2880 persone,
935 2785 983 2857 de
1015 2807 1091 2878 qua
1119 2783 1269 2862 credam
1303 2783 1372 2857 sibi
1407 2780 1603 2878 displicere

106 2912 136 2982 si
161 2911 195 2984 ei
222 2909 446 2996 revelarem,
477 2910 560 3005 ipsa
590 2909 836 2984 manifestabo
856 2911 1027 2982 scienter.
1049 2907 1088 2983 Si
1107 2910 1285 2982 damnum
1304 2932 1433 2982 eorum
1453 2905 1604 2980 tractari

103 3039 258 3119 scivero,
280 3059 350 3132 pro
377 3059 492 3132 posse
512 3058 598 3108 meo
617 3033 827 3130 impediam,
850 3057 897 3106 ne
915 3033 981 3106 fiat
1001 3033 1154 3109 eisdem.
1176 3033 1215 3107 Si
1241 3057 1308 3130 per
1336 3057 1396 3106 me
1424 3031 1604 3129 impedire

103 3183 175 3235 non
202 3183 373 3257 possem,
403 3183 473 3256 per
508 3159 681 3233 nuncium
709 3157 768 3233 vel
796 3157 923 3232 literas
951 3158 1006 3231 eis
1034 3157 1243 3256 significare
1280 3158 1429 3242 curabo,
1469 3155 1528 3230 vel
1555 3154 1604 3228 illi

102 3309 312 3381 perquem
341 3284 450 3358 citius
468 3283 518 3358 ad
545 3307 676 3356 eorum
696 3281 864 3356 notitiam
892 3283 1111 3356 deducatur.
1134 3283 1315 3378 Papatum
1343 3306 1538 3356 romanum
1566 3295 1605 3354 et

102 3410 243 3508 regalia
271 3408 336 3484 bti.
366 3407 464 3504 petri
489 3424 529 3482 et
555 3407 681 3482 omnia
708 3409 788 3482 iura
807 3407 979 3482 Romane
1006 3407 1173 3494 ecclesie,
1195 3431 1270 3502 que
1297 3406 1412 3480 habet
1440 3406 1606 3480 ubicum-

102 3559 187 3631 que,
218 3535 474 3609 manutenebo
502 3533 592 3608 totis
620 3534 759 3608 viribus
788 3548 826 3606 et
863 3531 1073 3608 defendam.
1105 3533 1271 3630 Negotia
1298 3549 1338 3606 et
1365 3531 1497 3619 officia,
1518 3530 1605 3604 mihi

100 3685 122 3732 a
148 3660 308 3735 domino
334 3682 435 3755 papa
462 3657 521 3732 vel
559 3658 641 3732 eius
668 3656 969 3732 vicecancellario
1002 3659 1202 3732 commissa
1236 3656 1296 3732 vel
1324 3655 1604 3741 committenda,

101 3782 261 3860 fideliter
288 3807 420 3882 geram
449 3799 488 3856 et
515 3783 671 3858 sollicite
698 3784 897 3870 exercebo,
917 3799 956 3856 et
985 3783 1195 3880 specialiter
1213 3781 1372 3856 officium
1392 3781 1605 3856 auditorum

101 3911 192 3984 sacri
213 3910 355 4008 palatii,
376 3909 571 3984 reddendo
590 3908 766 3982 iustitiam
796 3909 1004 4003 unicuique.
1029 3908 1140 3982 Dona
1158 3907 1217 3981 vel
1238 3930 1391 3980 munera
1410 3932 1476 3982 seu
1496 3907 1606 3980 xenia

100 4053 162 4110 aut
180 4035 457 4132 obligationem
476 4034 545 4108 ‘vel
573 4033 861 4130 promissionem
881 4058 997 4130 super
1024 4033 1103 4120 illis,
1126 4058 1194 4130 per
1222 4058 1290 4120 me,
1311 4034 1370 4107 vel
1397 4031 1509 4108 alium
1538 4057 1605 4106 seu

99 4159 201 4247 alios,
234 4185 259 4233 a
290 4159 472 4254 partibus,
502 4183 629 4232 coram
657 4183 717 4232 me
746 4181 880 4232 causas
900 4158 1123 4233 habentibus
1143 4183 1208 4232 seu
1238 4183 1366 4232 earum
1388 4157 1523 4254 aliqua,
1545 4157 1605 4230 vel

99 4309 121 4356 a
154 4283 319 4358 notariis
355 4284 547 4380 deputatis
583 4283 631 4356 ad
673 4283 910 4357 scribendum
948 4307 1072 4356 coram
1112 4309 1172 4356 me
1200 4298 1284 4357 acta
1311 4282 1495 4358 dictarum
1523 4305 1606 4356 cau-

99 4432 226 4481 sarum
264 4407 327 4480 vel
359 4407 440 4482 aliis
468 4431 538 4504 pro
570 4407 714 4480 eisdem
742 4433 808 4481 seu
847 4431 978 4480 eorum
1007 4407 1167 4495 nomine,
1198 4432 1273 4481 non
1302 4408 1494 4504 recipiam;
1523 4408 1607 4502 qui-

100 4533 198 4606 nimo
244 4555 383 4606 omnes
413 4529 591 4606 officiales
608 4545 650 4606 et
675 4554 807 4606 omnes
826 4530 1025 4606 familiares
1054 4557 1159 4606 meos
1188 4533 1288 4606 omni
1307 4531 1510 4630 diligentia,
1531 4555 1609 4627 qua

99 4672 251 4750 potero,
293 4655 423 4730 faciam
451 4657 651 4734 abstinere.
683 4655 761 4730 Nec
789 4658 902 4730 etiam
931 4681 1001 4752 pro
1039 4656 1162 4754 sigillo
1199 4682 1296 4743 meo,
1338 4682 1407 4730 nec
1434 4681 1505 4754 pro
1541 4681 1605 4730 ru·

98 4781 209 4856 bricis
229 4779 414 4856 faciendis
435 4783 470 4854 in
499 4781 634 4865 causis,
656 4782 692 4855 in
720 4781 857 4879 quibus
887 4806 969 4854 sum
990 4782 1048 4856 vel
1077 4781 1182 4856 fuero
1206 4783 1411 4878 deputatus
1430 4781 1603 4865 Auditor,

99 4931 164 4980 nec
182 4906 261 4981 alio
282 4906 432 5002 quesito
451 4905 578 4979 colore
598 4904 737 5001 aliquid
766 4905 978 5002 percipiam,
1001 4931 1069 4980 nec
1097 4933 1119 4980 a
1147 4906 1324 5004 predictis
1354 4906 1446 4980 meis
1474 4905 1607 4978 officia-

98 5027 192 5105 libus
222 5055 296 5106 seu
326 5029 565 5104 familiaribus
594 5031 708 5126 recipi
735 5029 960 5126 permittam.
984 5029 1148 5105 Consilia
1176 5055 1328 5129 quoque
1346 5030 1606 5106 coauditorum

98 5181 270 5231 meorum
290 5170 440 5228 secreta
453 5157 602 5240 tenebo,
624 5179 745 5252 usque
760 5179 837 5250 quo
852 5155 888 5228 in
904 5179 1017 5230 causa
1032 5156 1218 5230 sententia
1233 5156 1282 5229 sit
1295 5156 1452 5251 prolata.
1470 5153 1607 5252 Supra-

98 5281 196 5356 dicta
214 5277 347 5356 omnia
360 5294 401 5353 et
413 5279 561 5378 singula
574 5280 754 5377 promitto
767 5297 807 5354 et
825 5281 907 5354 iuro
921 5281 1118 5354 attendere
1132 5296 1173 5354 et
1190 5282 1393 5354 observare
1408 5281 1488 5354 sine
1507 5276 1607 5353 omni

96 5405 185 5480 dolo
213 5421 257 5480 et
285 5403 428 5480 fraude.
459 5404 520 5479 Sic
548 5429 609 5480 me
638 5405 747 5478 Deus
774 5404 936 5492 adiuvet,
966 5421 1006 5479 et
1033 5405 1100 5479 hec
1129 5420 1259 5480 sancta
1287 5405 1360 5480 Dei
1388 5403 1604 5504 Evangelia.
