3720 5914
724 246 916 308 Alexandro
943 247 989 308 VI
1547 251 1602 312 231

101 461 268 533 cumque
295 435 461 525 ecclesie,
483 437 642 535 aliisque
660 439 848 515 beneficiis
866 439 1138 524 ecclesiasticis,
1160 440 1390 518 secularibus
1418 443 1478 517 vel
1499 467 1605 544 regu·

102 560 257 645 laribus,
286 561 323 634 in
351 576 576 658 perpetuum
603 563 663 637 vel
689 562 900 660 aliquorum
940 563 1066 650 vitam,
1097 590 1164 640 seu
1205 564 1308 653 alias,
1352 566 1400 640 ad
1442 581 1603 665 tempus,

103 686 219 762 etiam
248 711 318 784 per
344 711 425 772 nos,
454 705 493 763 et
520 687 693 764 eamdem
721 689 852 763 sedem
881 714 1060 765 concessa
1086 691 1189 764 etin
1216 706 1328 765 antea
1352 693 1604 781 concedenda,

102 826 173 884 aut
201 811 299 932 fpcta
326 812 385 886 vel
412 813 592 899 facienda,
632 812 773 888 nullum
811 812 985 912 Collegio
1020 830 1059 889 et
1093 816 1340 890 Auditoribus
1367 841 1411 890 ac
1427 823 1432 836 “
1451 817 1607 893 Locate-

105 937 284 1011 nentibus
311 937 490 1034 predictis
516 937 759 1034 preiudicium
786 929 987 1028 afferatur3'
1003 940 1093 1036 quin
1121 941 1191 1036 ipsi
1210 941 1416 1016 Auditores
1433 959 1473 1016 et
1493 941 1608 1018 Loca·

105 1077 282 1137 tenentes
301 1062 338 1135 iu
365 1063 605 1138 assecutione
623 1063 887 1138 beneficiorum
907 1062 1038 1162 vigore
1065 1063 1269 1162 gratiarum
1288 1066 1608 1162 expectativarum

104 1212 151 1260 ac
180 1186 476 1262 reservationum
504 1212 575 1286 per
602 1213 672 1263 nos
699 1204 740 1263 et
767 1189 898 1263 sedem
925 1189 1133 1285 predictam
1169 1189 1227 1266 eis
1263 1214 1528 1266 concessarum
1569 1207 1609 1266 et

106 1313 435 1387 comedendarum
463 1338 507 1388 ac
525 1313 671 1387 illarum
691 1313 1013 1400 revalidationum,
1033 1314 1305 1402 extensionum,
1326 1314 1608 1413 ampliationum

107 1451 149 1510 et
176 1436 425 1512 mutationum
443 1436 697 1527 collationum,
717 1439 891 1512 omnibus
918 1453 959 1512 et
987 1439 1144 1536 singulis
1162 1440 1341 1535 predictis
1368 1438 1511 1529 litteris,
1529 1465 1612 1540 gra·

108 1559 183 1648 tiis,
214 1560 376 1647 indultis,
405 1561 518 1636 etiarn
546 1562 735 1637 innovatis
770 1578 810 1636 et
849 1561 1078 1636 confirmatis
1113 1587 1184 1658 per
1219 1562 1389 1637 diversos
1417 1564 1612 1639 Romanos

108 1683 310 1760 Pontifices
337 1699 377 1759 et
403 1711 474 1783 per
500 1711 571 1761 nos
600 1685 952 1776 constitutionibus,
983 1688 1288 1762 concessionibus
1320 1703 1361 1762 et
1399 1688 1609 1786 dispositio·

108 1809 220 1884 nibus
247 1809 466 1907 apostolicis
494 1812 803 1909 quibuscumque,
825 1811 907 1886 aliis
934 1811 1122 1886 concessis
1140 1829 1180 1886 et
1207 1814 1469 1902 concedendis,
1490 1813 1612 1888 dictos

107 1934 318 2010 Auditores
345 1952 385 2010 et
412 1936 691 2011 Locatenentes
725 1937 933 2032 excipimus
967 1953 1007 2011 et
1039 1953 1220 2033 exceptos
1256 1961 1342 2012 esse
1373 1938 1610 2013 decernimus

108 2075 146 2132 et
175 2059 423 2148 declaramus,
453 2062 567 2136 etiam
595 2061 626 2134 si
644 2061 681 2135 in
699 2060 769 2136 illis
786 2060 922 2134 litteris
939 2077 980 2135 et
1010 2059 1162 2134 indultis
1180 2061 1344 2157 antiquis
1371 2060 1611 2138 familiaribus

108 2185 248 2258 nostris
267 2200 309 2259 ut
326 2186 513 2282 prefertur
530 2183 728 2282 descriptis
741 2211 786 2260 ac
804 2185 1052 2260 Auditoribus
1070 2201 1109 2260 et
1128 2184 1446 2260 Locatenentibus
1460 2211 1610 2260 eorum-

106 2333 183 2405 que
212 2309 385 2408 Collegio
413 2310 655 2409 singulariter
681 2326 721 2385 et
748 2335 930 2408 expresse
958 2311 1174 2408 derogetur,
1205 2311 1274 2384 nisi
1308 2310 1356 2384 de
1393 2310 1542 2386 nomine
1570 2326 1610 2386 et

107 2432 334 2531 cognomine
349 2433 546 2509 cuiuslibet
558 2434 756 2508 Auditoris
770 2451 811 2508 et
824 2433 1131 2508 Locumtenentis
1144 2449 1185 2508 et
1198 2450 1292 2529 quot
1304 2433 1411 2508 annis
1425 2449 1465 2509 et
1479 2435 1612 2508 mensi·

107 2559 180 2632 bus
194 2559 263 2633 fuit
276 2558 442 2634 Auditor
458 2583 503 2633 ac
518 2559 567 2633 de
586 2560 707 2634 forma
724 2575 764 2634 et
782 2575 914 2634 tenore
932 2557 1055 2657 gratie
1074 2583 1142 2632 sue
1156 2559 1222 2632 fiat
1238 2559 1380 2633 mentio
1399 2557 1610 2658 singularis.

188 2681 381 2780 Quodque
408 2701 608 2783 presentes
636 2683 759 2759 littere
786 2686 933 2781 absque
959 2708 1007 2760 eo
1041 2684 1146 2780 quod
1181 2683 1218 2756 in
1252 2681 1485 2757 Cancellaria
1521 2708 1608 2781 apo·

108 2809 241 2883 stolica
267 2823 335 2882 aut
362 2833 605 2906 quocumque
631 2808 704 2884 alio
732 2809 816 2884 loco
842 2808 1079 2906 publicentur
1103 2809 1153 2883 ab
1184 2807 1403 2882 earumdem
1431 2808 1521 2882 data
1548 2833 1609 2882 va·

107 2933 210 3008 leant
237 2933 465 3032 plenamque
491 2936 639 3011 roboris
665 2934 878 3009 firmitatem
897 2933 1092 3009 obtineant
1118 2933 1286 3030 ipsisque
1305 2932 1551 3008 Auditoribus
1570 2950 1610 3008 et

108 3061 432 3135 Locatenentibus
460 3062 496 3133 in
525 3060 660 3135 iudicio
687 3075 729 3134 et
754 3075 861 3135 extra
889 3059 1045 3134 ubilibet
1079 3057 1334 3156 suffragentur
1370 3059 1406 3132 in
1437 3059 1610 3134 omnibus

109 3201 150 3258 et
177 3208 248 3281 per
274 3185 399 3259 omnia
426 3187 572 3282 absque
600 3185 895 3260 contradictione
922 3183 1145 3281 exceptione
1171 3198 1211 3258 et
1237 3183 1506 3281 impedimento
1533 3184 1611 3281 qui-

106 3311 356 3406 buscumque,
387 3336 432 3385 ac
459 3311 491 3384 si
518 3310 600 3408 ipse
627 3311 751 3385 littere
787 3307 879 3384 locis
915 3308 1088 3408 personis
1127 3333 1171 3383 ac
1208 3307 1443 3406 temporibus
1475 3309 1612 3384 debitis

106 3435 300 3531 publicatc
327 3436 460 3510 forent.
490 3435 579 3510 Non
606 3436 845 3510 obstantibus
874 3433 1214 3511 Constitutionibus
1241 3449 1280 3506 et
1315 3433 1612 3508 ordinationibus

105 3557 341 3655 apostolicis,
369 3560 481 3634 editis
508 3577 548 3635 et
576 3560 743 3645 edendis,
773 3585 817 3634 ac
844 3561 1145 3656 quibuscumque
1171 3556 1315 3644 litteris,
1350 3558 1612 3656 prerogativis,

106 3683 412 3770 antelationibus,
434 3684 684 3772 facultatibus,
702 3682 917 3782 privilegiis,
939 3699 978 3757 et
996 3682 1148 3757 indultis
1167 3683 1477 3780 quibuscumque,
1499 3683 1612 3756 etiam

105 3809 351 3883 familiaribus
378 3811 518 3885 nostris
544 3809 651 3885 aliter
678 3835 791 3908 quam
821 3824 862 3882 ut
889 3808 1076 3907 prefertur
1103 3806 1387 3905 quomodolibet
1414 3804 1612 3905 descriptis

104 3948 174 4008 aut
205 3933 473 4022 describendis,
504 3961 572 4010 seu
600 3934 854 4033 Scriptoribus
881 3952 920 4008 et
948 3933 1180 4008 Officialibus
1209 3933 1349 4007 nostris
1384 3932 1444 4007 vel
1481 3957 1610 4006 eorum

107 4054 294 4156 Collegio‚
324 4057 385 4132 vel
411 4059 462 4132 ad
480 4059 598 4133 instar
615 4058 868 4156 predictorum
886 4074 1131 4153 exceptorum
1149 4055 1369 4132 familiarum
1399 4073 1611 4131 nostrorum

107 4183 385 4279 descriptorum
413 4184 679 4270 obtinentibus,
710 4182 868 4280 aliisque
894 4181 1067 4280 personis
1103 4198 1449 4278 quantumcumque
1486 4204 1611 4277 prero-

104 4308 288 4407 gativatis
316 4333 384 4406 per
425 4333 496 4383 nos
536 4333 603 4384 seu
642 4307 936 4382 Predecessores
964 4320 1115 4382 nostros
1143 4323 1209 4381 aut
1245 4307 1375 4380 sedem
1403 4306 1609 4404 predictam

105 4433 299 4506 concessis
328 4432 432 4507 etin
459 4449 654 4530 posterum
681 4431 943 4518 concedendis,
975 4454 1145 4504 necnon
1179 4429 1403 4529 specialibus
1440 4454 1611 4504 reserva-

104 4557 283 4644 tionibus,
314 4557 527 4642 unionibus,
559 4557 841 4644 annexionibus,
862 4555 1237 4654 incorporationibus‚
1268 4555 1607 4653 suppressionibus,

104 4683 429 4779 suspensionibus,
450 4681 511 4756 vel
540 4683 822 4758 reductionibus
839 4681 888 4754 ad
916 4682 975 4755 ius
1001 4705 1209 4766 commune,
1227 4705 1296 4777 per
1314 4705 1383 4754 nos
1397 4679 1456 4754 vel
1475 4679 1605 4753 sedem

104 4808 283 4882 eamdem
311 4807 419 4883 factis
460 4823 500 4882 et
540 4807 719 4882 faciendis
748 4822 791 4880 ut
817 4805 1014 4904 prefertur,
1043 4805 1202 4901 aliisque
1235 4803 1438 4901 premissis,
1472 4804 1609 4902 quibus

104 4933 295 5018 omnibus,
325 4949 365 5007 et
393 4933 424 5006 si
443 4933 491 5006 de
519 4932 589 5006 illis
616 4956 824 5028 eorumque
853 4929 943 5006 totis
962 4931 1153 5005 tenoribus
1181 4928 1352 5027 specialis
1370 4944 1410 5004 et
1426 4953 1607 5024 expressa

100 5083 149 5133 ac
177 5057 366 5132 individua
394 5057 535 5132 mentio
564 5055 739 5132 habenda
766 5055 876 5143 foret,
911 5055 1022 5130 Motu
1042 5069 1083 5128 et
1100 5055 1254 5130 scientia
1271 5052 1463 5140 similibus,
1483 5051 1609 5149 quoad

100 5183 292 5280 premissa
319 5181 530 5280 specialiter
548 5199 587 5256 et
613 5203 796 5280 expresse
815 5183 1056 5279 derogamus.
1078 5177 1263 5274 Quasque
1282 5180 1318 5252 in
1337 5201 1383 5252 ea
1405 5192 1514 5274 parte
1533 5201 1610 5274 qua

100 5308 196 5404 ipsis
231 5305 480 5383 Auditoribus
507 5322 546 5382 et
586 5306 905 5382 Locatenentibus
945 5306 983 5379 in
1011 5303 1310 5379 Canonicatuum
1337 5317 1377 5377 et
1402 5300 1607 5400 prebenda·
