3708 5918
241 272 293 334 122
896 273 1034 333 soeculo
1052 271 1085 333 X
1093 273 1121 333 V

235 465 401 541 dralibus
428 491 472 542 ac
501 466 799 563 metropolitanis
831 481 896 540 aut
923 466 1131 565 collegiatis
1158 465 1325 541 ecclesiis
1351 464 1484 554 forent,
1506 491 1582 563 que
1609 464 1737 564 vigore

236 591 442 688 gratiarum
470 616 539 688 per
567 614 636 666 nos
665 593 736 666 sub
763 591 852 666 data
881 591 964 665 VIII
992 590 1065 665 kal.
1096 589 1182 665 maii
1217 591 1455 688 pontificatus
1496 591 1614 664 nostri
1641 613 1738 664 anno

235 715 356 812 primo
385 740 702 802 concesseramus,
740 732 997 813 expectarent,
1028 716 1109 806 aliis
1137 716 1310 791 omnibus
1350 731 1390 790 et
1426 715 1582 815 singulis
1622 715 1737 789 cuius·

236 864 397 937 cumque
425 839 629 939 dignitatis,
649 842 794 939 gradus
819 840 880 916 vel
908 840 1130 916 conditionis
1158 839 1281 915 Iorent
1308 841 1421 915 efiam
1449 865 1518 938 per
1544 865 1738 938 quascum-

237 989 311 1060 que
338 967 568 1062 apostolicas
595 981 635 1040 et
662 981 767 1040 motu
807 990 852 1040 ac
880 969 952 1041 sub
978 965 1068 1040 data
1097 964 1276 1040 similibus
1303 966 1421 1040 factas
1454 967 1597 1064 gratias
1637 964 1739 1038 etin

236 1089 432 1185 quibusvis
460 1090 668 1166 studiorum
698 1091 1023 1178 Universitatibus,
1053 1116 1119 1164 seu
1148 1088 1240 1162 alias
1259 1073 1487 1188 generaliter
1503 1102 1569 1164 aut
1597 1089 1740 1186 specia-
1843 1063 1844 1078 ἵ

237 1215 331 1298 liter,
362 1239 431 1312 per
467 1241 537 1289 nos
564 1216 624 1290 vel
651 1216 788 1290 dictam
817 1217 946 1291 sedem
974 1216 1086 1290 etiam
1124 1216 1231 1292 simili
1258 1233 1374 1304 motu,
1405 1217 1477 1289 sub
1504 1237 1741 1312 quacumque

235 1341 435 1414 verborum
463 1339 582 1415 forma
609 1341 798 1415 concessis
826 1340 886 1415 vel
913 1341 1163 1415 concedendis
1185 1340 1456 1416 antelafionum
1479 1337 1740 1437 prerogativis,

237 1475 277 1536 et
306 1462 354 1536 de
381 1463 518 1561 quibus
543 1487 752 1572 eorumque
778 1463 869 1540 totis
897 1465 1090 1540 tenoribus
1118 1463 1291 1560 specialis
1318 1480 1358 1537 et
1389 1485 1573 1560 expressa
1600 1462 1741 1536 mentio

237 1587 412 1662 habenda
439 1587 545 1675 soret,
575 1587 788 1664 huiusmodi
815 1587 993 1664 beneficia
1028 1589 1325 1686 expectantibus,
1364 1588 1476 1662 etiam
1515 1587 1545 1660 si
1573 1586 1770 1682 ipsarum·

236 1710 528 1807 apostolicarum
547 1711 678 1810 vigore
696 1711 903 1786 litterarum
932 1715 968 1785 in
996 1711 1162 1788 ecclesiis
1194 1713 1230 1787 iu
1259 1713 1396 1809 quibus
1424 1709 1636 1785 huiusmodi
1654 1716 1743 1806 pre·

236 1835 359 1910 bende
385 1835 507 1910 sorent
534 1836 571 1910 in
597 1838 797 1912 canonicos
824 1837 966 1934 recepti
993 1854 1132 1923 essent,
1154 1838 1305 1912 omnino
1332 1834 1578 1934 preferentur.

316 1959 409 2047 Nos,
440 1977 483 2035 ut
509 1962 580 2058 ipsi
609 1963 815 2037 Auditores
842 1987 865 2035 a
893 1961 1022 2046 litium,
1056 1963 1193 2058 quibus
1220 1960 1312 2037 alias
1340 1959 1589 2035 verisimiliter
1624 1958 1742 2056 impli-
1834 2004 1836 2013 =

234 2102 417 2170 carentur,
449 2086 668 2184 strepitibus
704 2087 824 2183 erepti
861 2111 931 2184 pro
968 2087 1236 2162 conservandis
1276 2085 1416 2162 iustitie
1455 2083 1651 2184 gressibus
1694 2109 1743 2158 eo

235 2209 386 2285 liberius
413 2235 510 2308 quas
537 2236 664 2287 coram
692 2211 785 2306 ipsis
816 2211 914 2286 inter
949 2211 1118 2286 diversas
1151 2227 1281 2308 partes
1317 2208 1500 2285 ventillari
1541 2209 1743 2307 contigerit

235 2359 434 2410 causarum
475 2336 725 2413 decisionibus
761 2360 896 2411 vacare
933 2337 1079 2432 possint
1114 2359 1257 2424 earum,
1287 2336 1548 2430 dictorumque
1588 2357 1743 2431 presen-

237 2459 327 2534 tium
355 2462 469 2535 statui
511 2486 579 2537 nec
620 2484 694 2535 non
735 2461 1041 2536 indemnitatibus
1067 2476 1280 2558 opportune
1308 2459 1505 2534 consulere
1533 2459 1741 2556 cupientes,

236 2599 340 2659 motu
369 2585 488 2674 simili,
515 2585 749 2661 voluntatem
777 2603 817 2661 et
848 2587 966 2682 ipsius
994 2585 1200 2660 Alexandri
1240 2585 1522 2660 concessionem
1550 2583 1743 2680 predictas
1830 2602 1835 2653 :

234 2710 368 2783 eadem
395 2711 618 2785 auctoritate
646 2708 908 2786 confirmamus
936 2727 975 2783 et
1008 2711 1286 2806 approbamus:
1323 2707 1502 2806 quodque
1535 2707 1743 2782 Auditores
1833 2746 1837 2755 ·

236 2830 380 2928 prelati,
409 2835 599 2930 quamdiu,
636 2851 675 2908 ut
711 2833 949 2931 premittitur,
978 2834 1015 2908 in
1056 2835 1140 2929 ipsa
1167 2835 1269 2907 curia
1295 2846 1493 2930 presentes
1525 2829 1671 2916 suerint,
1704 2831 1740 2904 in

234 2958 487 3054 quorumlibet
500 2956 836 3034 ecclesiasticorum
855 2959 1093 3033 assecutione
1112 2957 1377 3032 beneficiorum
1396 2955 1570 3032 omnibus
1585 2979 1742 3052 quoque

235 3081 467 3182 singulisque
504 3086 643 3160 nostris
679 3084 855 3182 predictis
893 3085 1138 3181 ipsorumque
1165 3081 1383 3181 pontificum
1415 3105 1459 3156 ac
1496 3080 1597 3156 sedis
1638 3082 1742 3154 veris

233 3206 475 3284 familiaribus
502 3209 717 3284 domesticis
743 3226 783 3284 et
809 3209 994 3284 continuis
1022 3207 1336 3283 commensalibus
1363 3233 1411 3281 ex
1452 3221 1607 3292 statuto,
1642 3205 1743 3280 ordi-

236 3335 387 3408 natione
422 3349 462 3408 et
503 3334 656 3410 decreto
692 3334 772 3408 sive
808 3333 1074 3409 constitutione
1100 3333 1304 3429 premissis,
1335 3356 1504 3406 necnon
1543 3331 1742 3428 quibusvis

233 3457 314 3532 aliis
342 3459 480 3534 nostris
508 3475 547 3534 et
574 3458 793 3534 eorumdem
821 3458 1039 3556 pontificum
1066 3456 1283 3554 apostolicis
1311 3455 1614 3531 concessionibus
1642 3481 1742 3553 quo·

233 3583 440 3657 modolibet
460 3599 677 3681 competere
705 3599 744 3658 et
763 3583 958 3682 suffragari
978 3599 1168 3680 poterunt,
1189 3581 1458 3656 antelationum
1486 3579 1739 3678 prerogativis

234 3707 286 3782 uti
313 3723 353 3780 et
381 3707 549 3805 gaudere
577 3709 733 3806 possint,
764 3708 987 3783 auctoritate
1014 3707 1159 3804 prelata
1187 3706 1422 3782 declaramus
1441 3731 1508 3801 per
1526 3721 1737 3802 presentes.

316 3831 417 3906 Nulli
442 3857 537 3930 ergo
565 3833 717 3908 omnino
745 3833 936 3907 bominum
964 3831 1074 3906 liceat
1100 3833 1195 3906 banc
1222 3833 1400 3928 paginam
1445 3845 1573 3904 nostre
1605 3828 1740 3903 confir-

234 3955 417 4045 mationis,
447 3956 730 4054 approbationis
756 3973 795 4032 et
823 3956 1084 4032 declarationis
1112 3955 1312 4053 infringere
1345 3955 1406 4029 vel
1433 3954 1479 4041 ei,
1503 3979 1599 4028 ausu
1619 3970 1740 4028 teme-

234 4080 343 4169 rario,
372 4081 568 4158 contraire.
604 4081 646 4156 Si
673 4081 758 4177 quis
785 4097 911 4156 autem
939 4080 1012 4155 hoc
1038 4095 1227 4154 attentare
1254 4078 1536 4177 presumpserit,
1567 4077 1739 4175 indigna-

234 4206 373 4279 tionem
400 4207 668 4303 omnipotentis
697 4205 771 4280 Dei
798 4221 838 4280 et
864 4207 1037 4280 bd'rorum
1065 4204 1163 4278 Petri
1190 4221 1229 4278 et
1249 4202 1350 4278 Pauli
1368 4201 1627 4299 apostolorum
1656 4201 1739 4275 eius

237 4355 278 4402 se
307 4332 450 4404 noverit
478 4331 723 4407 incursurum.

195 4531 199 4539 ,
317 4455 457 4529 Datum
489 4457 619 4542 Rome,
640 4455 743 4552 apud
762 4454 800 4529 S.
827 4455 988 4542 Petrum,
1013 4478 1112 4528 anno
1131 4451 1396 4528 Incarnationis
1415 4449 1599 4526 dominice
1618 4447 1737 4524 mille·
1829 4553 1832 4560 Ι

234 4581 1031 4680 simoquadringeutesimotrigesimoprimo,
1053 4599 1108 4652 x11
1126 4577 1198 4653 kal.
1215 4579 1345 4664 martii,
1362 4575 1601 4676 pontIficatus
1615 4577 1735 4651 nostri

236 4728 336 4778 anno
364 4706 497 4803 primo.
