<?xml version="1.0" encoding="UTF-8"?>
<!DOCTYPE html PUBLIC "-//W3C//DTD XHTML 1.0 Transitional//EN"
    "http://www.w3.org/TR/xhtml1/DTD/xhtml1-transitional.dtd">
<html xmlns="http://www.w3.org/1999/xhtml" xml:lang="en" lang="en">
 <head>
  <title>
</title>
<meta http-equiv="Content-Type" content="text/html;charset=utf-8" />
  <meta name='ocr-system' content='tesseract 3.04.00' />
  <meta name='ocr-capabilities' content='ocr_page ocr_carea ocr_par ocr_line ocrx_word'/>
</head>
<body>
  <div class='ocr_page' id='page_1' title='image "./capellanipapaee00cercgoog_0540.png"; bbox 0 0 3718 5918; ppageno 0'>
   <div class='ocr_carea' id='block_1_1' title="bbox 238 277 1135 344">
    <p class='ocr_par' dir='ltr' id='par_1_1' title="bbox 238 277 1135 344">
     <span class='ocr_line' id='line_1_1' title="bbox 238 277 1135 344; baseline -0.001 0"><span class='ocrx_word' id='word_1_1' title='bbox 238 284 294 344; x_wconf 74' lang='lat' dir='ltr'>tto</span> <span class='ocrx_word' id='word_1_2' title='bbox 604 277 612 307; x_wconf 57' lang='lat'><strong>⁸</strong></span> <span class='ocrx_word' id='word_1_3' title='bbox 857 283 994 344; x_wconf 83' lang='lat' dir='ltr'>Soeculo</span> <span class='ocrx_word' id='word_1_4' title='bbox 1012 281 1135 343; x_wconf 81' lang='lat' dir='ltr'><em>XVIII</em></span> 
     </span>
    </p>
   </div>
   <div class='ocr_carea' id='block_1_2' title="bbox 241 471 1744 942">
    <p class='ocr_par' dir='ltr' id='par_1_2' title="bbox 241 471 1841 942">
     <span class='ocr_line' id='line_1_2' title="bbox 323 471 1742 569; baseline -0.002 -22"><span class='ocrx_word' id='word_1_5' title='bbox 323 473 395 547; x_wconf 90' lang='lat' dir='ltr'>Die</span> <span class='ocrx_word' id='word_1_6' title='bbox 429 497 475 565; x_wconf 87' lang='lat'>14</span> <span class='ocrx_word' id='word_1_7' title='bbox 504 471 643 546; x_wconf 83' lang='lat' dir='ltr'>mensis</span> <span class='ocrx_word' id='word_1_8' title='bbox 676 473 835 546; x_wconf 84' lang='lat' dir='ltr'>Ianuarii</span> <span class='ocrx_word' id='word_1_9' title='bbox 870 473 957 546; x_wconf 91' lang='lat' dir='ltr'>anni</span> <span class='ocrx_word' id='word_1_10' title='bbox 991 493 1090 564; x_wconf 86' lang='lat'>1734</span> <span class='ocrx_word' id='word_1_11' title='bbox 1118 473 1335 569; x_wconf 85' lang='lat' dir='ltr'>supradicta</span> <span class='ocrx_word' id='word_1_12' title='bbox 1368 471 1582 554; x_wconf 87' lang='lat' dir='ltr'>Notificatio</span> <span class='ocrx_word' id='word_1_13' title='bbox 1617 473 1742 560; x_wconf 88' lang='lat' dir='ltr'>affixa,</span> 
     </span>
     <span class='ocr_line' id='line_1_3' title="bbox 241 595 1743 695; baseline -0.002 -22"><span class='ocrx_word' id='word_1_14' title='bbox 241 612 282 674; x_wconf 88' lang='lat' dir='ltr'>et</span> <span class='ocrx_word' id='word_1_15' title='bbox 295 597 481 694; x_wconf 85' lang='lat' dir='ltr'>publicata</span> <span class='ocrx_word' id='word_1_16' title='bbox 500 597 635 672; x_wconf 80' lang='lat' dir='ltr'>suited</span> <span class='ocrx_word' id='word_1_17' title='bbox 654 596 782 672; x_wconf 85' lang='lat' dir='ltr'>valvas</span> <span class='ocrx_word' id='word_1_18' title='bbox 803 595 940 672; x_wconf 85' lang='lat' dir='ltr'>Curiae</span> <span class='ocrx_word' id='word_1_19' title='bbox 958 595 1254 684; x_wconf 78' lang='lat' dir='ltr'>Innocentiame,</span> <span class='ocrx_word' id='word_1_20' title='bbox 1271 599 1307 671; x_wconf 92' lang='lat' dir='ltr'>in</span> <span class='ocrx_word' id='word_1_21' title='bbox 1327 599 1420 673; x_wconf 88' lang='lat' dir='ltr'>Acie</span> <span class='ocrx_word' id='word_1_22' title='bbox 1441 597 1575 695; x_wconf 86' lang='lat' dir='ltr'>Campi</span> <span class='ocrx_word' id='word_1_23' title='bbox 1596 596 1743 682; x_wconf 87' lang='lat' dir='ltr'>Florae,</span> 
     </span>
     <span class='ocr_line' id='line_1_4' title="bbox 241 721 1744 817; baseline 0 -23"><span class='ocrx_word' id='word_1_24' title='bbox 241 745 284 796; x_wconf 89' lang='lat' dir='ltr'>ac</span> <span class='ocrx_word' id='word_1_25' title='bbox 305 721 340 793; x_wconf 96' lang='lat' dir='ltr'>in</span> <span class='ocrx_word' id='word_1_26' title='bbox 358 721 439 794; x_wconf 91' lang='lat' dir='ltr'>aliis</span> <span class='ocrx_word' id='word_1_27' title='bbox 468 721 559 797; x_wconf 92' lang='lat' dir='ltr'>locis</span> <span class='ocrx_word' id='word_1_28' title='bbox 587 721 716 808; x_wconf 88' lang='lat' dir='ltr'>solitis,</span> <span class='ocrx_word' id='word_1_29' title='bbox 738 735 777 794; x_wconf 88' lang='lat' dir='ltr'>et</span> <span class='ocrx_word' id='word_1_30' title='bbox 804 721 996 798; x_wconf 85' lang='lat' dir='ltr'>consuetis</span> <span class='ocrx_word' id='word_1_31' title='bbox 1026 721 1138 796; x_wconf 84' lang='lat' dir='ltr'>Urbis</span> <span class='ocrx_word' id='word_1_32' title='bbox 1158 746 1227 817; x_wconf 87' lang='lat' dir='ltr'>per</span> <span class='ocrx_word' id='word_1_33' title='bbox 1254 747 1314 797; x_wconf 88' lang='lat' dir='ltr'>me</span> <span class='ocrx_word' id='word_1_34' title='bbox 1334 722 1573 796; x_wconf 92' lang='lat' dir='ltr'>Dominicum</span> <span class='ocrx_word' id='word_1_35' title='bbox 1593 721 1744 796; x_wconf 88' lang='lat' dir='ltr'>Martini</span> 
     </span>
     <span class='ocr_line' id='line_1_5' title="bbox 244 845 522 942; baseline 0 -22"><span class='ocrx_word' id='word_1_36' title='bbox 244 850 380 942; x_wconf 82' lang='lat' dir='ltr'>Apost.</span> <span class='ocrx_word' id='word_1_37' title='bbox 413 845 522 920; x_wconf 89' lang='lat' dir='ltr'>Curs.</span> 
     </span>
    </p>
   </div>
   <div class='ocr_carea' id='block_1_3' title="bbox 1088 969 1744 1069">
    <p class='ocr_par' dir='ltr' id='par_1_3' title="bbox 1088 969 1744 1069">
     <span class='ocr_line' id='line_1_6' title="bbox 1088 969 1744 1069; baseline 0.005 -25"><span class='ocrx_word' id='word_1_38' title='bbox 1088 969 1265 1046; x_wconf 87' lang='lat' dir='ltr'>Nicolaus</span> <span class='ocrx_word' id='word_1_39' title='bbox 1295 969 1466 1068; x_wconf 86' lang='lat' dir='ltr'>Cappelli</span> <span class='ocrx_word' id='word_1_40' title='bbox 1496 971 1599 1069; x_wconf 79' lang='lat' dir='ltr'>Mag.</span> <span class='ocrx_word' id='word_1_41' title='bbox 1631 969 1744 1047; x_wconf 88' lang='lat' dir='ltr'>Curs.</span> 
     </span>
    </p>
   </div>
   <div class='ocr_carea' id='block_1_4' title="bbox 981 1217 1001 1260">
    <p class='ocr_par' dir='ltr' id='par_1_4' title="bbox 981 1217 1001 1260">
     <span class='ocr_line' id='line_1_7' title="bbox 981 1217 1001 1260; baseline 0 0"><span class='ocrx_word' id='word_1_42' title='bbox 981 1217 1001 1260; x_wconf 65' lang='lat' dir='ltr'>tlt</span> 
     </span>
    </p>
   </div>
   <div class='ocr_carea' id='block_1_5' title="bbox 954 1279 1841 1366">
    <p class='ocr_par' dir='ltr' id='par_1_5' title="bbox 954 1279 1841 1366">
     <span class='ocr_line' id='line_1_8' title="bbox 954 1279 1841 1366; baseline 0 -44"><span class='ocrx_word' id='word_1_43' title='bbox 954 1279 974 1322; x_wconf 76' lang='lat' dir='ltr'>²l=</span> <span class='ocrx_word' id='word_1_44' title='bbox 1008 1279 1029 1322; x_wconf 66' lang='grc'>11</span> <span class='ocrx_word' id='word_1_45' title='bbox 1840 1327 1841 1366; x_wconf 30' lang='grc'>1</span> 
     </span>
    </p>
   </div>
   <div class='ocr_carea' id='block_1_6' title="bbox 244 1351 1841 1731">
    <p class='ocr_par' dir='ltr' id='par_1_6' title="bbox 244 1351 1841 1731">
     <span class='ocr_line' id='line_1_9' title="bbox 244 1351 1841 1480; baseline 0.001 -26"><span class='ocrx_word' id='word_1_46' title='bbox 244 1381 355 1454; x_wconf 80' lang='lat' dir='ltr'>Aliae</span> <span class='ocrx_word' id='word_1_47' title='bbox 382 1390 502 1455; x_wconf 82' lang='lat' dir='ltr'>autem</span> <span class='ocrx_word' id='word_1_48' title='bbox 529 1391 617 1454; x_wconf 82' lang='lat' dir='ltr'>taxe</span> <span class='ocrx_word' id='word_1_49' title='bbox 643 1351 805 1455; x_wconf 73' lang='lat' dir='ltr'>altbriem</span> <span class='ocrx_word' id='word_1_50' title='bbox 832 1383 1152 1456; x_wconf 78' lang='lat' dir='ltr'><em>emolumentorum</em></span> <span class='ocrx_word' id='word_1_51' title='bbox 1171 1391 1248 1480; x_wconf 75' lang='lat' dir='ltr'>pro</span> <span class='ocrx_word' id='word_1_52' title='bbox 1283 1379 1413 1476; x_wconf 76' lang='lat' dir='ltr'>affictis</span> <span class='ocrx_word' id='word_1_53' title='bbox 1441 1381 1635 1456; x_wconf 77' lang='lat' dir='ltr'>Rotalz‘bus</span> <span class='ocrx_word' id='word_1_54' title='bbox 1661 1407 1746 1455; x_wconf 84' lang='lat' dir='ltr'>con-</span> <span class='ocrx_word' id='word_1_55' title='bbox 1840 1399 1841 1410; x_wconf 60' lang='lat'>¹</span> 
     </span>
     <span class='ocr_line' id='line_1_10' title="bbox 322 1505 1746 1604; baseline 0.001 -26"><span class='ocrx_word' id='word_1_56' title='bbox 322 1513 447 1590; x_wconf 70' lang='lat' dir='ltr'>tentae</span> <span class='ocrx_word' id='word_1_57' title='bbox 468 1513 503 1578; x_wconf 81' lang='lat' dir='ltr'>et</span> <span class='ocrx_word' id='word_1_58' title='bbox 518 1513 713 1602; x_wconf 77' lang='lat' dir='ltr'>expressae</span> <span class='ocrx_word' id='word_1_59' title='bbox 730 1506 770 1578; x_wconf 83' lang='lat' dir='ltr'>in</span> <span class='ocrx_word' id='word_1_60' title='bbox 789 1506 1090 1602; x_wconf 76' lang='lat' dir='ltr'>praecedentibus</span> <span class='ocrx_word' id='word_1_61' title='bbox 1106 1505 1439 1594; x_wconf 68' lang='lat' dir='ltr'>reformatebnt‘brtc</span> <span class='ocrx_word' id='word_1_62' title='bbox 1460 1513 1496 1578; x_wconf 86' lang='lat' dir='ltr'>et</span> <span class='ocrx_word' id='word_1_63' title='bbox 1511 1529 1605 1604; x_wconf 82' lang='lat' dir='ltr'>quae</span> <span class='ocrx_word' id='word_1_64' title='bbox 1622 1505 1746 1580; x_wconf 76' lang='lat' dir='ltr'>obser-</span> 
     </span>
     <span class='ocr_line' id='line_1_11' title="bbox 324 1629 1486 1731; baseline 0.002 -29"><span class='ocrx_word' id='word_1_65' title='bbox 324 1630 413 1702; x_wconf 82' lang='lat' dir='ltr'>vari</span> <span class='ocrx_word' id='word_1_66' title='bbox 436 1629 564 1703; x_wconf 83' lang='lat' dir='ltr'>debent</span> <span class='ocrx_word' id='word_1_67' title='bbox 587 1657 611 1703; x_wconf 89' lang='lat' dir='ltr'>a</span> <span class='ocrx_word' id='word_1_68' title='bbox 640 1631 815 1704; x_wconf 82' lang='lat' dir='ltr'>Notarit&#39;s</span> <span class='ocrx_word' id='word_1_69' title='bbox 842 1629 923 1704; x_wconf 85' lang='lat' dir='ltr'>Sac.</span> <span class='ocrx_word' id='word_1_70' title='bbox 954 1631 1073 1704; x_wconf 79' lang='lat' dir='ltr'>Rotae</span> <span class='ocrx_word' id='word_1_71' title='bbox 1099 1638 1187 1703; x_wconf 83' lang='lat' dir='ltr'>sunt</span> <span class='ocrx_word' id='word_1_72' title='bbox 1211 1630 1486 1731; x_wconf 66' lang='lat' dir='ltr'>mfrascnptas.</span> 
     </span>
    </p>
   </div>
   <div class='ocr_carea' id='block_1_7' title="bbox 158 1842 1754 5442">
    <p class='ocr_par' dir='ltr' id='par_1_7' title="bbox 244 1842 1749 2166">
     <span class='ocr_line' id='line_1_12' title="bbox 324 1842 1746 1941; baseline 0.001 -25"><span class='ocrx_word' id='word_1_73' title='bbox 324 1843 382 1916; x_wconf 91' lang='lat' dir='ltr'>Ex</span> <span class='ocrx_word' id='word_1_74' title='bbox 402 1842 680 1918; x_wconf 84' lang='lat' dir='ltr'>Constitutione</span> <span class='ocrx_word' id='word_1_75' title='bbox 700 1867 761 1920; x_wconf 84' lang='lat' dir='ltr'>sa:</span> <span class='ocrx_word' id='word_1_76' title='bbox 783 1869 863 1918; x_wconf 89' lang='lat' dir='ltr'>me:</span> <span class='ocrx_word' id='word_1_77' title='bbox 886 1843 987 1916; x_wconf 91' lang='lat' dir='ltr'>Pauli</span> <span class='ocrx_word' id='word_1_78' title='bbox 1005 1843 1037 1914; x_wconf 93' lang='lat' dir='ltr'>V</span> <span class='ocrx_word' id='word_1_79' title='bbox 1053 1867 1169 1941; x_wconf 88' lang='lat' dir='ltr'>super</span> <span class='ocrx_word' id='word_1_80' title='bbox 1186 1843 1469 1921; x_wconf 80' lang='lat' dir='ltr'>Reformetione</span> <span class='ocrx_word' id='word_1_81' title='bbox 1487 1843 1746 1918; x_wconf 82' lang='lat' dir='ltr'>Tribunalium</span> 
     </span>
     <span class='ocr_line' id='line_1_13' title="bbox 244 1966 1749 2046; baseline 0.002 -7"><span class='ocrx_word' id='word_1_82' title='bbox 244 1966 359 2042; x_wconf 90' lang='lat' dir='ltr'>Urbis</span> <span class='ocrx_word' id='word_1_83' title='bbox 386 1968 486 2044; x_wconf 85' lang='lat' dir='ltr'>edita</span> <span class='ocrx_word' id='word_1_84' title='bbox 514 1993 614 2043; x_wconf 87' lang='lat' dir='ltr'>anno</span> <span class='ocrx_word' id='word_1_85' title='bbox 648 1975 744 2042; x_wconf 81' lang='lat'>1612</span> <span class='ocrx_word' id='word_1_86' title='bbox 776 1970 847 2043; x_wconf 91' lang='lat' dir='ltr'>sub</span> <span class='ocrx_word' id='word_1_87' title='bbox 867 1968 973 2042; x_wconf 89' lang='lat' dir='ltr'>titulo</span> <span class='ocrx_word' id='word_1_88' title='bbox 1001 1967 1108 2042; x_wconf 87' lang='lat' dir='ltr'>Taxa</span> <span class='ocrx_word' id='word_1_89' title='bbox 1136 1967 1378 2044; x_wconf 87' lang='lat' dir='ltr'>Notariorum</span> <span class='ocrx_word' id='word_1_90' title='bbox 1399 1969 1522 2046; x_wconf 87' lang='lat' dir='ltr'>Rotae</span> <span class='ocrx_word' id='word_1_91' title='bbox 1540 2011 1567 2024; x_wconf 90' lang='lat'>-</span> <span class='ocrx_word' id='word_1_92' title='bbox 1585 1967 1749 2042; x_wconf 90' lang='lat' dir='ltr'>babetur</span> 
     </span>
     <span class='ocr_line' id='line_1_14' title="bbox 248 2090 421 2166; baseline 0.006 -1"><span class='ocrx_word' id='word_1_93' title='bbox 248 2107 289 2165; x_wconf 92' lang='lat' dir='ltr'>ut</span> <span class='ocrx_word' id='word_1_94' title='bbox 317 2090 421 2166; x_wconf 85' lang='lat' dir='ltr'>infra.</span> 
     </span>
    </p>

    <p class='ocr_par' dir='ltr' id='par_1_8' title="bbox 243 2217 1748 2691">
     <span class='ocr_line' id='line_1_15' title="bbox 325 2217 1748 2315; baseline 0.001 -25"><span class='ocrx_word' id='word_1_95' title='bbox 325 2218 395 2291; x_wconf 92' lang='lat' dir='ltr'>Pro</span> <span class='ocrx_word' id='word_1_96' title='bbox 423 2218 590 2315; x_wconf 87' lang='lat' dir='ltr'>quolibet</span> <span class='ocrx_word' id='word_1_97' title='bbox 619 2217 846 2292; x_wconf 90' lang='lat' dir='ltr'>Centenario</span> <span class='ocrx_word' id='word_1_98' title='bbox 877 2217 1049 2292; x_wconf 87' lang='lat' dir='ltr'>loliorum</span> <span class='ocrx_word' id='word_1_99' title='bbox 1079 2219 1257 2315; x_wconf 86' lang='lat' dir='ltr'>Regestri</span> <span class='ocrx_word' id='word_1_100' title='bbox 1293 2217 1379 2294; x_wconf 86' lang='lat' dir='ltr'>facti</span> <span class='ocrx_word' id='word_1_101' title='bbox 1417 2219 1519 2292; x_wconf 86' lang='lat' dir='ltr'>iuxta</span> <span class='ocrx_word' id='word_1_102' title='bbox 1547 2217 1748 2292; x_wconf 81' lang='lat' dir='ltr'>Reforma-</span> 
     </span>
     <span class='ocr_line' id='line_1_16' title="bbox 244 2340 1747 2441; baseline 0.001 -27"><span class='ocrx_word' id='word_1_103' title='bbox 244 2342 447 2418; x_wconf 89' lang='lat' dir='ltr'>mationem</span> <span class='ocrx_word' id='word_1_104' title='bbox 474 2340 703 2418; x_wconf 84' lang='lat' dir='ltr'>Sanctissimi</span> <span class='ocrx_word' id='word_1_105' title='bbox 723 2344 795 2417; x_wconf 91' lang='lat' dir='ltr'>sub</span> <span class='ocrx_word' id='word_1_106' title='bbox 823 2343 929 2418; x_wconf 91' lang='lat' dir='ltr'>titulo</span> <span class='ocrx_word' id='word_1_107' title='bbox 949 2343 1146 2441; x_wconf 86' lang='lat' dir='ltr'>Regestris</span> <span class='ocrx_word' id='word_1_108' title='bbox 1174 2359 1243 2418; x_wconf 87' lang='lat' dir='ltr'>etc.</span> <span class='ocrx_word' id='word_1_109' title='bbox 1267 2341 1439 2418; x_wconf 89' lang='lat' dir='ltr'>videlicet</span> <span class='ocrx_word' id='word_1_110' title='bbox 1457 2387 1483 2400; x_wconf 92' lang='lat'>·-</span> <span class='ocrx_word' id='word_1_111' title='bbox 1511 2342 1613 2439; x_wconf 91' lang='lat' dir='ltr'>quod</span> <span class='ocrx_word' id='word_1_112' title='bbox 1633 2369 1747 2440; x_wconf 89' lang='lat' dir='ltr'>quae·</span> 
     </span>
     <span class='ocr_line' id='line_1_17' title="bbox 243 2467 1748 2565; baseline -0.001 -23"><span class='ocrx_word' id='word_1_113' title='bbox 243 2468 339 2543; x_wconf 87' lang='lat' dir='ltr'>libet</span> <span class='ocrx_word' id='word_1_114' title='bbox 363 2468 475 2542; x_wconf 86' lang='lat' dir='ltr'>facies</span> <span class='ocrx_word' id='word_1_115' title='bbox 503 2467 576 2542; x_wconf 80' lang='lat' dir='ltr'>lolii</span> <span class='ocrx_word' id='word_1_116' title='bbox 605 2469 795 2542; x_wconf 91' lang='lat' dir='ltr'>contineat</span> <span class='ocrx_word' id='word_1_117' title='bbox 822 2468 940 2544; x_wconf 90' lang='lat' dir='ltr'>lineas</span> <span class='ocrx_word' id='word_1_118' title='bbox 967 2467 1098 2565; x_wconf 84' lang='lat' dir='ltr'>viginti</span> <span class='ocrx_word' id='word_1_119' title='bbox 1125 2483 1288 2564; x_wconf 90' lang='lat' dir='ltr'>quatuor</span> <span class='ocrx_word' id='word_1_120' title='bbox 1305 2485 1346 2542; x_wconf 90' lang='lat' dir='ltr'>et</span> <span class='ocrx_word' id='word_1_121' title='bbox 1372 2491 1621 2565; x_wconf 78' lang='lat' dir='ltr'>unaquaeque</span> <span class='ocrx_word' id='word_1_122' title='bbox 1648 2468 1748 2542; x_wconf 87' lang='lat' dir='ltr'>linea</span> 
     </span>
     <span class='ocr_line' id='line_1_18' title="bbox 245 2592 1743 2691; baseline 0.001 -25"><span class='ocrx_word' id='word_1_123' title='bbox 245 2592 415 2691; x_wconf 86' lang='lat' dir='ltr'>Syllabas</span> <span class='ocrx_word' id='word_1_124' title='bbox 444 2593 639 2683; x_wconf 83' lang='lat' dir='ltr'>duodecim</span> <span class='ocrx_word' id='word_1_125' title='bbox 683 2649 1496 2671; x_wconf 88' lang='grc'><strong>.............</strong></span> <span class='ocrx_word' id='word_1_126' title='bbox 1554 2618 1605 2670; x_wconf 90' lang='lat' dir='ltr'>sc.</span> <span class='ocrx_word' id='word_1_127' title='bbox 1638 2599 1674 2668; x_wconf 88' lang='lat'>6.</span> <span class='ocrx_word' id='word_1_128' title='bbox 1695 2601 1743 2668; x_wconf 88' lang='lat'>60</span> 
     </span>
    </p>

    <p class='ocr_par' dir='ltr' id='par_1_9' title="bbox 327 2717 1743 2818">
     <span class='ocr_line' id='line_1_19' title="bbox 327 2717 1743 2818; baseline 0.001 -28"><span class='ocrx_word' id='word_1_129' title='bbox 327 2718 397 2791; x_wconf 89' lang='lat' dir='ltr'>Pro</span> <span class='ocrx_word' id='word_1_130' title='bbox 425 2719 594 2814; x_wconf 89' lang='lat' dir='ltr'>quolibet</span> <span class='ocrx_word' id='word_1_131' title='bbox 622 2717 710 2794; x_wconf 84' lang='lat' dir='ltr'>lolio</span> <span class='ocrx_word' id='word_1_132' title='bbox 739 2718 982 2814; x_wconf 84' lang='lat' dir='ltr'>Compiarum</span> <span class='ocrx_word' id='word_1_133' title='bbox 1022 2775 1498 2796; x_wconf 91' lang='grc'><strong>........</strong></span> <span class='ocrx_word' id='word_1_134' title='bbox 1557 2743 1607 2794; x_wconf 90' lang='lat' dir='ltr'>sc.</span> <span class='ocrx_word' id='word_1_135' title='bbox 1656 2717 1707 2812; x_wconf 89' lang='lat'>7¹</span> <span class='ocrx_word' id='word_1_136' title='bbox 1713 2719 1743 2818; x_wconf 71' lang='lat' dir='ltr'>s,</span> 
     </span>
    </p>

    <p class='ocr_par' dir='ltr' id='par_1_10' title="bbox 247 2842 1746 3058">
     <span class='ocr_line' id='line_1_20' title="bbox 325 2842 1746 2940; baseline 0 -24"><span class='ocrx_word' id='word_1_137' title='bbox 325 2843 398 2918; x_wconf 92' lang='lat' dir='ltr'>Pro</span> <span class='ocrx_word' id='word_1_138' title='bbox 429 2843 674 2920; x_wconf 87' lang='lat' dir='ltr'>Rubricatura</span> <span class='ocrx_word' id='word_1_139' title='bbox 711 2843 882 2920; x_wconf 86' lang='lat' dir='ltr'>Testium</span> <span class='ocrx_word' id='word_1_140' title='bbox 920 2845 967 2920; x_wconf 88' lang='lat' dir='ltr'>de</span> <span class='ocrx_word' id='word_1_141' title='bbox 1008 2843 1191 2931; x_wconf 91' lang='lat' dir='ltr'>Partibus,</span> <span class='ocrx_word' id='word_1_142' title='bbox 1220 2869 1289 2940; x_wconf 92' lang='lat' dir='ltr'>pro</span> <span class='ocrx_word' id='word_1_143' title='bbox 1325 2842 1494 2940; x_wconf 89' lang='lat' dir='ltr'>quolibet</span> <span class='ocrx_word' id='word_1_144' title='bbox 1530 2843 1746 2919; x_wconf 87' lang='lat' dir='ltr'>centenario</span> 
     </span>
     <span class='ocr_line' id='line_1_21' title="bbox 247 2965 1741 3058; baseline 0.001 -18"><span class='ocrx_word' id='word_1_145' title='bbox 247 2965 419 3043; x_wconf 85' lang='lat' dir='ltr'>loliorum</span> <span class='ocrx_word' id='word_1_146' title='bbox 486 3025 1030 3043; x_wconf 91' lang='grc'><strong>.........</strong></span> <span class='ocrx_word' id='word_1_147' title='bbox 1040 2989 1041 2994; x_wconf 68' lang='grc'>’</span> <span class='ocrx_word' id='word_1_148' title='bbox 1089 3024 1499 3043; x_wconf 86' lang='grc'><strong><em>.......</em></strong></span> <span class='ocrx_word' id='word_1_149' title='bbox 1557 2991 1607 3042; x_wconf 89' lang='lat' dir='ltr'>sc.</span> <span class='ocrx_word' id='word_1_150' title='bbox 1645 2987 1741 3058; x_wconf 85' lang='lat'>1.25</span> 
     </span>
    </p>

    <p class='ocr_par' dir='ltr' id='par_1_11' title="bbox 325 3091 1743 3189">
     <span class='ocr_line' id='line_1_22' title="bbox 325 3091 1743 3189; baseline -0.001 -23"><span class='ocrx_word' id='word_1_151' title='bbox 325 3094 396 3167; x_wconf 89' lang='lat' dir='ltr'>Pro</span> <span class='ocrx_word' id='word_1_152' title='bbox 426 3093 614 3168; x_wconf 89' lang='lat' dir='ltr'>Citatione</span> <span class='ocrx_word' id='word_1_153' title='bbox 641 3091 798 3189; x_wconf 89' lang='lat' dir='ltr'>simplici</span> <span class='ocrx_word' id='word_1_154' title='bbox 825 3109 932 3167; x_wconf 87' lang='lat' dir='ltr'>extra</span> <span class='ocrx_word' id='word_1_155' title='bbox 961 3092 1113 3167; x_wconf 89' lang='lat' dir='ltr'>Curiam</span> <span class='ocrx_word' id='word_1_156' title='bbox 1156 3149 1499 3168; x_wconf 92' lang='grc'><strong>......</strong></span> <span class='ocrx_word' id='word_1_157' title='bbox 1556 3115 1608 3168; x_wconf 89' lang='lat' dir='ltr'>sc.</span> <span class='ocrx_word' id='word_1_158' title='bbox 1639 3114 1743 3186; x_wconf 87' lang='lat'>-75</span> 
     </span>
    </p>

    <p class='ocr_par' dir='ltr' id='par_1_12' title="bbox 326 3215 1746 3308">
     <span class='ocr_line' id='line_1_23' title="bbox 326 3215 1746 3308; baseline 0 -18"><span class='ocrx_word' id='word_1_159' title='bbox 326 3217 398 3294; x_wconf 91' lang='lat' dir='ltr'>Pro</span> <span class='ocrx_word' id='word_1_160' title='bbox 426 3215 614 3292; x_wconf 87' lang='lat' dir='ltr'>Citatione</span> <span class='ocrx_word' id='word_1_161' title='bbox 641 3243 725 3291; x_wconf 90' lang='lat' dir='ltr'>cum</span> <span class='ocrx_word' id='word_1_162' title='bbox 755 3217 973 3292; x_wconf 88' lang='lat' dir='ltr'>Inhibitione</span> <span class='ocrx_word' id='word_1_163' title='bbox 1001 3234 1109 3298; x_wconf 87' lang='lat' dir='ltr'>extra</span> <span class='ocrx_word' id='word_1_164' title='bbox 1138 3216 1290 3301; x_wconf 89' lang='lat' dir='ltr'>Curiam</span> <span class='ocrx_word' id='word_1_165' title='bbox 1356 3274 1363 3293; x_wconf 86' lang='lat'><strong><em>.</em></strong></span> <span class='ocrx_word' id='word_1_166' title='bbox 1423 3277 1430 3292; x_wconf 95' lang='lat'><strong><em>.</em></strong></span> <span class='ocrx_word' id='word_1_167' title='bbox 1491 3275 1498 3289; x_wconf 94' lang='lat'>.</span> <span class='ocrx_word' id='word_1_168' title='bbox 1555 3243 1607 3292; x_wconf 91' lang='lat' dir='ltr'>sc.</span> <span class='ocrx_word' id='word_1_169' title='bbox 1644 3241 1674 3296; x_wconf 69' lang='lat'>1..</span> <span class='ocrx_word' id='word_1_170' title='bbox 1697 3237 1746 3308; x_wconf 89' lang='lat'>50</span> 
     </span>
    </p>

    <p class='ocr_par' dir='ltr' id='par_1_13' title="bbox 246 3337 1747 3566">
     <span class='ocr_line' id='line_1_24' title="bbox 326 3337 1747 3440; baseline 0.001 -26"><span class='ocrx_word' id='word_1_171' title='bbox 326 3342 397 3416; x_wconf 92' lang='lat' dir='ltr'>Pro</span> <span class='ocrx_word' id='word_1_172' title='bbox 431 3341 620 3418; x_wconf 85' lang='lat' dir='ltr'>Citatione</span> <span class='ocrx_word' id='word_1_173' title='bbox 648 3367 731 3416; x_wconf 91' lang='lat' dir='ltr'>cum</span> <span class='ocrx_word' id='word_1_174' title='bbox 751 3342 972 3418; x_wconf 89' lang='lat' dir='ltr'>Inhibitione</span> <span class='ocrx_word' id='word_1_175' title='bbox 999 3367 1068 3440; x_wconf 92' lang='lat' dir='ltr'>per</span> <span class='ocrx_word' id='word_1_176' title='bbox 1095 3337 1257 3416; x_wconf 89' lang='lat' dir='ltr'>edictum</span> <span class='ocrx_word' id='word_1_177' title='bbox 1277 3357 1384 3416; x_wconf 86' lang='lat' dir='ltr'>extra</span> <span class='ocrx_word' id='word_1_178' title='bbox 1409 3341 1574 3426; x_wconf 87' lang='lat' dir='ltr'>Curiam,</span> <span class='ocrx_word' id='word_1_179' title='bbox 1596 3341 1654 3414; x_wconf 89' lang='lat' dir='ltr'>vel</span> <span class='ocrx_word' id='word_1_180' title='bbox 1674 3342 1747 3415; x_wconf 91' lang='lat' dir='ltr'>sub</span> 
     </span>
     <span class='ocr_line' id='line_1_25' title="bbox 246 3463 1742 3566; baseline 0.001 -25"><span class='ocrx_word' id='word_1_181' title='bbox 246 3467 427 3544; x_wconf 85' lang='lat' dir='ltr'>Censoris</span> <span class='ocrx_word' id='word_1_182' title='bbox 480 3523 1491 3544; x_wconf 90' lang='grc'><strong>................</strong></span> <span class='ocrx_word' id='word_1_183' title='bbox 1550 3492 1602 3542; x_wconf 88' lang='lat' dir='ltr'>sc.</span> <span class='ocrx_word' id='word_1_184' title='bbox 1626 3487 1672 3559; x_wconf 86' lang='lat'>37</span> <span class='ocrx_word' id='word_1_185' title='bbox 1695 3463 1742 3566; x_wconf 70' lang='grc' dir='ltr'>Ἰ,</span> 
     </span>
    </p>

    <p class='ocr_par' dir='ltr' id='par_1_14' title="bbox 328 3589 1747 3693">
     <span class='ocr_line' id='line_1_26' title="bbox 328 3589 1747 3693; baseline -0.002 -27"><span class='ocrx_word' id='word_1_186' title='bbox 328 3595 398 3667; x_wconf 91' lang='lat' dir='ltr'>Pro</span> <span class='ocrx_word' id='word_1_187' title='bbox 427 3593 644 3668; x_wconf 89' lang='lat' dir='ltr'>Inhibitione</span> <span class='ocrx_word' id='word_1_188' title='bbox 673 3593 828 3690; x_wconf 89' lang='lat' dir='ltr'>simplici</span> <span class='ocrx_word' id='word_1_189' title='bbox 856 3610 962 3668; x_wconf 86' lang='lat' dir='ltr'>extra</span> <span class='ocrx_word' id='word_1_190' title='bbox 991 3591 1143 3666; x_wconf 89' lang='lat' dir='ltr'>Curiam</span> <span class='ocrx_word' id='word_1_191' title='bbox 1173 3595 1243 3667; x_wconf 91' lang='lat' dir='ltr'>sub</span> <span class='ocrx_word' id='word_1_192' title='bbox 1272 3589 1452 3666; x_wconf 84' lang='lat' dir='ltr'>Censoris</span> <span class='ocrx_word' id='word_1_193' title='bbox 1490 3617 1540 3668; x_wconf 90' lang='lat' dir='ltr'>sc.</span> <span class='ocrx_word' id='word_1_194' title='bbox 1578 3615 1673 3668; x_wconf 82' lang='lat'>1.12</span> <span class='ocrx_word' id='word_1_195' title='bbox 1697 3591 1747 3693; x_wconf 60' lang='lat'>7,</span> 
     </span>
    </p>

    <p class='ocr_par' dir='ltr' id='par_1_15' title="bbox 326 3715 1745 3814">
     <span class='ocr_line' id='line_1_27' title="bbox 326 3715 1745 3814; baseline 0 -24"><span class='ocrx_word' id='word_1_196' title='bbox 326 3720 397 3793; x_wconf 88' lang='lat' dir='ltr'>Pro</span> <span class='ocrx_word' id='word_1_197' title='bbox 427 3717 615 3793; x_wconf 88' lang='lat' dir='ltr'>Citatione</span> <span class='ocrx_word' id='word_1_198' title='bbox 643 3719 692 3791; x_wconf 92' lang='lat' dir='ltr'>ad</span> <span class='ocrx_word' id='word_1_199' title='bbox 721 3715 863 3791; x_wconf 87' lang='lat' dir='ltr'>Valvas</span> <span class='ocrx_word' id='word_1_200' title='bbox 890 3719 925 3790; x_wconf 94' lang='lat' dir='ltr'>in</span> <span class='ocrx_word' id='word_1_201' title='bbox 957 3717 1070 3790; x_wconf 88' lang='lat' dir='ltr'>Curia</span> <span class='ocrx_word' id='word_1_202' title='bbox 1098 3732 1269 3814; x_wconf 91' lang='lat' dir='ltr'>tempore</span> <span class='ocrx_word' id='word_1_203' title='bbox 1293 3716 1500 3790; x_wconf 88' lang='lat' dir='ltr'>Feriarum.</span> <span class='ocrx_word' id='word_1_204' title='bbox 1556 3742 1607 3792; x_wconf 91' lang='lat' dir='ltr'>sc.</span> <span class='ocrx_word' id='word_1_205' title='bbox 1637 3739 1745 3810; x_wconf 89' lang='lat'>-15</span> 
     </span>
    </p>

    <p class='ocr_par' dir='ltr' id='par_1_16' title="bbox 326 3841 1746 3939">
     <span class='ocr_line' id='line_1_28' title="bbox 326 3841 1746 3939; baseline -0.001 -23"><span class='ocrx_word' id='word_1_206' title='bbox 326 3845 396 3918; x_wconf 91' lang='lat' dir='ltr'>Pro</span> <span class='ocrx_word' id='word_1_207' title='bbox 427 3844 691 3939; x_wconf 89' lang='lat' dir='ltr'>Compulsoria</span> <span class='ocrx_word' id='word_1_208' title='bbox 720 3842 895 3916; x_wconf 88' lang='lat' dir='ltr'>Generali</span> <span class='ocrx_word' id='word_1_209' title='bbox 923 3857 1031 3917; x_wconf 89' lang='lat' dir='ltr'>extra</span> <span class='ocrx_word' id='word_1_210' title='bbox 1060 3841 1211 3916; x_wconf 87' lang='lat' dir='ltr'>Curiam</span> <span class='ocrx_word' id='word_1_211' title='bbox 1224 3897 1500 3918; x_wconf 93' lang='grc'><strong>.....</strong></span> <span class='ocrx_word' id='word_1_212' title='bbox 1556 3867 1608 3916; x_wconf 88' lang='lat' dir='ltr'>sc.</span> <span class='ocrx_word' id='word_1_213' title='bbox 1638 3864 1716 3936; x_wconf 90' lang='lat'>-7</span> <span class='ocrx_word' id='word_1_214' title='bbox 1725 3865 1746 3936; x_wconf 89' lang='lat'><strong>5</strong></span> 
     </span>
    </p>

    <p class='ocr_par' dir='ltr' id='par_1_17' title="bbox 326 3966 1752 4064">
     <span class='ocr_line' id='line_1_29' title="bbox 326 3966 1752 4064; baseline 0 -24"><span class='ocrx_word' id='word_1_215' title='bbox 326 3969 398 4041; x_wconf 91' lang='lat' dir='ltr'>Pro</span> <span class='ocrx_word' id='word_1_216' title='bbox 428 3967 693 4063; x_wconf 86' lang='lat' dir='ltr'>Compulsoria</span> <span class='ocrx_word' id='word_1_217' title='bbox 721 3967 873 4064; x_wconf 85' lang='lat' dir='ltr'>speciali</span> <span class='ocrx_word' id='word_1_218' title='bbox 901 3985 1008 4042; x_wconf 84' lang='lat' dir='ltr'>extra</span> <span class='ocrx_word' id='word_1_219' title='bbox 1028 3966 1187 4046; x_wconf 82' lang='lat' dir='ltr'>¹Curiam</span> <span class='ocrx_word' id='word_1_220' title='bbox 1223 4025 1231 4042; x_wconf 92' lang='lat'><strong>.</strong></span> <span class='ocrx_word' id='word_1_221' title='bbox 1290 4025 1299 4041; x_wconf 91' lang='lat'><strong>.</strong></span> <span class='ocrx_word' id='word_1_222' title='bbox 1358 4022 1367 4041; x_wconf 90' lang='lat'><strong>.</strong></span> <span class='ocrx_word' id='word_1_223' title='bbox 1401 4025 1433 4043; x_wconf 89' lang='lat'>..</span> <span class='ocrx_word' id='word_1_224' title='bbox 1494 4028 1501 4042; x_wconf 92' lang='lat'><em>.</em></span> <span class='ocrx_word' id='word_1_225' title='bbox 1559 3992 1610 4042; x_wconf 88' lang='lat' dir='ltr'>sc.</span> <span class='ocrx_word' id='word_1_226' title='bbox 1647 3992 1678 4042; x_wconf 90' lang='lat'>1.</span> <span class='ocrx_word' id='word_1_227' title='bbox 1698 3989 1752 4060; x_wconf 87' lang='lat'>50</span> 
     </span>
    </p>

    <p class='ocr_par' dir='ltr' id='par_1_18' title="bbox 327 4091 1753 4185">
     <span class='ocr_line' id='line_1_30' title="bbox 327 4091 1753 4185; baseline 0.001 -20"><span class='ocrx_word' id='word_1_228' title='bbox 327 4093 398 4166; x_wconf 91' lang='lat' dir='ltr'>Pro</span> <span class='ocrx_word' id='word_1_229' title='bbox 427 4092 680 4166; x_wconf 89' lang='lat' dir='ltr'>Instrumento</span> <span class='ocrx_word' id='word_1_230' title='bbox 709 4092 963 4168; x_wconf 86' lang='lat' dir='ltr'>Remissoriae</span> <span class='ocrx_word' id='word_1_231' title='bbox 991 4092 1039 4165; x_wconf 92' lang='lat' dir='ltr'>ad</span> <span class='ocrx_word' id='word_1_232' title='bbox 1070 4091 1199 4164; x_wconf 88' lang='lat' dir='ltr'>Partes</span> <span class='ocrx_word' id='word_1_233' title='bbox 1225 4149 1501 4167; x_wconf 92' lang='grc'><strong>.....</strong></span> <span class='ocrx_word' id='word_1_234' title='bbox 1557 4117 1608 4168; x_wconf 88' lang='lat' dir='ltr'>sc.</span> <span class='ocrx_word' id='word_1_235' title='bbox 1645 4115 1674 4166; x_wconf 88' lang='lat'>1.</span> <span class='ocrx_word' id='word_1_236' title='bbox 1696 4114 1753 4185; x_wconf 85' lang='lat'>50</span> 
     </span>
    </p>

    <p class='ocr_par' dir='ltr' id='par_1_19' title="bbox 158 4214 1754 4686">
     <span class='ocr_line' id='line_1_31' title="bbox 327 4214 1753 4312; baseline -0.001 -22"><span class='ocrx_word' id='word_1_237' title='bbox 327 4217 398 4290; x_wconf 91' lang='lat' dir='ltr'>Pro</span> <span class='ocrx_word' id='word_1_238' title='bbox 426 4215 595 4312; x_wconf 90' lang='lat' dir='ltr'>quolibet</span> <span class='ocrx_word' id='word_1_239' title='bbox 624 4216 751 4290; x_wconf 89' lang='lat' dir='ltr'>Palmo</span> <span class='ocrx_word' id='word_1_240' title='bbox 780 4214 909 4290; x_wconf 92' lang='lat' dir='ltr'>Rotuli</span> <span class='ocrx_word' id='word_1_241' title='bbox 937 4217 1191 4290; x_wconf 86' lang='lat' dir='ltr'>Remissoriae</span> <span class='ocrx_word' id='word_1_242' title='bbox 1218 4215 1403 4292; x_wconf 83' lang='lat' dir='ltr'>numerati</span> <span class='ocrx_word' id='word_1_243' title='bbox 1421 4216 1526 4290; x_wconf 89' lang='lat' dir='ltr'>iuxta</span> <span class='ocrx_word' id='word_1_244' title='bbox 1554 4214 1753 4290; x_wconf 86' lang='lat' dir='ltr'>Reforma-</span> 
     </span>
     <span class='ocr_line' id='line_1_32' title="bbox 245 4319 1754 4437; baseline 0 -21"><span class='ocrx_word' id='word_1_245' title='bbox 245 4319 384 4416; x_wconf 89' lang='lat' dir='ltr'>tionem</span> <span class='ocrx_word' id='word_1_246' title='bbox 400 4340 631 4414; x_wconf 87' lang='lat' dir='ltr'>Sanctissimi</span> <span class='ocrx_word' id='word_1_247' title='bbox 659 4342 731 4415; x_wconf 90' lang='lat' dir='ltr'>sub</span> <span class='ocrx_word' id='word_1_248' title='bbox 759 4340 812 4415; x_wconf 88' lang='lat' dir='ltr'>tit.</span> <span class='ocrx_word' id='word_1_249' title='bbox 834 4339 883 4414; x_wconf 91' lang='lat' dir='ltr'>de</span> <span class='ocrx_word' id='word_1_250' title='bbox 902 4341 1068 4414; x_wconf 87' lang='lat' dir='ltr'>Notariis</span> <span class='ocrx_word' id='word_1_251' title='bbox 1095 4342 1257 4414; x_wconf 90' lang='lat' dir='ltr'>omnium</span> <span class='ocrx_word' id='word_1_252' title='bbox 1288 4340 1543 4416; x_wconf 82' lang='lat' dir='ltr'>Tribunalium</span> <span class='ocrx_word' id='word_1_253' title='bbox 1562 4339 1754 4437; x_wconf 79' lang='lat' dir='ltr'>§litterae</span> 
     </span>
     <span class='ocr_line' id='line_1_33' title="bbox 158 4453 1750 4563; baseline -0.001 -24"><span class='ocrx_word' id='word_1_254' title='bbox 158 4553 160 4558; x_wconf 23' lang='grc' dir='ltr'>Ι</span> <span class='ocrx_word' id='word_1_255' title='bbox 246 4453 533 4539; x_wconf 88' lang='lat' dir='ltr'>Remissoriales</span> <span class='ocrx_word' id='word_1_256' title='bbox 561 4507 586 4520; x_wconf 89' lang='lat'><em>-</em></span> <span class='ocrx_word' id='word_1_257' title='bbox 614 4464 796 4552; x_wconf 85' lang='lat' dir='ltr'>videlicet,</span> <span class='ocrx_word' id='word_1_258' title='bbox 826 4464 930 4560; x_wconf 92' lang='lat' dir='ltr'>quod</span> <span class='ocrx_word' id='word_1_259' title='bbox 963 4465 1089 4539; x_wconf 90' lang='lat' dir='ltr'>Rotuli</span> <span class='ocrx_word' id='word_1_260' title='bbox 1119 4465 1267 4540; x_wconf 89' lang='lat' dir='ltr'>Palmus</span> <span class='ocrx_word' id='word_1_261' title='bbox 1295 4465 1343 4540; x_wconf 86' lang='lat' dir='ltr'>sit</span> <span class='ocrx_word' id='word_1_262' title='bbox 1371 4465 1551 4540; x_wconf 88' lang='lat' dir='ltr'>linearum</span> <span class='ocrx_word' id='word_1_263' title='bbox 1578 4465 1750 4563; x_wconf 86' lang='lat' dir='ltr'>triginta,</span> 
     </span>
     <span class='ocr_line' id='line_1_34' title="bbox 245 4587 1753 4686; baseline 0.002 -24"><span class='ocrx_word' id='word_1_264' title='bbox 245 4606 285 4663; x_wconf 91' lang='lat' dir='ltr'>et</span> <span class='ocrx_word' id='word_1_265' title='bbox 299 4613 547 4686; x_wconf 89' lang='lat' dir='ltr'>unaquaeque</span> <span class='ocrx_word' id='word_1_266' title='bbox 561 4588 658 4663; x_wconf 89' lang='lat' dir='ltr'>linea</span> <span class='ocrx_word' id='word_1_267' title='bbox 676 4589 866 4662; x_wconf 91' lang='lat' dir='ltr'>contineat</span> <span class='ocrx_word' id='word_1_268' title='bbox 880 4587 1013 4662; x_wconf 89' lang='lat' dir='ltr'>saltem</span> <span class='ocrx_word' id='word_1_269' title='bbox 1034 4587 1204 4685; x_wconf 87' lang='lat' dir='ltr'>Syllabas</span> <span class='ocrx_word' id='word_1_270' title='bbox 1223 4589 1366 4676; x_wconf 89' lang='lat' dir='ltr'>decem,</span> <span class='ocrx_word' id='word_1_271' title='bbox 1381 4606 1422 4663; x_wconf 88' lang='lat' dir='ltr'>et</span> <span class='ocrx_word' id='word_1_272' title='bbox 1440 4606 1527 4664; x_wconf 86' lang='lat' dir='ltr'>octo</span> <span class='ocrx_word' id='word_1_273' title='bbox 1555 4613 1606 4662; x_wconf 90' lang='lat' dir='ltr'>sc.</span> <span class='ocrx_word' id='word_1_274' title='bbox 1636 4611 1753 4680; x_wconf 89' lang='lat'>-70</span> 
     </span>
    </p>

    <p class='ocr_par' dir='ltr' id='par_1_20' title="bbox 326 4712 1645 4811">
     <span class='ocr_line' id='line_1_35' title="bbox 326 4712 1645 4811; baseline 0 -23"><span class='ocrx_word' id='word_1_275' title='bbox 326 4715 397 4788; x_wconf 92' lang='lat' dir='ltr'>Pro</span> <span class='ocrx_word' id='word_1_276' title='bbox 426 4713 592 4811; x_wconf 89' lang='lat' dir='ltr'>quolibet</span> <span class='ocrx_word' id='word_1_277' title='bbox 620 4730 820 4811; x_wconf 87' lang='lat' dir='ltr'>sequestro</span> <span class='ocrx_word' id='word_1_278' title='bbox 848 4731 954 4788; x_wconf 86' lang='lat' dir='ltr'>extra</span> <span class='ocrx_word' id='word_1_279' title='bbox 984 4714 1135 4788; x_wconf 89' lang='lat' dir='ltr'>Curiam</span> <span class='ocrx_word' id='word_1_280' title='bbox 1164 4739 1247 4788; x_wconf 92' lang='lat' dir='ltr'>cum</span> <span class='ocrx_word' id='word_1_281' title='bbox 1275 4712 1371 4788; x_wconf 92' lang='lat' dir='ltr'>illius</span> <span class='ocrx_word' id='word_1_282' title='bbox 1398 4715 1645 4789; x_wconf 89' lang='lat' dir='ltr'>instrumento</span> 
     </span>
    </p>

    <p class='ocr_par' dir='ltr' id='par_1_21' title="bbox 351 4863 1752 4933">
     <span class='ocr_line' id='line_1_36' title="bbox 351 4863 1752 4933; baseline -0.001 -16"><span class='ocrx_word' id='word_1_283' title='bbox 351 4911 354 4917; x_wconf 89' lang='grc'>.</span> <span class='ocrx_word' id='word_1_284' title='bbox 1554 4863 1605 4913; x_wconf 90' lang='lat' dir='ltr'>sc.</span> <span class='ocrx_word' id='word_1_285' title='bbox 1643 4863 1672 4913; x_wconf 79' lang='grc' dir='ltr'>ι.</span> <span class='ocrx_word' id='word_1_286' title='bbox 1693 4863 1752 4933; x_wconf 88' lang='lat'>50</span> 
     </span>
    </p>

    <p class='ocr_par' dir='ltr' id='par_1_22' title="bbox 327 4963 1749 5060">
     <span class='ocr_line' id='line_1_37' title="bbox 327 4963 1749 5060; baseline -0.001 -23"><span class='ocrx_word' id='word_1_287' title='bbox 327 4964 397 5038; x_wconf 91' lang='lat' dir='ltr'>Pro</span> <span class='ocrx_word' id='word_1_288' title='bbox 435 4965 662 5038; x_wconf 85' lang='lat' dir='ltr'>Instrument</span> <span class='ocrx_word' id='word_1_289' title='bbox 693 4963 953 5048; x_wconf 88' lang='lat' dir='ltr'>revocationis,</span> <span class='ocrx_word' id='word_1_290' title='bbox 985 4989 1049 5038; x_wconf 90' lang='lat' dir='ltr'>seu</span> <span class='ocrx_word' id='word_1_291' title='bbox 1081 4963 1319 5040; x_wconf 85' lang='lat' dir='ltr'>relaxationis</span> <span class='ocrx_word' id='word_1_292' title='bbox 1346 4963 1535 5060; x_wconf 87' lang='lat' dir='ltr'>sequestri</span> <span class='ocrx_word' id='word_1_293' title='bbox 1556 4989 1608 5036; x_wconf 91' lang='lat' dir='ltr'>sc.</span> <span class='ocrx_word' id='word_1_294' title='bbox 1637 4987 1719 5057; x_wconf 92' lang='lat'>-7</span> <span class='ocrx_word' id='word_1_295' title='bbox 1727 4990 1749 5060; x_wconf 91' lang='lat'>5</span> 
     </span>
    </p>

    <p class='ocr_par' dir='ltr' id='par_1_23' title="bbox 326 5069 1750 5187">
     <span class='ocr_line' id='line_1_38' title="bbox 326 5069 1750 5187; baseline 0.002 -26"><span class='ocrx_word' id='word_1_296' title='bbox 326 5088 397 5162; x_wconf 90' lang='lat' dir='ltr'>Pro</span> <span class='ocrx_word' id='word_1_297' title='bbox 417 5089 621 5162; x_wconf 88' lang='lat' dir='ltr'>Munitorio</span> <span class='ocrx_word' id='word_1_298' title='bbox 635 5088 783 5187; x_wconf 88' lang='lat' dir='ltr'>poenali</span> <span class='ocrx_word' id='word_1_299' title='bbox 802 5087 838 5162; x_wconf 92' lang='lat' dir='ltr'>in</span> <span class='ocrx_word' id='word_1_300' title='bbox 857 5103 1033 5162; x_wconf 89' lang='lat' dir='ltr'>eventum</span> <span class='ocrx_word' id='word_1_301' title='bbox 1055 5069 1237 5163; x_wconf 85' lang='lat' dir='ltr'>Citatorio</span> <span class='ocrx_word' id='word_1_302' title='bbox 1255 5107 1363 5164; x_wconf 87' lang='lat' dir='ltr'>extra</span> <span class='ocrx_word' id='word_1_303' title='bbox 1384 5089 1534 5164; x_wconf 90' lang='lat' dir='ltr'>Curiam</span> <span class='ocrx_word' id='word_1_304' title='bbox 1554 5113 1606 5162; x_wconf 85' lang='lat' dir='ltr'>sc.</span> <span class='ocrx_word' id='word_1_305' title='bbox 1643 5113 1673 5162; x_wconf 93' lang='lat'>1.</span> <span class='ocrx_word' id='word_1_306' title='bbox 1692 5112 1750 5182; x_wconf 87' lang='lat'>50</span> 
     </span>
    </p>

    <p class='ocr_par' dir='ltr' id='par_1_24' title="bbox 246 5213 1752 5442">
     <span class='ocr_line' id='line_1_39' title="bbox 325 5213 1752 5291; baseline 0.001 -5"><span class='ocrx_word' id='word_1_307' title='bbox 325 5215 396 5288; x_wconf 92' lang='lat' dir='ltr'>Pro</span> <span class='ocrx_word' id='word_1_308' title='bbox 424 5213 556 5287; x_wconf 90' lang='lat' dir='ltr'>litteris</span> <span class='ocrx_word' id='word_1_309' title='bbox 585 5213 990 5291; x_wconf 87' lang='lat' dir='ltr'>Excommunicationis</span> <span class='ocrx_word' id='word_1_310' title='bbox 1022 5215 1058 5286; x_wconf 90' lang='lat' dir='ltr'>in</span> <span class='ocrx_word' id='word_1_311' title='bbox 1088 5213 1203 5288; x_wconf 86' lang='lat' dir='ltr'>Curia</span> <span class='ocrx_word' id='word_1_312' title='bbox 1231 5216 1280 5288; x_wconf 94' lang='lat' dir='ltr'>ob</span> <span class='ocrx_word' id='word_1_313' title='bbox 1308 5239 1382 5288; x_wconf 93' lang='lat' dir='ltr'>non</span> <span class='ocrx_word' id='word_1_314' title='bbox 1410 5213 1573 5288; x_wconf 87' lang='lat' dir='ltr'>solutam</span> <span class='ocrx_word' id='word_1_315' title='bbox 1602 5239 1752 5287; x_wconf 89' lang='lat' dir='ltr'>merce-</span> 
     </span>
     <span class='ocr_line' id='line_1_40' title="bbox 246 5337 1749 5442; baseline 0.001 -30"><span class='ocrx_word' id='word_1_316' title='bbox 246 5339 331 5413; x_wconf 87' lang='lat' dir='ltr'>dem</span> <span class='ocrx_word' id='word_1_317' title='bbox 361 5339 518 5425; x_wconf 87' lang='lat' dir='ltr'>Notarii,</span> <span class='ocrx_word' id='word_1_318' title='bbox 547 5339 606 5413; x_wconf 90' lang='lat' dir='ltr'>vel</span> <span class='ocrx_word' id='word_1_319' title='bbox 634 5339 725 5414; x_wconf 84' lang='lat' dir='ltr'>alias</span> <span class='ocrx_word' id='word_1_320' title='bbox 760 5395 1434 5415; x_wconf 92' lang='grc'><strong>...........</strong></span> <span class='ocrx_word' id='word_1_321' title='bbox 1492 5363 1543 5413; x_wconf 90' lang='lat' dir='ltr'>sc.</span> <span class='ocrx_word' id='word_1_322' title='bbox 1573 5337 1749 5442; x_wconf 62' lang='lat'>--377¹</span> 
     </span>
    </p>
   </div>
   <div class='ocr_carea' id='block_1_8' title="bbox 0 0 1864 5909">
    <p class='ocr_par' dir='ltr' id='par_1_25' title="bbox 0 0 1864 5909">
     <span class='ocr_line' id='line_1_41' title="bbox 0 0 1864 5909; baseline 0 0"><span class='ocrx_word' id='word_1_323' title='bbox 0 0 1864 5909; x_wconf 95' lang='lat' dir='ltr'> </span> 
     </span>
    </p>
   </div>
  </div>
 </body>
</html>
