<?xml version="1.0" encoding="UTF-8"?>
<!DOCTYPE html PUBLIC "-//W3C//DTD XHTML 1.0 Transitional//EN"
    "http://www.w3.org/TR/xhtml1/DTD/xhtml1-transitional.dtd">
<html xmlns="http://www.w3.org/1999/xhtml" xml:lang="en" lang="en">
 <head>
  <title>
</title>
<meta http-equiv="Content-Type" content="text/html;charset=utf-8" />
  <meta name='ocr-system' content='tesseract 3.04.00' />
  <meta name='ocr-capabilities' content='ocr_page ocr_carea ocr_par ocr_line ocrx_word'/>
</head>
<body>
  <div class='ocr_page' id='page_1' title='image "./capellanipapaee00cercgoog_0020.png"; bbox 0 0 3688 5924; ppageno 0'>
   <div class='ocr_carea' id='block_1_1' title="bbox 179 251 1132 325">
    <p class='ocr_par' dir='ltr' id='par_1_1' title="bbox 179 251 1132 325">
     <span class='ocr_line' id='line_1_1' title="bbox 179 251 1132 325; baseline 0.004 -17"><span class='ocrx_word' id='word_1_1' title='bbox 179 265 223 308; x_wconf 85' lang='lat' dir='ltr'>xu</span> <span class='ocrx_word' id='word_1_2' title='bbox 720 251 897 325; x_wconf 78' lang='lat' dir='ltr'>Praefatio</span> <span class='ocrx_word' id='word_1_3' title='bbox 913 252 961 310; x_wconf 87' lang='lat' dir='ltr'>ad</span> <span class='ocrx_word' id='word_1_4' title='bbox 978 253 1132 312; x_wconf 79' lang='lat' dir='ltr'>lectorem</span> 
     </span>
    </p>
   </div>
   <div class='ocr_carea' id='block_1_2' title="bbox 178 439 1684 2912">
    <p class='ocr_par' dir='ltr' id='par_1_2' title="bbox 178 439 1684 2912">
     <span class='ocr_line' id='line_1_2' title="bbox 178 439 1676 530; baseline 0.007 -18"><span class='ocrx_word' id='word_1_5' title='bbox 178 439 293 514; x_wconf 91' lang='lat' dir='ltr'>rinale</span> <span class='ocrx_word' id='word_1_6' title='bbox 321 441 387 514; x_wconf 87' lang='lat' dir='ltr'>suit</span> <span class='ocrx_word' id='word_1_7' title='bbox 415 443 648 518; x_wconf 88' lang='lat' dir='ltr'>translatum.</span> <span class='ocrx_word' id='word_1_8' title='bbox 680 443 818 516; x_wconf 88' lang='lat' dir='ltr'>Narrat</span> <span class='ocrx_word' id='word_1_9' title='bbox 857 443 1026 530; x_wconf 80' lang='lat' dir='ltr'>Rolondi,</span> <span class='ocrx_word' id='word_1_10' title='bbox 1059 445 1246 529; x_wconf 87' lang='lat' dir='ltr'>Decanus‚</span> <span class='ocrx_word' id='word_1_11' title='bbox 1282 447 1316 519; x_wconf 95' lang='lat' dir='ltr'>in</span> <span class='ocrx_word' id='word_1_12' title='bbox 1346 447 1462 520; x_wconf 81' lang='lat' dir='ltr'>Libro</span> <span class='ocrx_word' id='word_1_13' title='bbox 1490 447 1528 522; x_wconf 88' lang='lat' dir='ltr'>S.</span> <span class='ocrx_word' id='word_1_14' title='bbox 1559 450 1676 522; x_wconf 67' lang='lat' dir='ltr'>Rotae</span> 
     </span>
     <span class='ocr_line' id='line_1_3' title="bbox 178 561 1675 662; baseline 0.005 -26"><span class='ocrx_word' id='word_1_15' title='bbox 178 590 213 638; x_wconf 87' lang='lat' dir='ltr'>n.</span> <span class='ocrx_word' id='word_1_16' title='bbox 243 589 279 660; x_wconf 79' lang='lat'>4.</span> <span class='ocrx_word' id='word_1_17' title='bbox 310 567 380 638; x_wconf 91' lang='lat' dir='ltr'>sub</span> <span class='ocrx_word' id='word_1_18' title='bbox 408 565 467 638; x_wconf 88' lang='lat' dir='ltr'>die</span> <span class='ocrx_word' id='word_1_19' title='bbox 495 589 545 638; x_wconf 84' lang='lat'>20</span> <span class='ocrx_word' id='word_1_20' title='bbox 571 565 644 640; x_wconf 80' lang='lat' dir='ltr'>dec.</span> <span class='ocrx_word' id='word_1_21' title='bbox 673 561 771 662; x_wconf 73' lang='lat' dir='ltr'>l844</span> <span class='ocrx_word' id='word_1_22' title='bbox 798 567 901 662; x_wconf 93' lang='lat' dir='ltr'>quod</span> <span class='ocrx_word' id='word_1_23' title='bbox 937 569 1191 642; x_wconf 84' lang='lat' dir='ltr'>‹Archivium</span> <span class='ocrx_word' id='word_1_24' title='bbox 1229 572 1346 643; x_wconf 89' lang='lat' dir='ltr'>rotale</span> <span class='ocrx_word' id='word_1_25' title='bbox 1385 587 1584 657; x_wconf 88' lang='lat' dir='ltr'>secretum,</span> <span class='ocrx_word' id='word_1_26' title='bbox 1614 574 1675 646; x_wconf 92' lang='lat' dir='ltr'>ubi</span> 
     </span>
     <span class='ocr_line' id='line_1_4' title="bbox 186 681 1676 792; baseline 0.007 -32"><span class='ocrx_word' id='word_1_27' title='bbox 186 681 400 786; x_wconf 78' lang='lat' dir='ltr'>«suffragia</span> <span class='ocrx_word' id='word_1_28' title='bbox 436 704 476 762; x_wconf 92' lang='lat' dir='ltr'>et</span> <span class='ocrx_word' id='word_1_29' title='bbox 511 715 712 786; x_wconf 88' lang='lat' dir='ltr'>processus</span> <span class='ocrx_word' id='word_1_30' title='bbox 748 691 1017 765; x_wconf 87' lang='lat' dir='ltr'>admissionum</span> <span class='ocrx_word' id='word_1_31' title='bbox 1060 695 1297 781; x_wconf 76' lang='lat' dir='ltr'>Auditorum,</span> <span class='ocrx_word' id='word_1_32' title='bbox 1337 696 1540 792; x_wconf 88' lang='lat' dir='ltr'>pluresque</span> <span class='ocrx_word' id='word_1_33' title='bbox 1582 697 1676 771; x_wconf 89' lang='lat' dir='ltr'>aliae</span> 
     </span>
     <span class='ocr_line' id='line_1_5' title="bbox 186 813 1677 916; baseline 0.007 -32"><span class='ocrx_word' id='word_1_34' title='bbox 186 841 204 884; x_wconf 64' lang='grc' dir='ltr'><strong><em>ι</em></strong></span> <span class='ocrx_word' id='word_1_35' title='bbox 223 813 373 888; x_wconf 88' lang='lat' dir='ltr'>chartae</span> <span class='ocrx_word' id='word_1_36' title='bbox 401 815 450 888; x_wconf 88' lang='lat' dir='ltr'>ad</span> <span class='ocrx_word' id='word_1_37' title='bbox 470 815 663 888; x_wconf 85' lang='lat' dir='ltr'>historiam</span> <span class='ocrx_word' id='word_1_38' title='bbox 692 816 728 890; x_wconf 89' lang='lat' dir='ltr'>S.</span> <span class='ocrx_word' id='word_1_39' title='bbox 751 815 963 889; x_wconf 90' lang='lat' dir='ltr'>Tribunalis</span> <span class='ocrx_word' id='word_1_40' title='bbox 982 818 1215 912; x_wconf 88' lang='lat' dir='ltr'>pertinentes</span> <span class='ocrx_word' id='word_1_41' title='bbox 1234 837 1441 906; x_wconf 86' lang='lat' dir='ltr'>servantur,</span> <span class='ocrx_word' id='word_1_42' title='bbox 1462 845 1530 916; x_wconf 90' lang='lat' dir='ltr'>per</span> <span class='ocrx_word' id='word_1_43' title='bbox 1548 821 1677 916; x_wconf 91' lang='lat' dir='ltr'>plures</span> 
     </span>
     <span class='ocr_line' id='line_1_6' title="bbox 187 939 1677 1038; baseline 0.005 -28"><span class='ocrx_word' id='word_1_44' title='bbox 187 961 340 1012; x_wconf 78' lang='lat' dir='ltr'>«annos</span> <span class='ocrx_word' id='word_1_45' title='bbox 378 964 476 1035; x_wconf 91' lang='lat' dir='ltr'>pene</span> <span class='ocrx_word' id='word_1_46' title='bbox 510 939 728 1014; x_wconf 89' lang='lat' dir='ltr'>derelictum</span> <span class='ocrx_word' id='word_1_47' title='bbox 763 957 802 1014; x_wconf 92' lang='lat' dir='ltr'>et</span> <span class='ocrx_word' id='word_1_48' title='bbox 843 942 1067 1037; x_wconf 84' lang='lat' dir='ltr'>squallidum</span> <span class='ocrx_word' id='word_1_49' title='bbox 1105 943 1260 1038; x_wconf 89' lang='lat' dir='ltr'>pulvere</span> <span class='ocrx_word' id='word_1_50' title='bbox 1296 960 1336 1017; x_wconf 91' lang='lat' dir='ltr'>et</span> <span class='ocrx_word' id='word_1_51' title='bbox 1371 945 1457 1031; x_wconf 90' lang='lat' dir='ltr'>situ,</span> <span class='ocrx_word' id='word_1_52' title='bbox 1500 946 1677 1018; x_wconf 86' lang='lat' dir='ltr'>confusos</span> 
     </span>
     <span class='ocr_line' id='line_1_7' title="bbox 187 1064 1679 1165; baseline 0.006 -32"><span class='ocrx_word' id='word_1_53' title='bbox 187 1064 392 1138; x_wconf 79' lang='lat' dir='ltr'>«cumulos</span> <span class='ocrx_word' id='word_1_54' title='bbox 421 1065 632 1138; x_wconf 88' lang='lat' dir='ltr'>chartarum</span> <span class='ocrx_word' id='word_1_55' title='bbox 668 1068 815 1161; x_wconf 89' lang='lat' dir='ltr'>absque</span> <span class='ocrx_word' id='word_1_56' title='bbox 844 1067 919 1140; x_wconf 93' lang='lat' dir='ltr'>ullo</span> <span class='ocrx_word' id='word_1_57' title='bbox 947 1069 1077 1142; x_wconf 86' lang='lat' dir='ltr'>ordine</span> <span class='ocrx_word' id='word_1_58' title='bbox 1106 1068 1332 1155; x_wconf 89' lang='lat' dir='ltr'>continebat,</span> <span class='ocrx_word' id='word_1_59' title='bbox 1362 1069 1414 1143; x_wconf 88' lang='lat' dir='ltr'>ita</span> <span class='ocrx_word' id='word_1_60' title='bbox 1442 1087 1483 1142; x_wconf 91' lang='lat' dir='ltr'>ut</span> <span class='ocrx_word' id='word_1_61' title='bbox 1509 1071 1679 1165; x_wconf 89' lang='lat' dir='ltr'>impossi-</span> 
     </span>
     <span class='ocr_line' id='line_1_8' title="bbox 186 1189 1677 1290; baseline 0.003 -29"><span class='ocrx_word' id='word_1_62' title='bbox 186 1189 296 1262; x_wconf 86' lang='lat' dir='ltr'>‹bile</span> <span class='ocrx_word' id='word_1_63' title='bbox 332 1206 437 1262; x_wconf 90' lang='lat' dir='ltr'>esset</span> <span class='ocrx_word' id='word_1_64' title='bbox 472 1190 611 1286; x_wconf 91' lang='lat' dir='ltr'>aliquid</span> <span class='ocrx_word' id='word_1_65' title='bbox 639 1217 686 1264; x_wconf 91' lang='lat' dir='ltr'>ex</span> <span class='ocrx_word' id='word_1_66' title='bbox 723 1215 769 1264; x_wconf 89' lang='lat' dir='ltr'>eo</span> <span class='ocrx_word' id='word_1_67' title='bbox 807 1191 953 1264; x_wconf 89' lang='lat' dir='ltr'>haurire</span> <span class='ocrx_word' id='word_1_68' title='bbox 986 1218 1069 1265; x_wconf 93' lang='lat' dir='ltr'>cum</span> <span class='ocrx_word' id='word_1_69' title='bbox 1100 1195 1304 1268; x_wconf 87' lang='lat' dir='ltr'>necessitas</span> <span class='ocrx_word' id='word_1_70' title='bbox 1332 1193 1595 1290; x_wconf 80' lang='lat' dir='ltr'>postularet».</span> <span class='ocrx_word' id='word_1_71' title='bbox 1627 1195 1677 1267; x_wconf 90' lang='lat' dir='ltr'>Et</span> 
     </span>
     <span class='ocr_line' id='line_1_9' title="bbox 180 1314 1677 1410; baseline 0.004 -25"><span class='ocrx_word' id='word_1_72' title='bbox 180 1314 261 1410; x_wconf 91' lang='lat' dir='ltr'>ipse</span> <span class='ocrx_word' id='word_1_73' title='bbox 289 1338 358 1409; x_wconf 93' lang='lat' dir='ltr'>per</span> <span class='ocrx_word' id='word_1_74' title='bbox 387 1315 642 1388; x_wconf 89' lang='lat' dir='ltr'>Camerarium</span> <span class='ocrx_word' id='word_1_75' title='bbox 672 1315 796 1388; x_wconf 89' lang='lat' dir='ltr'>Rotae</span> <span class='ocrx_word' id='word_1_76' title='bbox 825 1342 869 1388; x_wconf 88' lang='lat' dir='ltr'>ac</span> <span class='ocrx_word' id='word_1_77' title='bbox 898 1315 993 1390; x_wconf 93' lang='lat' dir='ltr'>illius</span> <span class='ocrx_word' id='word_1_78' title='bbox 1013 1332 1051 1390; x_wconf 91' lang='lat' dir='ltr'>et</span> <span class='ocrx_word' id='word_1_79' title='bbox 1070 1343 1159 1391; x_wconf 91' lang='lat' dir='ltr'>suos</span> <span class='ocrx_word' id='word_1_80' title='bbox 1180 1319 1356 1392; x_wconf 88' lang='lat' dir='ltr'>Secretos</span> <span class='ocrx_word' id='word_1_81' title='bbox 1376 1321 1525 1394; x_wconf 88' lang='lat' dir='ltr'>chartas</span> <span class='ocrx_word' id='word_1_82' title='bbox 1545 1344 1677 1393; x_wconf 90' lang='lat' dir='ltr'>omnes</span> 
     </span>
     <span class='ocr_line' id='line_1_10' title="bbox 181 1437 1678 1539; baseline 0.003 -29"><span class='ocrx_word' id='word_1_83' title='bbox 181 1437 333 1536; x_wconf 86' lang='lat' dir='ltr'>collegit</span> <span class='ocrx_word' id='word_1_84' title='bbox 359 1458 397 1512; x_wconf 90' lang='lat' dir='ltr'>et</span> <span class='ocrx_word' id='word_1_85' title='bbox 425 1439 611 1535; x_wconf 91' lang='lat' dir='ltr'>disposuit</span> <span class='ocrx_word' id='word_1_86' title='bbox 637 1465 685 1512; x_wconf 92' lang='lat' dir='ltr'>eo</span> <span class='ocrx_word' id='word_1_87' title='bbox 704 1439 833 1514; x_wconf 90' lang='lat' dir='ltr'>ordine</span> <span class='ocrx_word' id='word_1_88' title='bbox 861 1466 939 1537; x_wconf 93' lang='lat' dir='ltr'>quo</span> <span class='ocrx_word' id='word_1_89' title='bbox 967 1464 1064 1515; x_wconf 93' lang='lat' dir='ltr'>nunc</span> <span class='ocrx_word' id='word_1_90' title='bbox 1101 1443 1346 1539; x_wconf 89' lang='lat' dir='ltr'>reperiuntur.</span> <span class='ocrx_word' id='word_1_91' title='bbox 1376 1444 1537 1526; x_wconf 86' lang='lat' dir='ltr'>lndicem</span> <span class='ocrx_word' id='word_1_92' title='bbox 1566 1444 1678 1515; x_wconf 89' lang='lat' dir='ltr'>etiam</span> 
     </span>
     <span class='ocr_line' id='line_1_11' title="bbox 182 1563 1679 1666; baseline 0.003 -30"><span class='ocrx_word' id='word_1_93' title='bbox 182 1563 429 1638; x_wconf 88' lang='lat' dir='ltr'>deficientium</span> <span class='ocrx_word' id='word_1_94' title='bbox 462 1565 693 1638; x_wconf 89' lang='lat' dir='ltr'>decisionum</span> <span class='ocrx_word' id='word_1_95' title='bbox 725 1591 747 1638; x_wconf 92' lang='lat' dir='ltr'>a</span> <span class='ocrx_word' id='word_1_96' title='bbox 777 1566 1005 1640; x_wconf 91' lang='lat' dir='ltr'>Ponentibus</span> <span class='ocrx_word' id='word_1_97' title='bbox 1034 1569 1328 1663; x_wconf 90' lang='lat' dir='ltr'>subscriptarum</span> <span class='ocrx_word' id='word_1_98' title='bbox 1359 1569 1532 1666; x_wconf 86' lang='lat' dir='ltr'>digerere</span> <span class='ocrx_word' id='word_1_99' title='bbox 1560 1569 1679 1654; x_wconf 76' lang='lat' dir='ltr'>iussit,</span> 
     </span>
     <span class='ocr_line' id='line_1_12' title="bbox 181 1689 1678 1784; baseline 0.002 -23"><span class='ocrx_word' id='word_1_100' title='bbox 181 1713 258 1784; x_wconf 92' lang='lat' dir='ltr'>quo</span> <span class='ocrx_word' id='word_1_101' title='bbox 287 1706 412 1762; x_wconf 90' lang='lat' dir='ltr'>tamen</span> <span class='ocrx_word' id='word_1_102' title='bbox 440 1690 551 1764; x_wconf 93' lang='lat' dir='ltr'>hodie</span> <span class='ocrx_word' id='word_1_103' title='bbox 586 1717 767 1767; x_wconf 91' lang='lat' dir='ltr'>caremus.</span> <span class='ocrx_word' id='word_1_104' title='bbox 802 1737 827 1748; x_wconf 90' lang='lat'>·-</span> <span class='ocrx_word' id='word_1_105' title='bbox 865 1691 898 1762; x_wconf 92' lang='lat' dir='ltr'>E</span> <span class='ocrx_word' id='word_1_106' title='bbox 935 1689 1115 1784; x_wconf 85' lang='lat' dir='ltr'>Quirinali</span> <span class='ocrx_word' id='word_1_107' title='bbox 1152 1718 1226 1766; x_wconf 90' lang='lat' dir='ltr'>non</span> <span class='ocrx_word' id='word_1_108' title='bbox 1264 1694 1384 1766; x_wconf 91' lang='lat' dir='ltr'>multo</span> <span class='ocrx_word' id='word_1_109' title='bbox 1416 1709 1503 1767; x_wconf 87' lang='lat' dir='ltr'>ante</span> <span class='ocrx_word' id='word_1_110' title='bbox 1540 1718 1678 1766; x_wconf 89' lang='lat' dir='ltr'>annum</span> 
     </span>
     <span class='ocr_line' id='line_1_13' title="bbox 188 1815 1677 1911; baseline 0.003 -25"><span class='ocrx_word' id='word_1_111' title='bbox 188 1817 298 1907; x_wconf 91' lang='lat'>1870,</span> <span class='ocrx_word' id='word_1_112' title='bbox 329 1816 378 1887; x_wconf 89' lang='lat' dir='ltr'>ad</span> <span class='ocrx_word' id='word_1_113' title='bbox 405 1816 520 1888; x_wconf 86' lang='lat' dir='ltr'>aedes</span> <span class='ocrx_word' id='word_1_114' title='bbox 549 1815 762 1901; x_wconf 89' lang='lat' dir='ltr'>Vaticanas,</span> <span class='ocrx_word' id='word_1_115' title='bbox 793 1817 928 1911; x_wconf 91' lang='lat' dir='ltr'>quibus</span> <span class='ocrx_word' id='word_1_116' title='bbox 965 1842 1062 1890; x_wconf 90' lang='lat' dir='ltr'>nunc</span> <span class='ocrx_word' id='word_1_117' title='bbox 1090 1819 1284 1904; x_wconf 91' lang='lat' dir='ltr'>invenitur,</span> <span class='ocrx_word' id='word_1_118' title='bbox 1316 1818 1384 1891; x_wconf 83' lang='lat' dir='ltr'>luit</span> <span class='ocrx_word' id='word_1_119' title='bbox 1411 1834 1677 1904; x_wconf 88' lang='lat' dir='ltr'>transvectum,</span> 
     </span>
     <span class='ocr_line' id='line_1_14' title="bbox 182 1940 1680 2038; baseline 0.001 -25"><span class='ocrx_word' id='word_1_120' title='bbox 182 1955 222 2013; x_wconf 89' lang='lat' dir='ltr'>et</span> <span class='ocrx_word' id='word_1_121' title='bbox 250 1940 373 2013; x_wconf 91' lang='lat' dir='ltr'>Rotae</span> <span class='ocrx_word' id='word_1_122' title='bbox 402 1941 608 2014; x_wconf 85' lang='lat' dir='ltr'>Auditores</span> <span class='ocrx_word' id='word_1_123' title='bbox 635 1965 734 2014; x_wconf 88' lang='lat' dir='ltr'>anno</span> <span class='ocrx_word' id='word_1_124' title='bbox 768 1945 866 2031; x_wconf 88' lang='lat'>1869</span> <span class='ocrx_word' id='word_1_125' title='bbox 896 1958 1073 2016; x_wconf 87' lang='lat' dir='ltr'>externae</span> <span class='ocrx_word' id='word_1_126' title='bbox 1098 1944 1264 2016; x_wconf 83' lang='lat' dir='ltr'>Archivii</span> <span class='ocrx_word' id='word_1_127' title='bbox 1284 1943 1411 2016; x_wconf 89' lang='lat' dir='ltr'>rotalis</span> <span class='ocrx_word' id='word_1_128' title='bbox 1430 1959 1564 2038; x_wconf 90' lang='lat' dir='ltr'>portae</span> <span class='ocrx_word' id='word_1_129' title='bbox 1583 1966 1680 2037; x_wconf 91' lang='lat' dir='ltr'>quae</span> 
     </span>
     <span class='ocr_line' id='line_1_15' title="bbox 183 2063 1681 2164; baseline 0.001 -26"><span class='ocrx_word' id='word_1_130' title='bbox 183 2065 231 2138; x_wconf 89' lang='lat' dir='ltr'>ad</span> <span class='ocrx_word' id='word_1_131' title='bbox 258 2065 415 2139; x_wconf 77' lang='lat' dir='ltr'>«cortile</span> <span class='ocrx_word' id='word_1_132' title='bbox 442 2063 539 2139; x_wconf 88' lang='lat' dir='ltr'>delle</span> <span class='ocrx_word' id='word_1_133' title='bbox 567 2090 748 2140; x_wconf 82' lang='lat' dir='ltr'>corazze»</span> <span class='ocrx_word' id='word_1_134' title='bbox 780 2066 911 2160; x_wconf 89' lang='lat' dir='ltr'>patula</span> <span class='ocrx_word' id='word_1_135' title='bbox 928 2080 998 2153; x_wconf 91' lang='lat' dir='ltr'>est,</span> <span class='ocrx_word' id='word_1_136' title='bbox 1020 2067 1299 2164; x_wconf 88' lang='lat' dir='ltr'>inscriptionem</span> <span class='ocrx_word' id='word_1_137' title='bbox 1321 2083 1542 2162; x_wconf 90' lang='lat' dir='ltr'>sequentem</span> <span class='ocrx_word' id='word_1_138' title='bbox 1561 2069 1681 2162; x_wconf 93' lang='lat' dir='ltr'>impo-</span> 
     </span>
     <span class='ocr_line' id='line_1_16' title="bbox 184 2187 1683 2288; baseline 0.001 -26"><span class='ocrx_word' id='word_1_139' title='bbox 184 2207 358 2263; x_wconf 92' lang='lat' dir='ltr'>suerunt:</span> <span class='ocrx_word' id='word_1_140' title='bbox 397 2219 414 2260; x_wconf 72' lang='lat' dir='ltr'>c</span> <span class='ocrx_word' id='word_1_141' title='bbox 435 2190 498 2263; x_wconf 90' lang='lat' dir='ltr'>Pio</span> <span class='ocrx_word' id='word_1_142' title='bbox 518 2187 571 2262; x_wconf 94' lang='lat' dir='ltr'>lX</span> <span class='ocrx_word' id='word_1_143' title='bbox 600 2233 617 2247; x_wconf 94' lang='lat'><em>-</em></span> <span class='ocrx_word' id='word_1_144' title='bbox 645 2190 807 2286; x_wconf 88' lang='lat' dir='ltr'>pontifici</span> <span class='ocrx_word' id='word_1_145' title='bbox 827 2191 988 2265; x_wconf 91' lang='lat' dir='ltr'>maximo</span> <span class='ocrx_word' id='word_1_146' title='bbox 1007 2192 1147 2264; x_wconf 90' lang='lat' dir='ltr'>-cuius</span> <span class='ocrx_word' id='word_1_147' title='bbox 1166 2193 1387 2266; x_wconf 89' lang='lat' dir='ltr'>auctoritate</span> <span class='ocrx_word' id='word_1_148' title='bbox 1407 2209 1445 2266; x_wconf 89' lang='lat' dir='ltr'>et</span> <span class='ocrx_word' id='word_1_149' title='bbox 1465 2191 1646 2288; x_wconf 89' lang='lat' dir='ltr'>sapientia</span> <span class='ocrx_word' id='word_1_150' title='bbox 1664 2233 1683 2246; x_wconf 94' lang='lat'>-</span> 
     </span>
     <span class='ocr_line' id='line_1_17' title="bbox 190 2313 1682 2412; baseline 0.001 -26"><span class='ocrx_word' id='word_1_151' title='bbox 190 2315 355 2388; x_wconf 80' lang='lat' dir='ltr'>«decori</span> <span class='ocrx_word' id='word_1_152' title='bbox 384 2313 543 2412; x_wconf 91' lang='lat' dir='ltr'>Collegii</span> <span class='ocrx_word' id='word_1_153' title='bbox 571 2317 689 2389; x_wconf 92' lang='lat' dir='ltr'>nostri</span> <span class='ocrx_word' id='word_1_154' title='bbox 718 2361 734 2370; x_wconf 96' lang='lat'>-</span> <span class='ocrx_word' id='word_1_155' title='bbox 762 2334 800 2389; x_wconf 90' lang='lat' dir='ltr'>et</span> <span class='ocrx_word' id='word_1_156' title='bbox 828 2318 1061 2410; x_wconf 89' lang='lat' dir='ltr'>posteritatis</span> <span class='ocrx_word' id='word_1_157' title='bbox 1089 2317 1125 2389; x_wconf 94' lang='lat' dir='ltr'>in</span> <span class='ocrx_word' id='word_1_158' title='bbox 1155 2318 1295 2390; x_wconf 85' lang='lat' dir='ltr'>iudiciis</span> <span class='ocrx_word' id='word_1_159' title='bbox 1325 2317 1486 2391; x_wconf 82' lang='lat' dir='ltr'>serendis</span> <span class='ocrx_word' id='word_1_160' title='bbox 1513 2361 1529 2372; x_wconf 96' lang='lat'><em>-</em></span> <span class='ocrx_word' id='word_1_161' title='bbox 1557 2315 1682 2390; x_wconf 91' lang='lat' dir='ltr'>erudi-</span> 
     </span>
     <span class='ocr_line' id='line_1_18' title="bbox 192 2438 1681 2537; baseline 0 -27"><span class='ocrx_word' id='word_1_162' title='bbox 192 2440 314 2513; x_wconf 81' lang='lat' dir='ltr'>‹tioni</span> <span class='ocrx_word' id='word_1_163' title='bbox 333 2441 523 2534; x_wconf 92' lang='lat' dir='ltr'>provisum</span> <span class='ocrx_word' id='word_1_164' title='bbox 543 2457 632 2512; x_wconf 91' lang='lat' dir='ltr'>est·</span> <span class='ocrx_word' id='word_1_165' title='bbox 647 2439 825 2523; x_wconf 84' lang='lat' dir='ltr'>Tabulae,</span> <span class='ocrx_word' id='word_1_166' title='bbox 848 2439 1029 2524; x_wconf 91' lang='lat' dir='ltr'>consulta,</span> <span class='ocrx_word' id='word_1_167' title='bbox 1053 2441 1273 2525; x_wconf 90' lang='lat' dir='ltr'>sententiae,</span> <span class='ocrx_word' id='word_1_168' title='bbox 1291 2465 1472 2537; x_wconf 89' lang='lat' dir='ltr'>responsa</span> <span class='ocrx_word' id='word_1_169' title='bbox 1491 2485 1508 2496; x_wconf 95' lang='lat'>-</span> <span class='ocrx_word' id='word_1_170' title='bbox 1527 2438 1681 2514; x_wconf 91' lang='lat' dir='ltr'>collecta</span> 
     </span>
     <span class='ocr_line' id='line_1_19' title="bbox 192 2563 1684 2662; baseline -0.001 -26"><span class='ocrx_word' id='word_1_171' title='bbox 192 2593 210 2636; x_wconf 65' lang='grc' dir='ltr'>ι</span> <span class='ocrx_word' id='word_1_172' title='bbox 225 2566 260 2637; x_wconf 92' lang='lat' dir='ltr'>in</span> <span class='ocrx_word' id='word_1_173' title='bbox 275 2564 444 2637; x_wconf 90' lang='lat' dir='ltr'>ordinem</span> <span class='ocrx_word' id='word_1_174' title='bbox 460 2566 608 2662; x_wconf 89' lang='lat' dir='ltr'>digesta</span> <span class='ocrx_word' id='word_1_175' title='bbox 624 2564 949 2639; x_wconf 86' lang='lat' dir='ltr'>sunt-Summum</span> <span class='ocrx_word' id='word_1_176' title='bbox 966 2563 1171 2638; x_wconf 85' lang='lat' dir='ltr'>Consilium</span> <span class='ocrx_word' id='word_1_177' title='bbox 1188 2565 1257 2637; x_wconf 93' lang='lat' dir='ltr'>Xll</span> <span class='ocrx_word' id='word_1_178' title='bbox 1273 2567 1434 2638; x_wconf 87' lang='lat' dir='ltr'>virorum</span> <span class='ocrx_word' id='word_1_179' title='bbox 1455 2565 1578 2638; x_wconf 91' lang='lat' dir='ltr'>litibus</span> <span class='ocrx_word' id='word_1_180' title='bbox 1593 2563 1684 2635; x_wconf 91' lang='lat' dir='ltr'>iudi-</span> 
     </span>
     <span class='ocr_line' id='line_1_20' title="bbox 192 2690 1683 2787; baseline 0.002 -29"><span class='ocrx_word' id='word_1_181' title='bbox 192 2691 357 2763; x_wconf 85' lang='lat' dir='ltr'>‹candis</span> <span class='ocrx_word' id='word_1_182' title='bbox 386 2733 402 2745; x_wconf 96' lang='lat'>-</span> <span class='ocrx_word' id='word_1_183' title='bbox 429 2690 601 2784; x_wconf 91' lang='lat' dir='ltr'>obsequii</span> <span class='ocrx_word' id='word_1_184' title='bbox 629 2690 803 2787; x_wconf 85' lang='lat' dir='ltr'>gratique</span> <span class='ocrx_word' id='word_1_185' title='bbox 841 2691 952 2763; x_wconf 91' lang='lat' dir='ltr'>animi</span> <span class='ocrx_word' id='word_1_186' title='bbox 989 2715 1102 2763; x_wconf 90' lang='lat' dir='ltr'>causa</span> <span class='ocrx_word' id='word_1_187' title='bbox 1138 2693 1264 2785; x_wconf 91' lang='lat' dir='ltr'>posuit</span> <span class='ocrx_word' id='word_1_188' title='bbox 1291 2735 1308 2746; x_wconf 95' lang='lat'>-</span> <span class='ocrx_word' id='word_1_189' title='bbox 1337 2693 1449 2763; x_wconf 81' lang='lat' dir='ltr'>Anno</span> <span class='ocrx_word' id='word_1_190' title='bbox 1481 2691 1683 2762; x_wconf 92' lang='lat' dir='ltr'>christiano</span> 
     </span>
     <span class='ocr_line' id='line_1_21' title="bbox 192 2815 1682 2912; baseline -0.001 -26"><span class='ocrx_word' id='word_1_191' title='bbox 192 2837 445 2887; x_wconf 78' lang='lat' dir='ltr'>‹uoccctxix</span> <span class='ocrx_word' id='word_1_192' title='bbox 463 2842 500 2888; x_wconf 80' lang='lat'>&gt;.</span> <span class='ocrx_word' id='word_1_193' title='bbox 532 2815 768 2889; x_wconf 91' lang='lat' dir='ltr'>Documenta</span> <span class='ocrx_word' id='word_1_194' title='bbox 797 2815 910 2912; x_wconf 88' lang='lat' dir='ltr'>igitur</span> <span class='ocrx_word' id='word_1_195' title='bbox 937 2841 1034 2911; x_wconf 91' lang='lat' dir='ltr'>quae</span> <span class='ocrx_word' id='word_1_196' title='bbox 1072 2815 1142 2889; x_wconf 94' lang='lat' dir='ltr'>hoc</span> <span class='ocrx_word' id='word_1_197' title='bbox 1171 2815 1346 2889; x_wconf 80' lang='lat' dir='ltr'>Archivio</span> <span class='ocrx_word' id='word_1_198' title='bbox 1374 2830 1616 2888; x_wconf 91' lang='lat' dir='ltr'>asservantur</span> <span class='ocrx_word' id='word_1_199' title='bbox 1644 2831 1682 2884; x_wconf 89' lang='lat' dir='ltr'>et</span> 
     </span>
    </p>
   </div>
   <div class='ocr_carea' id='block_1_3' title="bbox 185 2939 1680 3038">
    <p class='ocr_par' dir='ltr' id='par_1_3' title="bbox 185 2939 1680 3038">
     <span class='ocr_line' id='line_1_22' title="bbox 185 2939 1680 3038; baseline 0 -26"><span class='ocrx_word' id='word_1_200' title='bbox 185 2940 348 3038; x_wconf 93' lang='lat' dir='ltr'>genuina</span> <span class='ocrx_word' id='word_1_201' title='bbox 357 2957 395 3012; x_wconf 92' lang='lat' dir='ltr'>et</span> <span class='ocrx_word' id='word_1_202' title='bbox 409 2963 480 3034; x_wconf 91' lang='lat' dir='ltr'>pro</span> <span class='ocrx_word' id='word_1_203' title='bbox 494 2940 691 3013; x_wconf 89' lang='lat' dir='ltr'>scribenda</span> <span class='ocrx_word' id='word_1_204' title='bbox 707 2939 860 3013; x_wconf 89' lang='lat' dir='ltr'>historia</span> <span class='ocrx_word' id='word_1_205' title='bbox 870 2939 1082 3013; x_wconf 90' lang='lat' dir='ltr'>Tribunalis</span> <span class='ocrx_word' id='word_1_206' title='bbox 1097 2941 1223 3038; x_wconf 87' lang='lat' dir='ltr'>magni</span> <span class='ocrx_word' id='word_1_207' title='bbox 1233 2940 1410 3036; x_wconf 90' lang='lat' dir='ltr'>ponderis</span> <span class='ocrx_word' id='word_1_208' title='bbox 1420 2941 1680 3012; x_wconf 88' lang='lat' dir='ltr'>ostenduntur.</span> 
     </span>
    </p>
   </div>
   <div class='ocr_carea' id='block_1_4' title="bbox 862 3311 1002 3408">
    <p class='ocr_par' dir='ltr' id='par_1_4' title="bbox 862 3311 1002 3408">
     <span class='ocr_line' id='line_1_23' title="bbox 862 3311 1002 3408; baseline 0.029 -26"><span class='ocrx_word' id='word_1_209' title='bbox 862 3315 880 3408; x_wconf 49' lang='grc' dir='ltr'>ᾗ</span> <span class='ocrx_word' id='word_1_210' title='bbox 909 3311 1002 3386; x_wconf 84' lang='lat' dir='ltr'>viu.</span> 
     </span>
    </p>
   </div>
   <div class='ocr_carea' id='block_1_5' title="bbox 230 3465 1640 3558">
    <p class='ocr_par' dir='ltr' id='par_1_5' title="bbox 230 3465 1640 3558">
     <span class='ocr_line' id='line_1_24' title="bbox 230 3465 1640 3558; baseline -0.006 -20"><span class='ocrx_word' id='word_1_211' title='bbox 230 3469 473 3558; x_wconf 80' lang='lat' dir='ltr'>Singillatim</span> <span class='ocrx_word' id='word_1_212' title='bbox 496 3469 752 3538; x_wconf 85' lang='lat' dir='ltr'>illustrantur</span> <span class='ocrx_word' id='word_1_213' title='bbox 777 3468 910 3536; x_wconf 83' lang='lat' dir='ltr'>variae</span> <span class='ocrx_word' id='word_1_214' title='bbox 934 3470 1264 3536; x_wconf 87' lang='lat' dir='ltr'>documentorum</span> <span class='ocrx_word' id='word_1_215' title='bbox 1290 3466 1480 3534; x_wconf 87' lang='lat' dir='ltr'>rotalium</span> <span class='ocrx_word' id='word_1_216' title='bbox 1503 3465 1640 3531; x_wconf 78' lang='lat' dir='ltr'>series·</span> 
     </span>
    </p>
   </div>
   <div class='ocr_carea' id='block_1_6' title="bbox 123 3663 1690 5382">
    <p class='ocr_par' dir='ltr' id='par_1_6' title="bbox 123 3663 1690 5382">
     <span class='ocr_line' id='line_1_25' title="bbox 268 3663 1686 3763; baseline -0.006 -19"><span class='ocrx_word' id='word_1_217' title='bbox 268 3695 327 3763; x_wconf 85' lang='lat'>30.</span> <span class='ocrx_word' id='word_1_218' title='bbox 356 3713 383 3724; x_wconf 87' lang='lat'>-</span> <span class='ocrx_word' id='word_1_219' title='bbox 404 3669 462 3742; x_wconf 90' lang='lat' dir='ltr'>De</span> <span class='ocrx_word' id='word_1_220' title='bbox 480 3694 611 3743; x_wconf 89' lang='lat' dir='ltr'>eorum</span> <span class='ocrx_word' id='word_1_221' title='bbox 631 3670 741 3742; x_wconf 87' lang='lat' dir='ltr'>variis</span> <span class='ocrx_word' id='word_1_222' title='bbox 761 3669 930 3742; x_wconf 90' lang='lat' dir='ltr'>seriebus</span> <span class='ocrx_word' id='word_1_223' title='bbox 955 3669 1089 3763; x_wconf 91' lang='lat' dir='ltr'>partim</span> <span class='ocrx_word' id='word_1_224' title='bbox 1106 3665 1309 3749; x_wconf 86' lang='lat' dir='ltr'>disserens,</span> <span class='ocrx_word' id='word_1_225' title='bbox 1332 3664 1413 3738; x_wconf 92' lang='lat' dir='ltr'>illas</span> <span class='ocrx_word' id='word_1_226' title='bbox 1442 3663 1635 3737; x_wconf 89' lang='lat' dir='ltr'>illustrabo</span> <span class='ocrx_word' id='word_1_227' title='bbox 1663 3688 1686 3735; x_wconf 93' lang='lat' dir='ltr'>e</span> 
     </span>
     <span class='ocr_line' id='line_1_26' title="bbox 123 3787 1683 3891; baseline -0.006 -20"><span class='ocrx_word' id='word_1_228' title='bbox 123 3821 126 3826; x_wconf 73' lang='grc'>’</span> <span class='ocrx_word' id='word_1_229' title='bbox 185 3797 321 3891; x_wconf 91' lang='lat' dir='ltr'>quibus</span> <span class='ocrx_word' id='word_1_230' title='bbox 340 3798 565 3869; x_wconf 91' lang='lat' dir='ltr'>documenta</span> <span class='ocrx_word' id='word_1_231' title='bbox 584 3795 764 3890; x_wconf 87' lang='lat' dir='ltr'>exscripsi</span> <span class='ocrx_word' id='word_1_232' title='bbox 782 3811 821 3867; x_wconf 91' lang='lat' dir='ltr'>et</span> <span class='ocrx_word' id='word_1_233' title='bbox 840 3795 875 3866; x_wconf 93' lang='lat' dir='ltr'>in</span> <span class='ocrx_word' id='word_1_234' title='bbox 895 3818 1012 3887; x_wconf 88' lang='lat' dir='ltr'>opere</span> <span class='ocrx_word' id='word_1_235' title='bbox 1026 3793 1163 3865; x_wconf 89' lang='lat' dir='ltr'>citatae</span> <span class='ocrx_word' id='word_1_236' title='bbox 1179 3789 1424 3885; x_wconf 89' lang='lat' dir='ltr'>reperiuntur.</span> <span class='ocrx_word' id='word_1_237' title='bbox 1442 3832 1458 3843; x_wconf 96' lang='lat'><em>-</em></span> <span class='ocrx_word' id='word_1_238' title='bbox 1474 3787 1523 3860; x_wconf 87' lang='lat' dir='ltr'>Et</span> <span class='ocrx_word' id='word_1_239' title='bbox 1542 3789 1683 3883; x_wconf 92' lang='lat' dir='ltr'>primo:</span> 
     </span>
     <span class='ocr_line' id='line_1_27' title="bbox 194 3915 1685 4009; baseline -0.007 -16"><span class='ocrx_word' id='word_1_240' title='bbox 194 3920 483 3993; x_wconf 72' lang='lat' dir='ltr'>‹Admissz‘ones</span> <span class='ocrx_word' id='word_1_241' title='bbox 501 3947 539 3994; x_wconf 84' lang='lat'>›.</span> <span class='ocrx_word' id='word_1_242' title='bbox 559 3962 585 3973; x_wconf 91' lang='lat'>-</span> <span class='ocrx_word' id='word_1_243' title='bbox 613 3919 697 3991; x_wconf 91' lang='lat' dir='ltr'>Hoc</span> <span class='ocrx_word' id='word_1_244' title='bbox 726 3917 874 3990; x_wconf 91' lang='lat' dir='ltr'>nomine</span> <span class='ocrx_word' id='word_1_245' title='bbox 904 3915 1112 3989; x_wconf 91' lang='lat' dir='ltr'>inscribitur</span> <span class='ocrx_word' id='word_1_246' title='bbox 1132 3915 1307 3987; x_wconf 88' lang='lat' dir='ltr'>volumen</span> <span class='ocrx_word' id='word_1_247' title='bbox 1336 3936 1526 4009; x_wconf 88' lang='lat' dir='ltr'>magnum,</span> <span class='ocrx_word' id='word_1_248' title='bbox 1550 3935 1685 4008; x_wconf 91' lang='lat' dir='ltr'>perga-</span> 
     </span>
     <span class='ocr_line' id='line_1_28' title="bbox 185 4037 1685 4144; baseline -0.007 -27"><span class='ocrx_word' id='word_1_249' title='bbox 185 4069 295 4118; x_wconf 91' lang='lat' dir='ltr'>mena</span> <span class='ocrx_word' id='word_1_250' title='bbox 313 4045 481 4144; x_wconf 87' lang='lat' dir='ltr'>ligatum,</span> <span class='ocrx_word' id='word_1_251' title='bbox 507 4060 546 4116; x_wconf 89' lang='lat' dir='ltr'>et</span> <span class='ocrx_word' id='word_1_252' title='bbox 573 4044 743 4116; x_wconf 91' lang='lat' dir='ltr'>instituto</span> <span class='ocrx_word' id='word_1_253' title='bbox 772 4068 858 4115; x_wconf 88' lang='lat' dir='ltr'>meo</span> <span class='ocrx_word' id='word_1_254' title='bbox 887 4066 1055 4114; x_wconf 90' lang='lat' dir='ltr'>summae</span> <span class='ocrx_word' id='word_1_255' title='bbox 1085 4039 1264 4114; x_wconf 88' lang='lat' dir='ltr'>utilitatis.</span> <span class='ocrx_word' id='word_1_256' title='bbox 1287 4037 1560 4132; x_wconf 89' lang='lat' dir='ltr'>Complectitur</span> <span class='ocrx_word' id='word_1_257' title='bbox 1588 4038 1685 4107; x_wconf 88' lang='lat' dir='ltr'>enim</span> 
     </span>
     <span class='ocr_line' id='line_1_29' title="bbox 185 4161 1686 4267; baseline -0.007 -25"><span class='ocrx_word' id='word_1_258' title='bbox 185 4171 411 4244; x_wconf 87' lang='lat' dir='ltr'>documenta</span> <span class='ocrx_word' id='word_1_259' title='bbox 439 4193 619 4267; x_wconf 88' lang='lat' dir='ltr'>germana</span> <span class='ocrx_word' id='word_1_260' title='bbox 647 4169 748 4240; x_wconf 88' lang='lat' dir='ltr'>edita</span> <span class='ocrx_word' id='word_1_261' title='bbox 777 4168 813 4240; x_wconf 90' lang='lat' dir='ltr'>in</span> <span class='ocrx_word' id='word_1_262' title='bbox 841 4166 1058 4238; x_wconf 66' lang='lat' dir='ltr'>admissione</span> <span class='ocrx_word' id='word_1_263' title='bbox 1087 4187 1266 4236; x_wconf 92' lang='lat' dir='ltr'>novorum</span> <span class='ocrx_word' id='word_1_264' title='bbox 1291 4162 1531 4235; x_wconf 84' lang='lat' dir='ltr'>Auditorum.</span> <span class='ocrx_word' id='word_1_265' title='bbox 1559 4161 1686 4233; x_wconf 89' lang='lat' dir='ltr'>Docu-</span> 
     </span>
     <span class='ocr_line' id='line_1_30' title="bbox 185 4286 1685 4388; baseline -0.007 -21"><span class='ocrx_word' id='word_1_266' title='bbox 185 4312 311 4367; x_wconf 90' lang='lat' dir='ltr'>menta</span> <span class='ocrx_word' id='word_1_267' title='bbox 340 4295 375 4366; x_wconf 88' lang='lat' dir='ltr'>in</span> <span class='ocrx_word' id='word_1_268' title='bbox 400 4295 494 4367; x_wconf 88' lang='lat' dir='ltr'>duas</span> <span class='ocrx_word' id='word_1_269' title='bbox 514 4309 642 4388; x_wconf 92' lang='lat' dir='ltr'>partes</span> <span class='ocrx_word' id='word_1_270' title='bbox 661 4293 858 4366; x_wconf 89' lang='lat' dir='ltr'>distributa</span> <span class='ocrx_word' id='word_1_271' title='bbox 879 4307 967 4362; x_wconf 92' lang='lat' dir='ltr'>sunt</span> <span class='ocrx_word' id='word_1_272' title='bbox 986 4315 1144 4385; x_wconf 91' lang='lat' dir='ltr'>quarum</span> <span class='ocrx_word' id='word_1_273' title='bbox 1165 4289 1284 4384; x_wconf 90' lang='lat' dir='ltr'>prima</span> <span class='ocrx_word' id='word_1_274' title='bbox 1304 4286 1404 4360; x_wconf 90' lang='lat' dir='ltr'>initia</span> <span class='ocrx_word' id='word_1_275' title='bbox 1425 4287 1538 4358; x_wconf 88' lang='lat' dir='ltr'>sumit</span> <span class='ocrx_word' id='word_1_276' title='bbox 1556 4312 1579 4358; x_wconf 89' lang='lat' dir='ltr'>a</span> <span class='ocrx_word' id='word_1_277' title='bbox 1599 4309 1685 4380; x_wconf 90' lang='lat' dir='ltr'>pon-</span> 
     </span>
     <span class='ocr_line' id='line_1_31' title="bbox 185 4411 1684 4514; baseline -0.007 -21"><span class='ocrx_word' id='word_1_278' title='bbox 185 4420 321 4494; x_wconf 86' lang='lat' dir='ltr'>tificatu</span> <span class='ocrx_word' id='word_1_279' title='bbox 345 4421 495 4492; x_wconf 90' lang='lat' dir='ltr'>Martini</span> <span class='ocrx_word' id='word_1_280' title='bbox 513 4417 544 4487; x_wconf 96' lang='lat' dir='ltr'>V</span> <span class='ocrx_word' id='word_1_281' title='bbox 565 4434 604 4490; x_wconf 91' lang='lat' dir='ltr'>et</span> <span class='ocrx_word' id='word_1_282' title='bbox 622 4416 671 4489; x_wconf 91' lang='lat' dir='ltr'>ad</span> <span class='ocrx_word' id='word_1_283' title='bbox 690 4421 875 4514; x_wconf 90' lang='lat' dir='ltr'>integrum</span> <span class='ocrx_word' id='word_1_284' title='bbox 898 4415 1151 4511; x_wconf 88' lang='lat' dir='ltr'>pontificatum</span> <span class='ocrx_word' id='word_1_285' title='bbox 1172 4412 1375 4486; x_wconf 86' lang='lat' dir='ltr'>Alexandri</span> <span class='ocrx_word' id='word_1_286' title='bbox 1392 4411 1474 4483; x_wconf 95' lang='lat' dir='ltr'>Vlll</span> <span class='ocrx_word' id='word_1_287' title='bbox 1494 4411 1684 4507; x_wconf 88' lang='lat' dir='ltr'>pertingit.</span> 
     </span>
     <span class='ocr_line' id='line_1_32' title="bbox 186 4535 1688 4640; baseline -0.009 -22"><span class='ocrx_word' id='word_1_288' title='bbox 186 4546 291 4628; x_wconf 84' lang='lat' dir='ltr'>Sunt,</span> <span class='ocrx_word' id='word_1_289' title='bbox 314 4560 356 4616; x_wconf 93' lang='lat' dir='ltr'>ut</span> <span class='ocrx_word' id='word_1_290' title='bbox 376 4544 584 4640; x_wconf 90' lang='lat' dir='ltr'>plurimum,</span> <span class='ocrx_word' id='word_1_291' title='bbox 607 4543 762 4614; x_wconf 88' lang='lat' dir='ltr'>cedulae</span> <span class='ocrx_word' id='word_1_292' title='bbox 783 4539 1054 4636; x_wconf 89' lang='lat' dir='ltr'>Motusproprii</span> <span class='ocrx_word' id='word_1_293' title='bbox 1073 4536 1280 4610; x_wconf 90' lang='lat' dir='ltr'>collationis</span> <span class='ocrx_word' id='word_1_294' title='bbox 1300 4536 1548 4609; x_wconf 81' lang='lat' dir='ltr'>Auditoratus</span> <span class='ocrx_word' id='word_1_295' title='bbox 1565 4535 1688 4606; x_wconf 90' lang='lat' dir='ltr'>Rotae</span> 
     </span>
     <span class='ocr_line' id='line_1_33' title="bbox 186 4659 1689 4763; baseline -0.009 -21"><span class='ocrx_word' id='word_1_296' title='bbox 186 4670 245 4742; x_wconf 89' lang='lat' dir='ltr'>vel</span> <span class='ocrx_word' id='word_1_297' title='bbox 284 4668 451 4742; x_wconf 86' lang='lat' dir='ltr'>Mandati</span> <span class='ocrx_word' id='word_1_298' title='bbox 485 4669 535 4740; x_wconf 81' lang='lat' dir='ltr'>de</span> <span class='ocrx_word' id='word_1_299' title='bbox 567 4668 781 4763; x_wconf 91' lang='lat' dir='ltr'>recipiendo</span> <span class='ocrx_word' id='word_1_300' title='bbox 821 4665 878 4738; x_wconf 91' lang='lat' dir='ltr'>vel</span> <span class='ocrx_word' id='word_1_301' title='bbox 915 4663 1148 4738; x_wconf 87' lang='lat' dir='ltr'>admittendo</span> <span class='ocrx_word' id='word_1_302' title='bbox 1184 4659 1305 4736; x_wconf 88' lang='lat' dir='ltr'>electo</span> <span class='ocrx_word' id='word_1_303' title='bbox 1342 4660 1539 4742; x_wconf 87' lang='lat' dir='ltr'>Auditore,</span> <span class='ocrx_word' id='word_1_304' title='bbox 1572 4659 1689 4754; x_wconf 94' lang='lat' dir='ltr'>ipsius</span> 
     </span>
     <span class='ocr_line' id='line_1_34' title="bbox 187 4783 1686 4890; baseline -0.009 -23"><span class='ocrx_word' id='word_1_305' title='bbox 187 4820 303 4890; x_wconf 89' lang='lat' dir='ltr'>saepe</span> <span class='ocrx_word' id='word_1_306' title='bbox 341 4795 490 4888; x_wconf 90' lang='lat' dir='ltr'>saepius</span> <span class='ocrx_word' id='word_1_307' title='bbox 528 4817 596 4888; x_wconf 93' lang='lat' dir='ltr'>pro</span> <span class='ocrx_word' id='word_1_308' title='bbox 635 4808 805 4887; x_wconf 89' lang='lat' dir='ltr'>tempore</span> <span class='ocrx_word' id='word_1_309' title='bbox 840 4789 1033 4886; x_wconf 89' lang='lat' dir='ltr'>regnantis</span> <span class='ocrx_word' id='word_1_310' title='bbox 1072 4788 1195 4883; x_wconf 90' lang='lat' dir='ltr'>Papae</span> <span class='ocrx_word' id='word_1_311' title='bbox 1230 4811 1340 4858; x_wconf 92' lang='lat' dir='ltr'>manu</span> <span class='ocrx_word' id='word_1_312' title='bbox 1381 4785 1563 4881; x_wconf 87' lang='lat' dir='ltr'>signatae.</span> <span class='ocrx_word' id='word_1_313' title='bbox 1600 4783 1686 4856; x_wconf 84' lang='lat' dir='ltr'>Nori</span> 
     </span>
     <span class='ocr_line' id='line_1_35' title="bbox 187 4892 1688 5012; baseline -0.009 -19"><span class='ocrx_word' id='word_1_314' title='bbox 187 4918 350 4993; x_wconf 92' lang='lat' dir='ltr'>omnium</span> <span class='ocrx_word' id='word_1_315' title='bbox 387 4918 613 5004; x_wconf 88' lang='lat' dir='ltr'>Pontificum,</span> <span class='ocrx_word' id='word_1_316' title='bbox 634 4941 756 5012; x_wconf 89' lang='lat' dir='ltr'>neque</span> <span class='ocrx_word' id='word_1_317' title='bbox 785 4916 949 4988; x_wconf 93' lang='lat' dir='ltr'>omnium</span> <span class='ocrx_word' id='word_1_318' title='bbox 980 4912 1202 4986; x_wconf 82' lang='lat' dir='ltr'>Auditorum</span> <span class='ocrx_word' id='word_1_319' title='bbox 1230 4892 1443 4983; x_wconf 90' lang='lat' dir='ltr'>huiusmodi</span> <span class='ocrx_word' id='word_1_320' title='bbox 1461 4909 1688 4982; x_wconf 91' lang='lat' dir='ltr'>documenta</span> 
     </span>
     <span class='ocr_line' id='line_1_36' title="bbox 187 5031 1690 5139; baseline -0.009 -22"><span class='ocrx_word' id='word_1_321' title='bbox 187 5045 273 5118; x_wconf 92' lang='lat' dir='ltr'>inibi</span> <span class='ocrx_word' id='word_1_322' title='bbox 295 5045 541 5139; x_wconf 88' lang='lat' dir='ltr'>reperiuntur,</span> <span class='ocrx_word' id='word_1_323' title='bbox 563 5067 628 5114; x_wconf 89' lang='lat' dir='ltr'>ceu</span> <span class='ocrx_word' id='word_1_324' title='bbox 649 5043 683 5113; x_wconf 93' lang='lat' dir='ltr'>in</span> <span class='ocrx_word' id='word_1_325' title='bbox 703 5040 824 5114; x_wconf 89' lang='lat' dir='ltr'>altero</span> <span class='ocrx_word' id='word_1_326' title='bbox 843 5038 953 5112; x_wconf 92' lang='lat' dir='ltr'>huius</span> <span class='ocrx_word' id='word_1_327' title='bbox 972 5039 1097 5134; x_wconf 92' lang='lat' dir='ltr'>operis</span> <span class='ocrx_word' id='word_1_328' title='bbox 1118 5037 1304 5110; x_wconf 91' lang='lat' dir='ltr'>volumine</span> <span class='ocrx_word' id='word_1_329' title='bbox 1320 5033 1547 5108; x_wconf 91' lang='lat' dir='ltr'>ostenditur:</span> <span class='ocrx_word' id='word_1_330' title='bbox 1565 5031 1690 5104; x_wconf 91' lang='lat' dir='ltr'>nihilo·</span> 
     </span>
     <span class='ocr_line' id='line_1_37' title="bbox 188 5154 1689 5254; baseline -0.009 -13"><span class='ocrx_word' id='word_1_331' title='bbox 188 5171 309 5242; x_wconf 89' lang='lat' dir='ltr'>minus</span> <span class='ocrx_word' id='word_1_332' title='bbox 339 5191 494 5240; x_wconf 89' lang='lat' dir='ltr'>numero</span> <span class='ocrx_word' id='word_1_333' title='bbox 523 5183 611 5240; x_wconf 91' lang='lat' dir='ltr'>sunt</span> <span class='ocrx_word' id='word_1_334' title='bbox 637 5189 711 5238; x_wconf 93' lang='lat' dir='ltr'>non</span> <span class='ocrx_word' id='word_1_335' title='bbox 740 5165 862 5237; x_wconf 90' lang='lat' dir='ltr'>minus</span> <span class='ocrx_word' id='word_1_336' title='bbox 894 5188 969 5238; x_wconf 90' lang='lat'>210</span> <span class='ocrx_word' id='word_1_337' title='bbox 1002 5180 1041 5236; x_wconf 92' lang='lat' dir='ltr'>et</span> <span class='ocrx_word' id='word_1_338' title='bbox 1073 5163 1232 5235; x_wconf 90' lang='lat' dir='ltr'>maxima</span> <span class='ocrx_word' id='word_1_339' title='bbox 1265 5161 1489 5233; x_wconf 86' lang='lat' dir='ltr'>auctoritate</span> <span class='ocrx_word' id='word_1_340' title='bbox 1522 5154 1689 5254; x_wconf 89' lang='lat' dir='ltr'>praecel-</span> 
     </span>
     <span class='ocr_line' id='line_1_38' title="bbox 187 5282 1690 5382; baseline -0.013 -10"><span class='ocrx_word' id='word_1_341' title='bbox 187 5299 276 5373; x_wconf 86' lang='lat' dir='ltr'>lent.</span> <span class='ocrx_word' id='word_1_342' title='bbox 299 5339 323 5348; x_wconf 93' lang='lat'>-</span> <span class='ocrx_word' id='word_1_343' title='bbox 343 5294 474 5365; x_wconf 89' lang='lat' dir='ltr'>Altera</span> <span class='ocrx_word' id='word_1_344' title='bbox 493 5290 601 5364; x_wconf 88' lang='lat' dir='ltr'>huius</span> <span class='ocrx_word' id='word_1_345' title='bbox 621 5289 819 5362; x_wconf 90' lang='lat' dir='ltr'>voluminis</span> <span class='ocrx_word' id='word_1_346' title='bbox 843 5288 1151 5362; x_wconf 90' lang='lat' dir='ltr'>documentorum</span> <span class='ocrx_word' id='word_1_347' title='bbox 1180 5311 1279 5382; x_wconf 89' lang='lat' dir='ltr'>pars,</span> <span class='ocrx_word' id='word_1_348' title='bbox 1301 5283 1497 5378; x_wconf 89' lang='lat' dir='ltr'>inscripta:</span> <span class='ocrx_word' id='word_1_349' title='bbox 1534 5282 1690 5356; x_wconf 75' lang='lat' dir='ltr'>«Vario</span> 
     </span>
    </p>
   </div>
   <div class='ocr_carea' id='block_1_7' title="bbox 0 0 1862 5924">
    <p class='ocr_par' dir='ltr' id='par_1_7' title="bbox 0 0 1862 5924">
     <span class='ocr_line' id='line_1_39' title="bbox 0 0 1862 5924; baseline 0 0"><span class='ocrx_word' id='word_1_350' title='bbox 0 0 1862 5924; x_wconf 95' lang='lat' dir='ltr'> </span> 
     </span>
    </p>
   </div>
  </div>
 </body>
</html>
