3720 5916
713 345 906 408 Innocentio
924 349 956 410 X
1380 418 1383 426 ,
1533 353 1589 412 379

87 561 171 610 nem
201 538 273 612 nisi
302 537 547 627 Memorialia,
576 555 764 616 attentata
791 557 831 614 et
869 543 1046 618 mandata
1087 544 1135 617 de
1178 546 1467 632 manutenendo
1507 546 1586 620 sive

85 661 267 735 materiae
295 659 445 747 similes,
476 663 710 738 continentes
738 689 871 760 parum
900 665 1140 743 difficultatis.

830 927 850 969 ’Β

800 989 879 1032 ilfi*

526 1124 597 1198 Die
626 1124 800 1198 Mercurii
832 1150 877 1198 22
909 1125 1001 1200 Iunii
1035 1132 1145 1220 1650.

166 1307 256 1394 306.
292 1302 388 1376 Drirs
419 1302 594 1378 Decanus
623 1305 813 1378 mandavit
842 1320 883 1378 ut
913 1304 1062 1378 Domini
1100 1307 1306 1380 Auditores
1347 1307 1469 1382 Rotae
1512 1332 1586 1381 non

84 1442 282 1522 portarent
308 1451 466 1500 caussas
494 1443 601 1500 extra
628 1428 809 1515 ordinem,
841 1429 910 1510 sed
939 1431 1197 1527 unusquisque
1226 1430 1332 1516 duaS,
1364 1431 1513 1505 adhoc
1545 1447 1586 1504 ut

75 1534 353 1624 'Procuratores
381 1567 420 1625 et
449 1549 619 1626 Curiales
646 1569 778 1626 essent
805 1553 927 1650 magis
955 1552 1101 1628 solliciti
1138 1555 1173 1628 in
1210 1553 1291 1628 aliis
1328 1555 1522 1629 Tertiariis
1550 1557 1586 1629 in

85 1675 223 1772 quibus
250 1701 380 1750 sumus
408 1677 515 1750 vacui
542 1693 581 1750 et
609 1678 645 1750 in
673 1678 730 1752 his
759 1678 897 1753 ultimis
926 1679 1035 1754 Rotis
1064 1703 1368 1778 praegravamur.

105 1803 116 1846 Ι

826 1925 846 1968 *

796 1985 876 2030 *11

552 2119 624 2194 Die
653 2119 794 2204 Lunae,
827 2145 874 2214 23
905 2122 996 2196 Iunii
1030 2128 1140 2216 1650.

165 2301 293 2374 Hodie
322 2300 474 2375 Domini
500 2317 700 2398 portarunt
727 2301 895 2376 Caussas
913 2317 1020 2376 extra
1039 2302 1219 2390 ordinem,
1242 2306 1329 2400 quia
1348 2303 1415 2378 luit
1433 2303 1582 2391 dictum,

86 2426 186 2520 quod
216 2425 254 2501 S.
286 2425 334 2500 D.
366 2425 413 2498 N.
444 2451 518 2500 non
547 2425 724 2500 laudabat
751 2426 856 2522 quod
885 2425 1033 2524 Causae
1061 2441 1169 2500 extra
1196 2429 1365 2502 ordinem
1394 2454 1469 2502 non
1497 2454 1586 2525 por·

86 2565 255 2624 tarentur
282 2549 318 2622 in
347 2549 486 2624 ultimis
518 2549 728 2626 audientiis.

829 2777 850 2821 'lt

799 2839 880 2882 *rt

624 2975 696 3049 Die
728 2995 775 3068 27
806 2975 896 3048 Iunii
931 2981 1042 3068 1650.

165 3155 253 3228 Fuit
281 3155 392 3229 Rota.
423 3211 431 3228 .
463 3213 471 3229 .
504 3211 512 3226 .
542 3153 646 3228 iuxta
665 3153 834 3228 ordinem
854 3155 996 3238 datum,
1027 3153 1179 3227 Domini
1198 3167 1479 3250 proposuerunt
1497 3177 1585 3227 cau-

87 3303 147 3352 sas
174 3294 282 3352 extra
311 3303 506 3352 numerum
525 3294 794 3353 concernentes
814 3279 990 3352 materias
1009 3277 1135 3352 faciles
1154 3294 1195 3351 ut
1213 3303 1328 3376 supra
1346 3277 1484 3351 dictum
1505 3278 1582 3354 suit.

782 3634 871 3712 256.

87 3815 386 3890 Prothonotariis
411 3816 528 3888 locum
556 3815 783 3888 Auditorum
803 3815 987 3887 Rotaria
1017 3811 1166 3912 Capella
1178 3823 1265 3911 post
1296 3815 1456 3888 Missam
1484 3815 1585 3887 Pon-

163 3937 274 4035 tzflcis
300 3939 563 4038 ocntpantr'bns,
593 3939 637 4011 id
659 3947 756 4012 octat
780 3937 970 4034 Magister
995 3939 1319 4013 caeremoniarum.

163 4113 281 4186 (Ancu.
300 4113 387 4184 Rom,
411 4111 634 4171 «Extractnm
651 4111 774 4170 Drarii
791 4111 1013 4182 Ottaooom'm

655 4355 697 4426 15
730 4331 872 4429 Aprilis
906 4337 1018 4425 1651.

165 4507 372 4604 Postquam
400 4523 461 4582 est
487 4508 590 4582 finita
620 4508 738 4583 Missa
766 4508 966 4605 pontificia,
988 4507 1112 4582 solent
1130 4509 1336 4586 Auditores
1356 4509 1479 4582 Rotae
1496 4525 1584 4584 ante

87 4656 278 4706 scamnum
307 4633 344 4709 S.
376 4634 421 4708 R.
454 4633 496 4709 E.
528 4632 780 4707 Cardinalium
813 4633 1064 4707 Diaconorum
1094 4659 1136 4708 se
1165 4635 1212 4707 in'
1229 4633 1326 4708 linea
1352 4660 1506 4730 ponere,
1543 4653 1582 4708 et

86 4755 271 4852 genuflexi
298 4773 498 4854 expectare
527 4759 734 4832 discessum
756 4758 897 4832 Summi
928 4757 1112 4832 Pontificis
1131 4759 1196 4855 qui
1224 4783 1291 4834 eos
1319 4757 1525 4844 benedicit;
1546 4760 1583 4833 in

88 4899 250 4956 mentem
279 4884 381 4957 venit
409 4883 704 4958 Prothonotariis
733 4885 780 4958 de
810 4907 965 4957 numero
986 4882 1299 4980 Partecipantium
1320 4883 1442 4958 locum
1462 4885 1582 4956 Audi-

87 5020 208 5080 torum
237 4995 447 5105 occupare}
476 5007 545 5082 sed
573 5009 724 5081 tandem
756 5008 937 5092 Phebeus,
960 5009 1141 5106 magister
1165 5009 1469 5093 ceremoniarum,
1491 5007 1583 5080 dixit

88 5127 174 5206 DD.
206 5131 500 5207 Prothonotariis
530 5149 570 5206 ut
599 5147 743 5206 starent
761 5133 796 5206 in
818 5133 971 5230 proprio
992 5133 1130 5222 Banco,
1151 5133 1254 5205 iuxta
1273 5131 1435 5216 solitum,
1458 5157 1581 5228 neque

87 5273 314 5352 occuparent
340 5255 463 5332 locum
492 5257 580 5333 DD.
612 5256 730 5331 Audit
742 5283 840 5331 rrum
869 5273 909 5330 et
935 5258 987 5330 ita
1015 5256 1082 5330 suit
1109 5257 1258 5331 lactum.
