3688 5924
618 309 796 384 Praefatio
812 309 858 369 ad
877 311 1033 370 lectorem
1125 277 1130 288 .
1491 325 1578 370 xxxv

90 526 214 598 nempe
254 502 371 577 bullas
413 504 713 602 privilegiorum:
756 505 799 578 iis
840 506 948 584 enirn.
981 521 1037 578 tot
1074 505 1263 579 clausulae
1300 505 1576 579 consultissime

90 629 241 700 insertae
269 627 429 714 fuerunt,
459 654 557 724 quae
585 630 721 703 nedum
752 631 875 704 Rotae
903 627 970 704 sed
1000 631 1219 725 praesertim
1249 631 1426 704 historiae
1450 630 1578 703 evolu-

90 753 189 825 tionis
216 752 527 848 iurisprudentiae
557 754 716 828 maxime
743 772 966 853 argumento
995 771 1093 840 sunt,
1115 779 1289 851 quaeque
1312 755 1470 851 proinde
1490 779 1574 828 non·

90 875 149 948 nisi
176 876 305 950 iniuria
330 879 496 952 omissae
512 879 693 952 luissent.

164 1025 221 1093 70.
243 1045 270 1056 —
296 1003 493 1102 «capsula
513 1003 604 1077 A».
636 1002 732 1078 Cum
762 1002 1005 1100 quamplures
1034 1003 1185 1076 chartae
1213 1003 1355 1098 antiqui
1381 1003 1581 1077 Decanalis
1656 1038 1659 1045 ·

90 1125 243 1199 Archivii
272 1127 396 1200 adhuc
423 1149 671 1201 asserventur.
694 1127 855 1201 volantes
878 1127 913 1200 in
933 1128 1157 1224 quibusdam
1178 1127 1384 1200 chartaceis
1404 1126 1578 1224 capsulis,

90 1275 234 1324 necesse
263 1251 334 1324 luit
360 1269 399 1326 et
426 1252 600 1348 capsulas
627 1253 754 1328 citare.
787 1251 927 1325 Verum
957 1277 1112 1325 numero
1140 1275 1329 1348 perpauca
1357 1254 1582 1326 documenta

87 1377 165 1448 inde
191 1377 270 1449 erui
301 1390 341 1450 et
369 1377 493 1450 omnia
522 1401 632 1451 unam
662 1377 711 1450 ad
740 1402 891 1472 capsam
923 1377 1090 1474 reposita
1123 1394 1220 1462 sunt,
1251 1402 1406 1473 nempe:
1436 1379 1487 1450 A.

161 1521 219 1593 71.
241 1543 269 1556 -
291 1501 541 1574 Documentis
569 1502 628 1574 vel
656 1525 704 1573 ex
732 1526 831 1575 novo
850 1503 898 1574 ab
927 1499 1103 1574 Archivio
1132 1501 1249 1575 erutis
1277 1500 1336 1574 vel
1364 1526 1446 1575 cum
1476 1501 1582 1575 texti-

88 1627 150 1698 bus
183 1625 354 1700 Archivii
387 1626 620 1712 auscultatis,
661 1650 707 1700 ne
745 1627 850 1724 operi
885 1627 976 1723 quid
1012 1627 1175 1712 deesset,
1208 1625 1385 1699 nonnulla
1422 1627 1583 1700 adiicere

87 1749 286 1823 existimavi
318 1777 416 1847 quae
443 1777 466 1824 a
495 1751 770 1848 probatissimis
797 1751 1013 1825 auctoribus
1041 1750 1177 1847 publici
1205 1752 1293 1824 iuris
1321 1751 1417 1824 lacta
1446 1751 1582 1824 iamdiu

86 1874 236 1949 luerunt.
271 1876 423 1951 Horum
452 1875 677 1950 auscultatio
704 1902 788 1950 cum
808 1877 984 1958 ,textibus
1012 1877 1222 1972 respective
1252 1877 1329 1950 suis
1365 1875 1424 1948 vel
1460 1875 1584 1973 possi-

87 2001 159 2073 bilis
187 2024 263 2074 non
294 2002 376 2088 l'uit,
406 2002 464 2075 vel
493 2001 582 2075 mihi
610 2018 686 2076 tam
706 2001 835 2088 ardua,
857 2016 898 2073 ut
916 2001 979 2073 vix
1007 2001 1247 2097 impossibilis
1267 2001 1447 2076 evaderit.
1471 1999 1582 2074 Cete-

91 2151 170 2212 rum,
199 2141 405 2199 auctorum
433 2125 658 2200 auctoritate
687 2138 841 2210 attenta,
874 2150 971 2201 nova
998 2124 1225 2200 auscultatio
1244 2127 1278 2198 in
1301 2125 1433 2200 ellectu
1455 2123 1582 2198 luissel
1613 2111 1621 2125 ⁸

88 2250 224 2326 inutilis.
257 2250 336 2324 His
363 2251 599 2325 documentis
628 2275 740 2324 unam
769 2250 971 2346 praeposui
999 2249 1227 2337 citationem,
1257 2273 1393 2346 nempe
1420 2249 1583 2323 auctoris

87 2391 120 2446 et
144 2376 284 2472 operis.

786 2535 882 2632 gx.

159 2705 217 2773 72.
249 2724 277 2736 -
311 2679 486 2776 Denique
515 2681 550 2750 in
579 2676 629 2750 lV
658 2679 782 2774 operis
825 2680 933 2752 huius
976 2703 1082 2752 meae
1124 2679 1311 2751 volumine
1348 2677 1584 2753 documentis

87 2806 291 2901 desumptis
323 2829 372 2876 ex
398 2803 610 2880 Archlvlo
639 2803 835 2880 Notarili
872 2804 918 2880 S.
953 2803 1100 2888 Rotae
1138 2803 1266 2876 sedem
1305 2803 1490 2886 constitui,
1521 2803 1585 2877 ubi

84 2932 254 3004 lormulas
290 2929 464 3003 rotalium
483 2946 635 3003 actuum
655 2944 693 3000 et
712 2928 874 3001 Indicem
894 2953 1018 3002 rerum
1039 2929 1195 3002 tradam.
1219 2928 1279 3001 De
1299 2929 1370 3001 boc
1390 2927 1581 3012 Archz'vzb,

82 3055 122 3128 de
148 3052 243 3128 illius
284 3053 451 3150 pluribus
479 3053 790 3126 documentorum
820 3053 1017 3148 speciebus
1045 3053 1080 3124 in
1109 3054 1189 3148 ipso
1217 3051 1267 3125 lV
1292 3049 1479 3125 volumine
1499 3052 1583 3125 scri·

83 3181 171 3255 bam.
190 3181 296 3254 Heic
315 3175 576 3252 tantummodo
596 3175 888 3250 animadvertam
910 3193 951 3249 et
968 3176 1052 3249 huic
1071 3177 1117 3248 ΙΙΙ
1136 3175 1312 3250 volumini
1331 3177 1407 3250 duo
1426 3177 1486 3250 vel
1514 3177 1584 3250 tria

84 3303 322 3388 documenta,
352 3327 401 3376 ex
429 3303 500 3376 hoc
529 3301 686 3375 Notarili
721 3300 897 3374 Archivio
931 3302 1143 3396 desumpta,
1175 3325 1234 3374 me
1267 3302 1469 3374 inseruisse
1502 3302 1584 3398 plu-

85 3430 178 3504 ribus
198 3431 248 3503 de
273 3428 410 3510 causis,
440 3451 536 3524 quas
556 3451 603 3500 ex
622 3449 697 3500 non
726 3426 819 3499 raris
848 3425 980 3498 horum
1010 3427 1320 3500 documentorum
1349 3425 1587 3500 citationibus

86 3553 368 3629 occurrentibus
398 3553 432 3625 in
460 3553 583 3647 primo
610 3553 737 3647 operis
766 3567 882 3636 tomo,
911 3549 1017 3624 facile
1045 3549 1198 3649 colligat
1224 3553 1390 3647 prudens
1419 3550 1548 3626 lector.

158 3661 167 3693 ι
