3720 5916
222 310 278 370 386
846 309 983 369 Saeculo
1001 309 1108 370 XVII

222 507 400 579 momenti
419 505 572 578 daretur
601 507 747 579 occasio
766 505 935 602 pluribus
963 507 1119 592 dicendi,
1142 505 1229 578 ideo
1256 520 1344 602 post
1371 504 1488 579 multa
1515 505 1713 579 resolutum

224 630 293 704 luit
310 631 415 726 quod
433 647 697 726 expectaretur
716 647 867 728 tempus
886 632 1006 728 magis
1025 645 1166 726 aptum,
1188 648 1228 703 et
1246 630 1404 716 interim,
1420 630 1508 726 quia
1536 631 1716 703 Advocati

223 753 514 828 Consistoriales
534 754 760 852 incipiebant
776 781 816 828 se
836 755 999 830 alienare
1014 781 1037 828 a
1053 756 1163 841 Rota,
1182 781 1249 828 nec
1268 753 1317 828 illi
1336 753 1463 828 debita
1478 759 1718 851 praestabant

223 879 415 974 obsequia,
436 905 458 953 e
477 896 608 953 contra
628 874 835 955 Audito‘res
855 882 977 954 Rotae
999 904 1131 976 parum
1145 896 1212 953 aut
1231 879 1316 953 nihil
1332 882 1485 954 eosdem
1502 880 1719 954 Advocatos

224 1002 515 1078 Consistoriales
542 1006 591 1078 ab
624 1005 706 1077 aliis
734 1005 1020 1103 distinguerent,
1050 1020 1166 1100 atque
1198 1004 1283 1076 ideo
1311 1006 1463 1100 quando
1491 1006 1719 1080 accedebant

222 1129 271 1200 ad
300 1128 584 1216 informandum,
616 1154 689 1202 non
722 1131 1000 1202 associareutur
1036 1128 1104 1202 nisi
1141 1129 1189 1202 ad
1227 1147 1374 1232 portam
1411 1129 1531 1214 aulae,
1561 1144 1601 1201 et
1629 1129 1660 1200 si
1686 1129 1719 1200 id

224 1277 297 1326 non
326 1254 592 1350 approbarent,
624 1277 698 1327 non
725 1252 918 1329 accedant.
1019 1332 1022 1345 ‚

933 1599 1022 1678 267.

229 1749 402 1835 Cericlave
430 1761 650 1834 Alexandri
692 1763 777 1837 Vll.
818 1807 844 1818 -
881 1761 986 1850 Quae
1017 1761 1153 1852 fierent
1186 1761 1232 1834 ab
1260 1763 1506 1859 Audz'toribus
1543 1765 1663 1838 Rotae
1692 1771 1726 1834 et

225 1894 234 1908 '
304 1889 432 1984 quibus
459 1887 611 1990 iuribus
630 1896 787 1986 tempore
812 1887 989 1960 conclavis
1016 1887 1093 1985 ipsi
1104 1885 1302 1980 fruentur.

304 2044 419 2114 (nucu.
438 2043 524 2112 Ron,
549 2042 738 2100 ‹Deurium
760 2041 893 2114 crisin).

305 2245 380 2316 Die
407 2243 539 2315 Lunae
567 2245 614 2314 18
641 2241 845 2314 Februarii
869 2242 971 2334 1655.
1003 2240 1089 2314 Fuit
1118 2267 1185 2338 per
1206 2239 1442 2315 Cardinalem
1473 2241 1603 2315 Franc.
1632 2243 1722 2316 Bar-

223 2367 392 2442 berinum
422 2371 570 2440 cantata
600 2365 718 2438 Missa
746 2371 794 2438 de
814 2364 953 2460 Spiritu
984 2365 1102 2438 Santo
1131 2381 1246 2440 et...
1278 2363 1497 2438 Cardinales
1517 2367 1722 2461 processio·

225 2491 355 2566 naliter
382 2490 541 2590 ingressi
571 2483 658 2563 sunt
687 2489 887 2563 Conclave.

307 2615 462 2689 Habent
489 2615 696 2688 Auditores
723 2615 932 2687 custodiam
963 2631 1155 2708 portarum
1185 2615 1294 2704 unius
1323 2615 1446 2688 Rotae
1466 2613 1666 2688 Conclavis
1684 2631 1726 2690 et

225 2743 311 2837 quia
341 2741 440 2812 Sede
468 2756 625 2812 vacante
645 2738 883 2812 antecedenti
904 2732 971 2811 fuit
990 2737 1059 2812 illis
1086 2739 1280 2836 assignata
1300 2739 1400 2812 Rota
1419 2739 1584 2812 existens
1604 2765 1725 2836 penes

222 2863 469 2960 horologium,
501 2889 570 2959 pro
598 2863 660 2936 illa
690 2862 916 2936 insteterunt
944 2887 1069 2936 coram
1100 2863 1375 2949 Gubernatore,
1397 2880 1509 2960 prout
1528 2866 1725 2961 assignata

223 2988 290 3063 iuit
317 3006 355 3061 et
384 3003 591 3084 coeperunt
619 3013 688 3062 suo
717 2987 847 3061 ordine
875 3013 1011 3061 munus
1039 3013 1230 3062 exercere:
1254 3013 1399 3084 nempe,
1422 2989 1482 3062 die
1511 2989 1645 3062 Martis
1675 3014 1722 3078 19

222 3115 296 3188 lan.
327 3113 375 3186 de
405 3137 514 3186 mane
536 3113 628 3186 Rns
659 3112 837 3208 Decanus
860 3130 898 3184 et
921 3111 968 3186 D.
994 3111 1151 3204 Bichius‚
1174 3109 1339 3207 quia‘D.
1364 3113 1623 3210 Peutingerius
1647 3139 1724 3186 non

224 3240 318 3312 bene
347 3238 495 3319 valebat
522 3236 677 3310 intimati
705 3262 727 3308 a
757 3235 983 3310 Cursoribus
1003 3261 1072 3333 pto
1096 3237 1188 3310 hora
1217 3236 1405 3332 praecisa;
1427 3236 1474 3310 de
1503 3263 1588 3310 sero
1617 3262 1721 3325 ver0,

221 3363 308 3459 quia
338 3361 384 3438 D.
418 3361 559 3436 Cerrus
588 3361 754 3434 similiter
781 3363 1016 3458 aegrotabat,
1050 3376 1291 3435 accesserunt
1322 3361 1471 3433 Domini
1500 3362 1655 3434 Meitius
1681 3381 1723 3435 et

224 3489 445 3584 Verospius.

303 3738 378 3810 De'e
407 3738 503 3809 Ieuz's
540 3759 586 3808 21
615 3735 795 3807 lunuure'z'
820 3735 866 3807 de
901 3759 1011 3807 mane
1050 3735 1205 3807 intimati
1234 3736 1383 3807 luerunt
1423 3736 1470 3810 D.
1503 3727 1646 3808 Priolu's
1682 3755 1724 3809 et

223 3864 316 3935 Rms
347 3863 539 3946 Decanus;
570 3859 637 3932 sed
656 3858 703 3932 de
723 3884 809 3932 sero
837 3859 1037 3932 adfuerunt
1061 3860 1136 3933 duo
1166 3859 1353 3956 Episcopi,
1375 3860 1519 3956 quoda
1538 3861 1723 3956 principio

224 3987 312 4059 mihi
340 4011 415 4058 nou
442 3983 581 4082 placuit
609 3984 695 4080 quia
726 4008 876 4079 semper
903 3983 1119 4058 audiveram
1139 3986 1241 4080 quod
1269 3985 1441 4058 custodia
1470 3986 1577 4059 unius
1598 3985 1724 4060 Rotae

223 4128 304 4184 erat
332 4109 442 4183 solita
468 4109 652 4207 assignari
670 4106 760 4180 solis
790 4107 1036 4182 Auditoribus
1063 4105 1203 4181 etnon
1232 4108 1331 4182 aliis:
1361 4111 1460 4181 unde
1487 4109 1585 4182 facto
1604 4111 1724 4184 verbo

225 4260 339 4330 super
366 4234 435 4307 hac
463 4235 618 4306 materia
645 4258 728 4307 cum
759 4231 803 4306 R.
828 4233 863 4306 P.
889 4232 936 4304 D.
964 4233 1086 4305 Brixia
1115 4231 1313 4306 Conclavis
1342 4233 1617 4320 Gubernatore,
1640 4209 1734 4330 ipse=

223 4356 418 4454 respondit
445 4382 531 4431 esse
555 4379 684 4429 verum
713 4359 817 4453 quod
835 4357 1042 4430 Auditores
1061 4357 1201 4430 habent
1220 4357 1428 4430 custodiam
1458 4359 1564 4430 unius
1584 4359 1719 4444 Rotae,

224 4485 294 4557 hoc
318 4497 377 4556 est
404 4482 507 4579 quod
537 4507 610 4554 non
638 4483 821 4554 accedunt
848 4482 896 4554 ad
925 4483 1028 4568 alias,
1058 4484 1127 4555 sed
1164 4507 1238 4554 non
1267 4507 1353 4555 esse
1387 4508 1518 4557 verum
1553 4485 1658 4580 quod
1685 4485 1723 4558 id

224 4608 405 4705 procedat
432 4607 614 4703 privative
644 4609 770 4702 quoad
798 4607 890 4680 alios
911 4604 1113 4694 PraelatOS,
1136 4587 1204 4680 sed
1224 4607 1448 4681 cumulative
1475 4626 1513 4680 et
1541 4611 1589 4681 ad
1610 4611 1722 4684 istum

223 4732 395 4805 eflectum
424 4731 592 4805 exhibuit
611 4731 806 4805 nonnullas
825 4731 988 4803 cartulas
1007 4733 1211 4826 impressas
1230 4733 1266 4803 in
1288 4731 1539 4805 Conclavibus
1558 4735 1724 4831 antiquis

225 4858 445 4952 praesertim
473 4857 508 4928 in
538 4855 726 4930 Conclave
755 4855 962 4928 Clementis
990 4855 1072 4928 Vlll
1089 4913 1202 4932 .....
1226 4870 1227 4874 ’

306 4981 460 5055 Habent
487 4982 600 5054 etiam
629 4981 835 5053 Auditores
866 4979 965 5053 Sede
992 4996 1149 5054 vacante
1177 4981 1354 5054 nonnulla
1373 4981 1627 5055 emolumenta
1656 4985 1724 5056 sed
1828 4997 1832 5013 '

223 5107 314 5179 satis
342 5110 490 5203 exigua,
520 5105 810 5178 consistentia...
841 5103 875 5176 in
905 5104 1054 5178 duobus
1082 5105 1210 5178 officiis
1238 5129 1336 5201 quae
1357 5104 1565 5179 Cardinalis
1587 5107 1726 5180 Came-

223 5230 355 5318 rarius,
386 5256 452 5304 seu
482 5229 642 5302 Camera
671 5228 904 5325 Apostolica,
921 5228 1063 5302 eisdem
1093 5230 1341 5304 Auditoribus
1368 5231 1574 5305 concedere
1604 5230 1724 5308 solet:

197 5365 294 5450 ·pro
331 5352 398 5427 illis
436 5350 711 5448 consequendis
739 5351 824 5449 Ego
864 5352 1034 5450 Angelus
1064 5353 1211 5440 Celsus,
1241 5368 1434 5448 tamquam
1469 5353 1724 5443 Camerarius,
