<?xml version="1.0" encoding="UTF-8"?>
<!DOCTYPE html PUBLIC "-//W3C//DTD XHTML 1.0 Transitional//EN"
    "http://www.w3.org/TR/xhtml1/DTD/xhtml1-transitional.dtd">
<html xmlns="http://www.w3.org/1999/xhtml" xml:lang="en" lang="en">
 <head>
  <title>
</title>
<meta http-equiv="Content-Type" content="text/html;charset=utf-8" />
  <meta name='ocr-system' content='tesseract 3.04.00' />
  <meta name='ocr-capabilities' content='ocr_page ocr_carea ocr_par ocr_line ocrx_word'/>
</head>
<body>
  <div class='ocr_page' id='page_1' title='image "./capellanipapaee00cercgoog_0675.png"; bbox 0 0 3684 5920; ppageno 0'>
   <div class='ocr_carea' id='block_1_1' title="bbox 787 335 956 396">
    <p class='ocr_par' dir='ltr' id='par_1_1' title="bbox 787 335 956 396">
     <span class='ocr_line' id='line_1_1' title="bbox 787 335 956 396; baseline -0.012 -1"><span class='ocrx_word' id='word_1_1' title='bbox 787 335 853 395; x_wconf 85' lang='lat' dir='ltr'>Pio</span> <span class='ocrx_word' id='word_1_2' title='bbox 873 335 956 396; x_wconf 92' lang='lat' dir='ltr'><em>VIII</em></span> 
     </span>
    </p>
   </div>
   <div class='ocr_carea' id='block_1_2' title="bbox 826 667 916 746">
    <p class='ocr_par' dir='ltr' id='par_1_2' title="bbox 826 667 916 746">
     <span class='ocr_line' id='line_1_2' title="bbox 826 667 916 746; baseline -0.011 -1"><span class='ocrx_word' id='word_1_3' title='bbox 826 667 916 746; x_wconf 88' lang='grc'><strong>515.</strong></span> 
     </span>
    </p>
   </div>
   <div class='ocr_carea' id='block_1_3' title="bbox 117 809 1618 1162">
    <p class='ocr_par' dir='ltr' id='par_1_3' title="bbox 117 809 1618 1162">
     <span class='ocr_line' id='line_1_3' title="bbox 117 809 1618 912; baseline -0.003 -26"><span class='ocrx_word' id='word_1_4' title='bbox 117 813 250 912; x_wconf 76' lang='lat' dir='ltr'>Ioseph</span> <span class='ocrx_word' id='word_1_5' title='bbox 277 812 444 908; x_wconf 85' lang='lat' dir='ltr'><em>Bosondi</em></span> <span class='ocrx_word' id='word_1_6' title='bbox 466 813 534 910; x_wconf 86' lang='lat' dir='ltr'>qui</span> <span class='ocrx_word' id='word_1_7' title='bbox 556 811 707 886; x_wconf 79' lang='lat' dir='ltr'>secundi</span> <span class='ocrx_word' id='word_1_8' title='bbox 730 811 869 886; x_wconf 73' lang='lat' dir='ltr'>Socrati</span> <span class='ocrx_word' id='word_1_9' title='bbox 892 837 1042 884; x_wconf 77' lang='lat' dir='ltr'><em>muum</em></span> <span class='ocrx_word' id='word_1_10' title='bbox 1053 811 1287 908; x_wconf 72' lang='lat' dir='ltr'>jungebatur</span> <span class='ocrx_word' id='word_1_11' title='bbox 1313 812 1354 883; x_wconf 85' lang='lat' dir='ltr'>iu</span> <span class='ocrx_word' id='word_1_12' title='bbox 1382 809 1490 894; x_wconf 82' lang='lat' dir='ltr'>Rota,</span> <span class='ocrx_word' id='word_1_13' title='bbox 1521 811 1618 882; x_wconf 76' lang='lat' dir='ltr'><em>iuter</em></span> 
     </span>
     <span class='ocr_line' id='line_1_4' title="bbox 202 935 1618 1036; baseline -0.003 -25"><span class='ocrx_word' id='word_1_14' title='bbox 202 937 407 1012; x_wconf 75' lang='lat' dir='ltr'><em>domesticos</em></span> <span class='ocrx_word' id='word_1_15' title='bbox 435 937 630 1010; x_wconf 77' lang='lat' dir='ltr'>Praelalos</span> <span class='ocrx_word' id='word_1_16' title='bbox 660 937 835 1020; x_wconf 82' lang='lat' dir='ltr'><em>adscitur,</em></span> <span class='ocrx_word' id='word_1_17' title='bbox 873 936 1144 1036; x_wconf 74' lang='lat' dir='ltr'><em>promovendus</em></span> <span class='ocrx_word' id='word_1_18' title='bbox 1180 936 1263 1009; x_wconf 78' lang='lat' dir='ltr'>drzu</span> <span class='ocrx_word' id='word_1_19' title='bbox 1291 936 1346 1008; x_wconf 82' lang='lat' dir='ltr'>od</span> <span class='ocrx_word' id='word_1_20' title='bbox 1368 935 1618 1008; x_wconf 76' lang='lat' dir='ltr'>audtiorotum</span> 
     </span>
     <span class='ocr_line' id='line_1_5' title="bbox 202 1060 948 1162; baseline -0.003 -25"><span class='ocrx_word' id='word_1_21' title='bbox 202 1064 320 1137; x_wconf 81' lang='lat' dir='ltr'>Rotae</span> <span class='ocrx_word' id='word_1_22' title='bbox 340 1073 415 1162; x_wconf 74' lang='lat' dir='ltr'>pro</span> <span class='ocrx_word' id='word_1_23' title='bbox 447 1063 643 1135; x_wconf 70' lang='lat' dir='ltr'><em>Provincia</em></span> <span class='ocrx_word' id='word_1_24' title='bbox 672 1060 948 1135; x_wconf 80' lang='lat' dir='ltr'>Romaudiolao.</span> 
     </span>
    </p>
   </div>
   <div class='ocr_carea' id='block_1_4' title="bbox 200 1215 902 1292">
    <p class='ocr_par' dir='ltr' id='par_1_4' title="bbox 200 1215 902 1292">
     <span class='ocr_line' id='line_1_6' title="bbox 200 1215 902 1292; baseline -0.006 -15"><span class='ocrx_word' id='word_1_25' title='bbox 200 1218 317 1290; x_wconf 73' lang='lat' dir='ltr'>(Anca.</span> <span class='ocrx_word' id='word_1_26' title='bbox 334 1217 422 1292; x_wconf 73' lang='lat' dir='ltr'>Ron,</span> <span class='ocrx_word' id='word_1_27' title='bbox 445 1215 634 1276; x_wconf 68' lang='lat' dir='ltr'>«orarium</span> <span class='ocrx_word' id='word_1_28' title='bbox 656 1215 902 1288; x_wconf 82' lang='lat' dir='ltr'>Gamberim&#39;»).</span> 
     </span>
    </p>
   </div>
   <div class='ocr_carea' id='block_1_5' title="bbox 593 1378 1149 1453">
    <p class='ocr_par' dir='ltr' id='par_1_5' title="bbox 593 1378 1149 1453">
     <span class='ocr_line' id='line_1_7' title="bbox 593 1378 1149 1453; baseline 0.002 -1"><span class='ocrx_word' id='word_1_29' title='bbox 593 1381 721 1452; x_wconf 89' lang='lat' dir='ltr'>Lunae</span> <span class='ocrx_word' id='word_1_30' title='bbox 756 1404 795 1452; x_wconf 89' lang='lat'>11</span> <span class='ocrx_word' id='word_1_31' title='bbox 831 1378 1004 1453; x_wconf 84' lang='lat' dir='ltr'>februarii</span> <span class='ocrx_word' id='word_1_32' title='bbox 1040 1381 1149 1453; x_wconf 88' lang='lat'>1822.</span> 
     </span>
    </p>
   </div>
   <div class='ocr_carea' id='block_1_6' title="bbox 119 1521 1624 2246">
    <p class='ocr_par' dir='ltr' id='par_1_6' title="bbox 119 1521 1624 2246">
     <span class='ocr_line' id='line_1_8' title="bbox 205 1521 1622 1620; baseline -0.003 -22"><span class='ocrx_word' id='word_1_33' title='bbox 205 1524 300 1598; x_wconf 88' lang='lat' dir='ltr'>Cum</span> <span class='ocrx_word' id='word_1_34' title='bbox 331 1524 452 1598; x_wconf 74' lang='lat' dir='ltr'>Dnus</span> <span class='ocrx_word' id='word_1_35' title='bbox 480 1523 616 1620; x_wconf 88' lang='lat' dir='ltr'>loseph</span> <span class='ocrx_word' id='word_1_36' title='bbox 646 1521 864 1606; x_wconf 86' lang='lat' dir='ltr'>Bolundius‚</span> <span class='ocrx_word' id='word_1_37' title='bbox 887 1521 1163 1608; x_wconf 89' lang='lat' dir='ltr'>Foroliviensis,</span> <span class='ocrx_word' id='word_1_38' title='bbox 1185 1522 1282 1596; x_wconf 87' lang='lat' dir='ltr'>alter</span> <span class='ocrx_word' id='word_1_39' title='bbox 1308 1547 1355 1596; x_wconf 84' lang='lat' dir='ltr'>ex</span> <span class='ocrx_word' id='word_1_40' title='bbox 1375 1521 1622 1596; x_wconf 88' lang='lat' dir='ltr'>Adiutoribus</span> 
     </span>
     <span class='ocr_line' id='line_1_9' title="bbox 120 1646 1622 1746; baseline -0.005 -21"><span class='ocrx_word' id='word_1_41' title='bbox 120 1651 280 1726; x_wconf 90' lang='lat' dir='ltr'>secretis</span> <span class='ocrx_word' id='word_1_42' title='bbox 308 1675 428 1746; x_wconf 87' lang='lat' dir='ltr'>nuper</span> <span class='ocrx_word' id='word_1_43' title='bbox 455 1649 564 1722; x_wconf 87' lang='lat' dir='ltr'>suerit</span> <span class='ocrx_word' id='word_1_44' title='bbox 591 1647 803 1745; x_wconf 89' lang='lat' dir='ltr'>adscriptus</span> <span class='ocrx_word' id='word_1_45' title='bbox 832 1647 929 1720; x_wconf 89' lang='lat' dir='ltr'>inter</span> <span class='ocrx_word' id='word_1_46' title='bbox 957 1646 1147 1721; x_wconf 88' lang='lat' dir='ltr'>Praelatos</span> <span class='ocrx_word' id='word_1_47' title='bbox 1171 1648 1400 1722; x_wconf 86' lang='lat' dir='ltr'>domesticos</span> <span class='ocrx_word' id='word_1_48' title='bbox 1419 1646 1526 1722; x_wconf 74' lang='lat' dir='ltr'>SSriii</span> <span class='ocrx_word' id='word_1_49' title='bbox 1548 1646 1622 1718; x_wconf 77' lang='lat' dir='ltr'>Dni</span> 
     </span>
     <span class='ocr_line' id='line_1_10' title="bbox 121 1769 1622 1874; baseline -0.003 -26"><span class='ocrx_word' id='word_1_50' title='bbox 121 1776 256 1850; x_wconf 88' lang='lat' dir='ltr'>Nostri</span> <span class='ocrx_word' id='word_1_51' title='bbox 284 1775 407 1870; x_wconf 85' lang='lat' dir='ltr'>Papae</span> <span class='ocrx_word' id='word_1_52' title='bbox 437 1774 488 1847; x_wconf 92' lang='lat' dir='ltr'>Pii</span> <span class='ocrx_word' id='word_1_53' title='bbox 516 1774 583 1845; x_wconf 93' lang='lat' dir='ltr'>Vll</span> <span class='ocrx_word' id='word_1_54' title='bbox 619 1771 915 1874; x_wconf 86' lang='lat' dir='ltr'>(promovendus</span> <span class='ocrx_word' id='word_1_55' title='bbox 944 1772 1030 1844; x_wconf 88' lang='lat' dir='ltr'>dein</span> <span class='ocrx_word' id='word_1_56' title='bbox 1066 1769 1115 1846; x_wconf 90' lang='lat' dir='ltr'>ad</span> <span class='ocrx_word' id='word_1_57' title='bbox 1142 1772 1395 1845; x_wconf 89' lang='lat' dir='ltr'>auditoratum</span> <span class='ocrx_word' id='word_1_58' title='bbox 1425 1771 1463 1846; x_wconf 92' lang='lat' dir='ltr'>S.</span> <span class='ocrx_word' id='word_1_59' title='bbox 1500 1773 1622 1846; x_wconf 89' lang='lat' dir='ltr'>Rotae</span> 
     </span>
     <span class='ocr_line' id='line_1_11' title="bbox 120 1895 1624 1998; baseline -0.003 -25"><span class='ocrx_word' id='word_1_60' title='bbox 120 1925 194 1998; x_wconf 92' lang='lat' dir='ltr'>pro</span> <span class='ocrx_word' id='word_1_61' title='bbox 223 1900 412 1996; x_wconf 87' lang='lat' dir='ltr'>provincia</span> <span class='ocrx_word' id='word_1_62' title='bbox 440 1899 726 1992; x_wconf 86' lang='lat' dir='ltr'>Romandiolae)</span> <span class='ocrx_word' id='word_1_63' title='bbox 746 1897 792 1972; x_wconf 91' lang='lat' dir='ltr'>R.</span> <span class='ocrx_word' id='word_1_64' title='bbox 814 1897 851 1971; x_wconf 90' lang='lat' dir='ltr'>P.</span> <span class='ocrx_word' id='word_1_65' title='bbox 877 1895 923 1970; x_wconf 88' lang='lat' dir='ltr'>D.</span> <span class='ocrx_word' id='word_1_66' title='bbox 946 1896 1135 1970; x_wconf 88' lang='lat' dir='ltr'>Antonius</span> <span class='ocrx_word' id='word_1_67' title='bbox 1156 1896 1376 1970; x_wconf 87' lang='lat' dir='ltr'>Dominicus</span> <span class='ocrx_word' id='word_1_68' title='bbox 1406 1896 1624 1971; x_wconf 86' lang='lat' dir='ltr'>Gamberini</span> 
     </span>
     <span class='ocr_line' id='line_1_12' title="bbox 119 2019 1621 2124; baseline -0.003 -26"><span class='ocrx_word' id='word_1_69' title='bbox 119 2027 301 2124; x_wconf 85' lang='lat' dir='ltr'>dignatus</span> <span class='ocrx_word' id='word_1_70' title='bbox 328 2042 388 2097; x_wconf 88' lang='lat' dir='ltr'>est</span> <span class='ocrx_word' id='word_1_71' title='bbox 415 2023 464 2096; x_wconf 91' lang='lat' dir='ltr'>ad</span> <span class='ocrx_word' id='word_1_72' title='bbox 491 2048 629 2096; x_wconf 85' lang='lat' dir='ltr'>vacans</span> <span class='ocrx_word' id='word_1_73' title='bbox 648 2021 809 2096; x_wconf 84' lang='lat' dir='ltr'>officium</span> <span class='ocrx_word' id='word_1_74' title='bbox 827 2021 978 2095; x_wconf 80' lang='lat' dir='ltr'>secundi</span> <span class='ocrx_word' id='word_1_75' title='bbox 992 2022 1122 2094; x_wconf 74' lang='lat' dir='ltr'>socrati</span> <span class='ocrx_word' id='word_1_76' title='bbox 1136 2019 1276 2119; x_wconf 83' lang='lat' dir='ltr'><strong>eligere</strong></span> <span class='ocrx_word' id='word_1_77' title='bbox 1295 2047 1365 2106; x_wconf 89' lang='lat' dir='ltr'>me,</span> <span class='ocrx_word' id='word_1_78' title='bbox 1384 2022 1621 2096; x_wconf 86' lang='lat' dir='ltr'><strong>Advocatum</strong></span> 
     </span>
     <span class='ocr_line' id='line_1_13' title="bbox 121 2145 1189 2246; baseline -0.003 -21"><span class='ocrx_word' id='word_1_79' title='bbox 121 2151 333 2225; x_wconf 89' lang='lat' dir='ltr'>Antonium</span> <span class='ocrx_word' id='word_1_80' title='bbox 363 2147 543 2246; x_wconf 85' lang='lat' dir='ltr'>Magnani</span> <span class='ocrx_word' id='word_1_81' title='bbox 571 2148 711 2221; x_wconf 89' lang='lat' dir='ltr'>Pisciae</span> <span class='ocrx_word' id='word_1_82' title='bbox 740 2146 776 2218; x_wconf 89' lang='lat' dir='ltr'>in</span> <span class='ocrx_word' id='word_1_83' title='bbox 806 2145 986 2220; x_wconf 88' lang='lat' dir='ltr'>Hetruria</span> <span class='ocrx_word' id='word_1_84' title='bbox 1014 2163 1189 2222; x_wconf 89' lang='lat' dir='ltr'><strong>natum...</strong></span> 
     </span>
    </p>
   </div>
   <div class='ocr_carea' id='block_1_7' title="bbox 834 2429 924 2508">
    <p class='ocr_par' dir='ltr' id='par_1_7' title="bbox 834 2429 924 2508">
     <span class='ocr_line' id='line_1_14' title="bbox 834 2429 924 2508; baseline -0.011 0"><span class='ocrx_word' id='word_1_85' title='bbox 834 2429 924 2508; x_wconf 85' lang='lat'><strong>516.</strong></span> 
     </span>
    </p>
   </div>
   <div class='ocr_carea' id='block_1_8' title="bbox 123 2570 1629 3022">
    <p class='ocr_par' dir='ltr' id='par_1_8' title="bbox 123 2570 1629 3022">
     <span class='ocr_line' id='line_1_15' title="bbox 123 2570 1626 2671; baseline -0.002 -23"><span class='ocrx_word' id='word_1_86' title='bbox 123 2575 173 2648; x_wconf 87' lang='lat' dir='ltr'>ln</span> <span class='ocrx_word' id='word_1_87' title='bbox 206 2573 424 2648; x_wconf 64' lang='lat' dir='ltr'>Constituti&gt;</span> <span class='ocrx_word' id='word_1_88' title='bbox 441 2570 517 2645; x_wconf 81' lang='lat' dir='ltr'>dici</span> <span class='ocrx_word' id='word_1_89' title='bbox 536 2594 582 2644; x_wconf 88' lang='lat'>10</span> <span class='ocrx_word' id='word_1_90' title='bbox 601 2573 733 2646; x_wconf 83' lang='lat' dir='ltr'>martii</span> <span class='ocrx_word' id='word_1_91' title='bbox 749 2573 847 2667; x_wconf 77' lang='lat'><em>1823</em></span> <span class='ocrx_word' id='word_1_92' title='bbox 864 2573 1064 2671; x_wconf 75' lang='lat' dir='ltr'><em>complures</em></span> <span class='ocrx_word' id='word_1_93' title='bbox 1082 2581 1258 2646; x_wconf 76' lang='lat' dir='ltr'><em>creantur</em></span> <span class='ocrx_word' id='word_1_94' title='bbox 1279 2573 1509 2659; x_wconf 77' lang='lat' dir='ltr'>Cardiuales,</span> <span class='ocrx_word' id='word_1_95' title='bbox 1528 2575 1626 2648; x_wconf 80' lang='lat' dir='ltr'>tuter</span> 
     </span>
     <span class='ocr_line' id='line_1_16' title="bbox 208 2697 1629 2797; baseline 0.001 -25"><span class='ocrx_word' id='word_1_96' title='bbox 208 2725 306 2797; x_wconf 76' lang='lat' dir='ltr'><em>quot,</em></span> <span class='ocrx_word' id='word_1_97' title='bbox 337 2699 455 2773; x_wconf 73' lang='lat' dir='ltr'>Rotae</span> <span class='ocrx_word' id='word_1_98' title='bbox 483 2697 657 2772; x_wconf 73' lang='lat' dir='ltr'>Decorus</span> <span class='ocrx_word' id='word_1_99' title='bbox 683 2708 719 2771; x_wconf 80' lang='lat' dir='ltr'>ot</span> <span class='ocrx_word' id='word_1_100' title='bbox 742 2698 885 2795; x_wconf 83' lang='lat' dir='ltr'><em>aliquot</em></span> <span class='ocrx_word' id='word_1_101' title='bbox 909 2699 976 2796; x_wconf 85' lang='lat' dir='ltr'>qui</span> <span class='ocrx_word' id='word_1_102' title='bbox 1000 2698 1085 2773; x_wconf 84' lang='lat' dir='ltr'>olim</span> <span class='ocrx_word' id='word_1_103' title='bbox 1112 2701 1153 2772; x_wconf 85' lang='lat' dir='ltr'>in</span> <span class='ocrx_word' id='word_1_104' title='bbox 1180 2699 1278 2772; x_wconf 88' lang='lat' dir='ltr'>Rota</span> <span class='ocrx_word' id='word_1_105' title='bbox 1300 2697 1465 2792; x_wconf 81' lang='lat' dir='ltr'><em>fuorunt</em></span> <span class='ocrx_word' id='word_1_106' title='bbox 1490 2699 1629 2774; x_wconf 75' lang='lat' dir='ltr'>Socrati</span> 
     </span>
     <span class='ocr_line' id='line_1_17' title="bbox 207 2821 1625 2917; baseline 0 -20"><span class='ocrx_word' id='word_1_107' title='bbox 207 2868 235 2878; x_wconf 98' lang='lat'><em>-</em></span> <span class='ocrx_word' id='word_1_108' title='bbox 263 2825 449 2898; x_wconf 83' lang='lat' dir='ltr'>Antonius</span> <span class='ocrx_word' id='word_1_109' title='bbox 477 2823 695 2894; x_wconf 83' lang='lat' dir='ltr'>Domz&#39;uicus</span> <span class='ocrx_word' id='word_1_110' title='bbox 716 2821 936 2896; x_wconf 84' lang='lat' dir='ltr'><em>Gamberiui</em></span> <span class='ocrx_word' id='word_1_111' title='bbox 947 2821 1003 2917; x_wconf 78' lang='lat' dir='ltr'>fii</span> <span class='ocrx_word' id='word_1_112' title='bbox 1028 2821 1256 2895; x_wconf 80' lang='lat' dir='ltr'>Secretorius</span> <span class='ocrx_word' id='word_1_113' title='bbox 1286 2822 1324 2898; x_wconf 88' lang='lat' dir='ltr'>S.</span> <span class='ocrx_word' id='word_1_114' title='bbox 1349 2822 1386 2898; x_wconf 80' lang='lat' dir='ltr'><strong>C.</strong></span> <span class='ocrx_word' id='word_1_115' title='bbox 1422 2822 1576 2898; x_wconf 82' lang='lat' dir='ltr'>Conu&#39;lii</span> <span class='ocrx_word' id='word_1_116' title='bbox 1599 2869 1625 2880; x_wconf 93' lang='lat'><em>-</em></span> 
     </span>
     <span class='ocr_line' id='line_1_18' title="bbox 209 2945 1052 3022; baseline -0.001 0"><span class='ocrx_word' id='word_1_117' title='bbox 209 2948 408 3022; x_wconf 79' lang='lat' dir='ltr'>Aduolatt&#39;o</span> <span class='ocrx_word' id='word_1_118' title='bbox 436 2946 575 3020; x_wconf 87' lang='lat' dir='ltr'>Diarii</span> <span class='ocrx_word' id='word_1_119' title='bbox 602 2945 807 3020; x_wconf 84' lang='lat' dir='ltr'>Cameralis</span> <span class='ocrx_word' id='word_1_120' title='bbox 833 2945 878 3021; x_wconf 82' lang='lat' dir='ltr'>de</span> <span class='ocrx_word' id='word_1_121' title='bbox 905 2945 974 3019; x_wconf 77' lang='lat' dir='ltr'>iac</span> <span class='ocrx_word' id='word_1_122' title='bbox 1000 2961 1052 3021; x_wconf 75' lang='lat' dir='ltr'>re.</span> 
     </span>
    </p>
   </div>
   <div class='ocr_carea' id='block_1_9' title="bbox 208 3099 1362 3178">
    <p class='ocr_par' dir='ltr' id='par_1_9' title="bbox 208 3099 1362 3178">
     <span class='ocr_line' id='line_1_19' title="bbox 208 3099 1362 3178; baseline -0.002 -16"><span class='ocrx_word' id='word_1_123' title='bbox 208 3105 324 3178; x_wconf 77' lang='lat' dir='ltr'>(Anca.</span> <span class='ocrx_word' id='word_1_124' title='bbox 342 3101 430 3176; x_wconf 74' lang='lat' dir='ltr'>Ron,</span> <span class='ocrx_word' id='word_1_125' title='bbox 453 3101 643 3160; x_wconf 83' lang='lat' dir='ltr'>‹Diarium</span> <span class='ocrx_word' id='word_1_126' title='bbox 664 3100 902 3174; x_wconf 78' lang='lat' dir='ltr'>Gambort‘m&#39;»,</span> <span class='ocrx_word' id='word_1_127' title='bbox 925 3099 1115 3161; x_wconf 75' lang='lat' dir='ltr'>‹Dtitrt&#39;um</span> <span class='ocrx_word' id='word_1_128' title='bbox 1136 3102 1362 3176; x_wconf 54' lang='lat' dir='ltr'>cameram).</span> 
     </span>
    </p>
   </div>
   <div class='ocr_carea' id='block_1_10' title="bbox 579 3268 1126 3362">
    <p class='ocr_par' dir='ltr' id='par_1_10' title="bbox 579 3268 1126 3362">
     <span class='ocr_line' id='line_1_20' title="bbox 579 3268 1126 3362; baseline 0.004 -20"><span class='ocrx_word' id='word_1_129' title='bbox 579 3345 583 3354; x_wconf 77' lang='grc'>,</span> <span class='ocrx_word' id='word_1_130' title='bbox 629 3268 759 3344; x_wconf 91' lang='lat' dir='ltr'>Lunae</span> <span class='ocrx_word' id='word_1_131' title='bbox 794 3293 838 3344; x_wconf 90' lang='lat'>10</span> <span class='ocrx_word' id='word_1_132' title='bbox 859 3269 979 3344; x_wconf 87' lang='lat' dir='ltr'>martii</span> <span class='ocrx_word' id='word_1_133' title='bbox 1014 3272 1126 3362; x_wconf 84' lang='lat'><strong>1823.</strong></span> 
     </span>
    </p>
   </div>
   <div class='ocr_carea' id='block_1_11' title="bbox 126 3516 1634 5476">
    <p class='ocr_par' dir='ltr' id='par_1_11' title="bbox 126 3516 1634 5476">
     <span class='ocr_line' id='line_1_21' title="bbox 209 3516 1627 3615; baseline 0.001 -24"><span class='ocrx_word' id='word_1_134' title='bbox 209 3519 248 3591; x_wconf 92' lang='lat' dir='ltr'>ln</span> <span class='ocrx_word' id='word_1_135' title='bbox 269 3517 505 3591; x_wconf 88' lang='lat' dir='ltr'>Consistorio</span> <span class='ocrx_word' id='word_1_136' title='bbox 524 3535 671 3592; x_wconf 87' lang='lat' dir='ltr'>secreto</span> <span class='ocrx_word' id='word_1_137' title='bbox 691 3519 761 3593; x_wconf 91' lang='lat' dir='ltr'>hoc</span> <span class='ocrx_word' id='word_1_138' title='bbox 782 3543 891 3592; x_wconf 91' lang='lat' dir='ltr'>mane</span> <span class='ocrx_word' id='word_1_139' title='bbox 909 3517 1048 3603; x_wconf 86' lang='lat' dir='ltr'>habito,</span> <span class='ocrx_word' id='word_1_140' title='bbox 1071 3516 1187 3592; x_wconf 74' lang='lat' dir='ltr'>SSrirs</span> <span class='ocrx_word' id='word_1_141' title='bbox 1208 3517 1255 3590; x_wconf 90' lang='lat' dir='ltr'>D.</span> <span class='ocrx_word' id='word_1_142' title='bbox 1279 3518 1325 3593; x_wconf 88' lang='lat' dir='ltr'>N.</span> <span class='ocrx_word' id='word_1_143' title='bbox 1344 3520 1445 3615; x_wconf 88' lang='lat' dir='ltr'>Papa</span> <span class='ocrx_word' id='word_1_144' title='bbox 1460 3520 1545 3594; x_wconf 89' lang='lat' dir='ltr'>Pius</span> <span class='ocrx_word' id='word_1_145' title='bbox 1562 3520 1627 3594; x_wconf 92' lang='lat' dir='ltr'>Vll</span> 
     </span>
     <span class='ocr_line' id='line_1_22' title="bbox 126 3629 1630 3740; baseline 0.001 -23"><span class='ocrx_word' id='word_1_146' title='bbox 126 3643 328 3718; x_wconf 87' lang='lat' dir='ltr'>duodecim</span> <span class='ocrx_word' id='word_1_147' title='bbox 356 3667 475 3716; x_wconf 88' lang='lat' dir='ltr'>novos</span> <span class='ocrx_word' id='word_1_148' title='bbox 503 3643 538 3716; x_wconf 92' lang='lat' dir='ltr'>in</span> <span class='ocrx_word' id='word_1_149' title='bbox 568 3641 605 3718; x_wconf 91' lang='lat' dir='ltr'>S.</span> <span class='ocrx_word' id='word_1_150' title='bbox 639 3642 850 3740; x_wconf 77' lang='lat' dir='ltr'>Collegium</span> <span class='ocrx_word' id='word_1_151' title='bbox 878 3643 1035 3716; x_wconf 89' lang='lat' dir='ltr'>adscivit</span> <span class='ocrx_word' id='word_1_152' title='bbox 1072 3640 1339 3718; x_wconf 85' lang='lat' dir='ltr'>Cardinales...</span> <span class='ocrx_word' id='word_1_153' title='bbox 1370 3629 1469 3718; x_wconf 84' lang='lat' dir='ltr'>Inter</span> <span class='ocrx_word' id='word_1_154' title='bbox 1497 3644 1630 3718; x_wconf 89' lang='lat' dir='ltr'>Cardi-</span> 
     </span>
     <span class='ocr_line' id='line_1_23' title="bbox 128 3765 1629 3844; baseline 0.001 -2"><span class='ocrx_word' id='word_1_155' title='bbox 128 3769 235 3842; x_wconf 85' lang='lat' dir='ltr'>nales</span> <span class='ocrx_word' id='word_1_156' title='bbox 273 3767 383 3840; x_wconf 89' lang='lat' dir='ltr'>hodie</span> <span class='ocrx_word' id='word_1_157' title='bbox 419 3784 566 3840; x_wconf 90' lang='lat' dir='ltr'>creatos</span> <span class='ocrx_word' id='word_1_158' title='bbox 602 3765 836 3840; x_wconf 87' lang='lat' dir='ltr'>adnumerati</span> <span class='ocrx_word' id='word_1_159' title='bbox 864 3782 969 3840; x_wconf 89' lang='lat' dir='ltr'>sunt:</span> <span class='ocrx_word' id='word_1_160' title='bbox 1001 3767 1093 3840; x_wconf 76' lang='lat' dir='ltr'>Rrirs</span> <span class='ocrx_word' id='word_1_161' title='bbox 1124 3765 1161 3842; x_wconf 92' lang='grc' dir='ltr'>Ρ.</span> <span class='ocrx_word' id='word_1_162' title='bbox 1193 3765 1241 3840; x_wconf 91' lang='lat' dir='ltr'><strong>D.</strong></span> <span class='ocrx_word' id='word_1_163' title='bbox 1270 3793 1379 3842; x_wconf 88' lang='lat' dir='ltr'>meus</span> <span class='ocrx_word' id='word_1_164' title='bbox 1407 3768 1629 3844; x_wconf 87' lang='lat' dir='ltr'>Franciscus</span> 
     </span>
     <span class='ocr_line' id='line_1_24' title="bbox 126 3889 1629 3989; baseline 0.001 -23"><span class='ocrx_word' id='word_1_165' title='bbox 126 3892 287 3989; x_wconf 88' lang='lat' dir='ltr'>Serlupi‚</span> <span class='ocrx_word' id='word_1_166' title='bbox 305 3893 401 3967; x_wconf 88' lang='lat' dir='ltr'>sacri</span> <span class='ocrx_word' id='word_1_167' title='bbox 419 3891 632 3966; x_wconf 89' lang='lat' dir='ltr'>Tribunalis</span> <span class='ocrx_word' id='word_1_168' title='bbox 654 3891 846 3977; x_wconf 86' lang='lat' dir='ltr'>Decanus;</span> <span class='ocrx_word' id='word_1_169' title='bbox 865 3933 892 3944; x_wconf 92' lang='lat'>—</span> <span class='ocrx_word' id='word_1_170' title='bbox 911 3889 1011 3986; x_wconf 90' lang='lat' dir='ltr'><strong>de.</strong></span> <span class='ocrx_word' id='word_1_171' title='bbox 1034 3890 1222 3964; x_wconf 83' lang='lat' dir='ltr'>Fabritius</span> <span class='ocrx_word' id='word_1_172' title='bbox 1242 3890 1419 3974; x_wconf 85' lang='lat' dir='ltr'>Furiozzi.</span> <span class='ocrx_word' id='word_1_173' title='bbox 1442 3894 1629 3968; x_wconf 87' lang='lat' dir='ltr'>Assessor</span> 
     </span>
     <span class='ocr_line' id='line_1_25' title="bbox 128 4015 1630 4112; baseline 0.001 -22"><span class='ocrx_word' id='word_1_174' title='bbox 128 4020 169 4095; x_wconf 88' lang='lat' dir='ltr'><strong>S.</strong></span> <span class='ocrx_word' id='word_1_175' title='bbox 199 4017 322 4092; x_wconf 84' lang='lat' dir='ltr'>Officii</span> <span class='ocrx_word' id='word_1_176' title='bbox 350 4031 389 4090; x_wconf 86' lang='lat' dir='ltr'>et</span> <span class='ocrx_word' id='word_1_177' title='bbox 425 4016 510 4090; x_wconf 89' lang='lat' dir='ltr'>olim</span> <span class='ocrx_word' id='word_1_178' title='bbox 549 4016 677 4089; x_wconf 82' lang='lat' dir='ltr'>Sludii</span> <span class='ocrx_word' id='word_1_179' title='bbox 700 4016 865 4090; x_wconf 83' lang='lat' dir='ltr'><em>Adiutor</em></span> <span class='ocrx_word' id='word_1_180' title='bbox 901 4040 1019 4112; x_wconf 88' lang='lat' dir='ltr'>penes</span> <span class='ocrx_word' id='word_1_181' title='bbox 1059 4015 1156 4112; x_wconf 90' lang='lat' dir='ltr'><strong>de.</strong></span> <span class='ocrx_word' id='word_1_182' title='bbox 1200 4015 1438 4091; x_wconf 87' lang='lat' dir='ltr'>Franciscum</span> <span class='ocrx_word' id='word_1_183' title='bbox 1475 4018 1630 4092; x_wconf 81' lang='lat' dir='ltr'>Cesarei</span> 
     </span>
     <span class='ocr_line' id='line_1_26' title="bbox 128 4141 1630 4237; baseline -0.001 -19"><span class='ocrx_word' id='word_1_184' title='bbox 128 4144 168 4218; x_wconf 92' lang='lat' dir='ltr'><strong>S.</strong></span> <span class='ocrx_word' id='word_1_185' title='bbox 201 4144 322 4217; x_wconf 90' lang='lat' dir='ltr'>Rotae</span> <span class='ocrx_word' id='word_1_186' title='bbox 351 4155 439 4214; x_wconf 87' lang='lat' dir='ltr'>tunc</span> <span class='ocrx_word' id='word_1_187' title='bbox 468 4142 649 4237; x_wconf 86' lang='lat' dir='ltr'>temporis</span> <span class='ocrx_word' id='word_1_188' title='bbox 677 4143 901 4216; x_wconf 87' lang='lat' dir='ltr'>Auditorem</span> <span class='ocrx_word' id='word_1_189' title='bbox 929 4164 974 4214; x_wconf 89' lang='lat' dir='ltr'>ac</span> <span class='ocrx_word' id='word_1_190' title='bbox 1010 4142 1146 4217; x_wconf 89' lang='lat' dir='ltr'>deinde</span> <span class='ocrx_word' id='word_1_191' title='bbox 1176 4141 1384 4228; x_wconf 67' lang='lat' dir='ltr'>Decimum,</span> <span class='ocrx_word' id='word_1_192' title='bbox 1414 4166 1512 4216; x_wconf 90' lang='lat' dir='ltr'>nunc</span> <span class='ocrx_word' id='word_1_193' title='bbox 1541 4169 1630 4218; x_wconf 92' lang='lat' dir='ltr'>vero</span> 
     </span>
     <span class='ocr_line' id='line_1_27' title="bbox 130 4266 1628 4365; baseline -0.001 -23"><span class='ocrx_word' id='word_1_194' title='bbox 130 4266 371 4343; x_wconf 90' lang='lat' dir='ltr'>Cardinalem</span> <span class='ocrx_word' id='word_1_195' title='bbox 398 4292 442 4340; x_wconf 91' lang='lat' dir='ltr'>ac</span> <span class='ocrx_word' id='word_1_196' title='bbox 472 4266 701 4362; x_wconf 88' lang='lat' dir='ltr'>Episcopum</span> <span class='ocrx_word' id='word_1_197' title='bbox 726 4266 929 4350; x_wconf 88' lang='lat' dir='ltr'>Aesinum;</span> <span class='ocrx_word' id='word_1_198' title='bbox 958 4309 985 4320; x_wconf 92' lang='lat'><em>-</em></span> <span class='ocrx_word' id='word_1_199' title='bbox 1014 4268 1111 4362; x_wconf 90' lang='lat' dir='ltr'><strong>de.</strong></span> <span class='ocrx_word' id='word_1_200' title='bbox 1144 4266 1365 4342; x_wconf 86' lang='lat' dir='ltr'>Franciscus</span> <span class='ocrx_word' id='word_1_201' title='bbox 1385 4267 1628 4365; x_wconf 85' lang='lat' dir='ltr'>Falzacappa,</span> 
     </span>
     <span class='ocr_line' id='line_1_28' title="bbox 129 4390 1631 4489; baseline -0.003 -21"><span class='ocrx_word' id='word_1_202' title='bbox 129 4395 269 4468; x_wconf 85' lang='lat' dir='ltr'><strong>Sacrae</strong></span> <span class='ocrx_word' id='word_1_203' title='bbox 294 4390 612 4489; x_wconf 83' lang='lat' dir='ltr'>Congregationis</span> <span class='ocrx_word' id='word_1_204' title='bbox 641 4391 1029 4465; x_wconf 89' lang='lat' dir='ltr'>Eminentissimorum</span> <span class='ocrx_word' id='word_1_205' title='bbox 1061 4391 1210 4464; x_wconf 88' lang='lat' dir='ltr'>Patrurn</span> <span class='ocrx_word' id='word_1_206' title='bbox 1239 4391 1447 4465; x_wconf 84' lang='lat' dir='ltr'>Tridentini</span> <span class='ocrx_word' id='word_1_207' title='bbox 1478 4392 1631 4468; x_wconf 89' lang='lat' dir='ltr'>Concilii</span> 
     </span>
     <span class='ocr_line' id='line_1_29' title="bbox 129 4513 1634 4615; baseline 0.001 -25"><span class='ocrx_word' id='word_1_208' title='bbox 129 4519 379 4612; x_wconf 82' lang='lat' dir='ltr'>interpretum</span> <span class='ocrx_word' id='word_1_209' title='bbox 413 4514 656 4601; x_wconf 65' lang='lat' dir='ltr'>Secretariua</span> <span class='ocrx_word' id='word_1_210' title='bbox 685 4516 754 4612; x_wconf 88' lang='lat' dir='ltr'>qui</span> <span class='ocrx_word' id='word_1_211' title='bbox 780 4515 867 4588; x_wconf 86' lang='lat' dir='ltr'>olim</span> <span class='ocrx_word' id='word_1_212' title='bbox 895 4516 1021 4612; x_wconf 78' lang='lat' dir='ltr'><em>primi</em></span> <span class='ocrx_word' id='word_1_213' title='bbox 1044 4514 1183 4590; x_wconf 67' lang='lat' dir='ltr'>Socrui</span> <span class='ocrx_word' id='word_1_214' title='bbox 1206 4513 1365 4610; x_wconf 85' lang='lat' dir='ltr'><em>officium</em></span> <span class='ocrx_word' id='word_1_215' title='bbox 1392 4517 1501 4590; x_wconf 81' lang='lat' dir='ltr'><em>obivit</em></span> <span class='ocrx_word' id='word_1_216' title='bbox 1529 4518 1634 4615; x_wconf 74' lang='lat' dir='ltr'>apud</span> 
     </span>
     <span class='ocr_line' id='line_1_30' title="bbox 129 4637 1631 4739; baseline 0.001 -24"><span class='ocrx_word' id='word_1_217' title='bbox 129 4643 249 4716; x_wconf 81' lang='lat' dir='ltr'>Rotae</span> <span class='ocrx_word' id='word_1_218' title='bbox 268 4640 485 4713; x_wconf 78' lang='lat' dir='ltr'><em>Auditorom</em></span> <span class='ocrx_word' id='word_1_219' title='bbox 506 4637 701 4713; x_wconf 89' lang='lat' dir='ltr'>Nicolaum</span> <span class='ocrx_word' id='word_1_220' title='bbox 722 4638 900 4714; x_wconf 83' lang='lat' dir='ltr'>Acciaioli</span> <span class='ocrx_word' id='word_1_221' title='bbox 924 4640 972 4712; x_wconf 92' lang='lat' dir='ltr'>de</span> <span class='ocrx_word' id='word_1_222' title='bbox 992 4638 1291 4713; x_wconf 86' lang='lat' dir='ltr'>Tauroleonibus</span> <span class='ocrx_word' id='word_1_223' title='bbox 1314 4657 1441 4714; x_wconf 89' lang='lat' dir='ltr'>eomet</span> <span class='ocrx_word' id='word_1_224' title='bbox 1460 4656 1631 4739; x_wconf 87' lang='lat' dir='ltr'>tempore</span> 
     </span>
     <span class='ocr_line' id='line_1_31' title="bbox 130 4763 1632 4865; baseline 0.001 -27"><span class='ocrx_word' id='word_1_225' title='bbox 130 4791 209 4862; x_wconf 90' lang='lat' dir='ltr'>quo</span> <span class='ocrx_word' id='word_1_226' title='bbox 225 4789 295 4840; x_wconf 88' lang='lat' dir='ltr'>nos</span> <span class='ocrx_word' id='word_1_227' title='bbox 310 4763 561 4865; x_wconf 86' lang='lat' dir='ltr'>(Gamberini)</span> <span class='ocrx_word' id='word_1_228' title='bbox 582 4763 685 4858; x_wconf 88' lang='lat' dir='ltr'>apud</span> <span class='ocrx_word' id='word_1_229' title='bbox 704 4764 878 4837; x_wconf 87' lang='lat' dir='ltr'>eumdem</span> <span class='ocrx_word' id='word_1_230' title='bbox 895 4763 1119 4837; x_wconf 72' lang='lat' dir='ltr'>Auditor-em</span> <span class='ocrx_word' id='word_1_231' title='bbox 1140 4763 1252 4836; x_wconf 90' lang='lat' dir='ltr'>studii</span> <span class='ocrx_word' id='word_1_232' title='bbox 1268 4764 1463 4840; x_wconf 82' lang='lat' dir='ltr'>Adiutoris</span> <span class='ocrx_word' id='word_1_233' title='bbox 1478 4791 1632 4840; x_wconf 87' lang='lat' dir='ltr'>munere</span> 
     </span>
     <span class='ocr_line' id='line_1_32' title="bbox 132 4887 1631 4988; baseline -0.001 -25"><span class='ocrx_word' id='word_1_234' title='bbox 132 4890 391 4988; x_wconf 83' lang='lat' dir='ltr'>fungebamur,</span> <span class='ocrx_word' id='word_1_235' title='bbox 416 4889 556 4986; x_wconf 91' lang='lat' dir='ltr'>quique</span> <span class='ocrx_word' id='word_1_236' title='bbox 583 4906 788 4984; x_wconf 86' lang='lat' dir='ltr'>propterea</span> <span class='ocrx_word' id='word_1_237' title='bbox 811 4903 850 4960; x_wconf 88' lang='lat' dir='ltr'>et</span> <span class='ocrx_word' id='word_1_238' title='bbox 876 4904 1004 4961; x_wconf 86' lang='lat' dir='ltr'>noster</span> <span class='ocrx_word' id='word_1_239' title='bbox 1031 4887 1099 4961; x_wconf 79' lang='lat' dir='ltr'>luit</span> <span class='ocrx_word' id='word_1_240' title='bbox 1127 4887 1273 4985; x_wconf 87' lang='lat' dir='ltr'>collega</span> <span class='ocrx_word' id='word_1_241' title='bbox 1302 4887 1576 4984; x_wconf 80' lang='lat' dir='ltr'>Dilectissirnus</span> <span class='ocrx_word' id='word_1_242' title='bbox 1596 4892 1631 4962; x_wconf 92' lang='lat' dir='ltr'>in</span> 
     </span>
     <span class='ocr_line' id='line_1_33' title="bbox 134 5013 1630 5112; baseline 0.001 -22"><span class='ocrx_word' id='word_1_243' title='bbox 134 5015 266 5090; x_wconf 87' lang='lat' dir='ltr'>sedula</span> <span class='ocrx_word' id='word_1_244' title='bbox 294 5013 353 5088; x_wconf 92' lang='lat' dir='ltr'>illa</span> <span class='ocrx_word' id='word_1_245' title='bbox 382 5031 420 5087; x_wconf 89' lang='lat' dir='ltr'>et</span> <span class='ocrx_word' id='word_1_246' title='bbox 447 5013 671 5112; x_wconf 86' lang='lat' dir='ltr'>gravissima</span> <span class='ocrx_word' id='word_1_247' title='bbox 695 5015 752 5088; x_wconf 89' lang='lat' dir='ltr'>ius</span> <span class='ocrx_word' id='word_1_248' title='bbox 781 5040 889 5088; x_wconf 88' lang='lat' dir='ltr'>suum</span> <span class='ocrx_word' id='word_1_249' title='bbox 921 5016 1119 5110; x_wconf 83' lang='lat' dir='ltr'>unicuique</span> <span class='ocrx_word' id='word_1_250' title='bbox 1147 5014 1327 5088; x_wconf 89' lang='lat' dir='ltr'>reddendi</span> <span class='ocrx_word' id='word_1_251' title='bbox 1347 5016 1630 5092; x_wconf 86' lang='lat' dir='ltr'>exercitatione:</span> 
     </span>
     <span class='ocr_line' id='line_1_34' title="bbox 136 5137 1634 5236; baseline 0.001 -23"><span class='ocrx_word' id='word_1_252' title='bbox 136 5141 235 5236; x_wconf 90' lang='lat' dir='ltr'><strong>de.</strong></span> <span class='ocrx_word' id='word_1_253' title='bbox 257 5139 446 5212; x_wconf 86' lang='lat' dir='ltr'>Antonius</span> <span class='ocrx_word' id='word_1_254' title='bbox 472 5139 640 5226; x_wconf 88' lang='lat' dir='ltr'>Pallotta‚</span> <span class='ocrx_word' id='word_1_255' title='bbox 664 5138 848 5213; x_wconf 89' lang='lat' dir='ltr'>Camerae</span> <span class='ocrx_word' id='word_1_256' title='bbox 876 5137 1048 5224; x_wconf 83' lang='lat' dir='ltr'>Auditor,</span> <span class='ocrx_word' id='word_1_257' title='bbox 1070 5139 1138 5235; x_wconf 82' lang='lat' dir='ltr'>qui</span> <span class='ocrx_word' id='word_1_258' title='bbox 1153 5147 1188 5211; x_wconf 81' lang='lat' dir='ltr'>ol</span> <span class='ocrx_word' id='word_1_259' title='bbox 1211 5139 1287 5236; x_wconf 82' lang='lat' dir='ltr'><em>ipso</em></span> <span class='ocrx_word' id='word_1_260' title='bbox 1314 5138 1453 5212; x_wconf 81' lang='lat' dir='ltr'>Secreti</span> <span class='ocrx_word' id='word_1_261' title='bbox 1476 5139 1634 5236; x_wconf 86' lang='lat' dir='ltr'><em>officium</em></span> 
     </span>
     <span class='ocr_line' id='line_1_35' title="bbox 135 5263 1633 5364; baseline 0.001 -26"><span class='ocrx_word' id='word_1_262' title='bbox 135 5265 318 5364; x_wconf 86' lang='lat' dir='ltr'><em>quondam</em></span> <span class='ocrx_word' id='word_1_263' title='bbox 345 5265 510 5338; x_wconf 76' lang='lat' dir='ltr'>exercuit</span> <span class='ocrx_word' id='word_1_264' title='bbox 534 5265 640 5362; x_wconf 74' lang='lat' dir='ltr'>apud</span> <span class='ocrx_word' id='word_1_265' title='bbox 662 5263 702 5339; x_wconf 88' lang='lat' dir='ltr'><strong>S.</strong></span> <span class='ocrx_word' id='word_1_266' title='bbox 733 5265 850 5337; x_wconf 78' lang='lat' dir='ltr'>Rotae</span> <span class='ocrx_word' id='word_1_267' title='bbox 878 5264 1111 5349; x_wconf 71' lang='lat' dir='ltr'>Auditorum,</span> <span class='ocrx_word' id='word_1_268' title='bbox 1140 5263 1361 5360; x_wconf 91' lang='lat' dir='ltr'>Dyonisium</span> <span class='ocrx_word' id='word_1_269' title='bbox 1392 5265 1551 5338; x_wconf 88' lang='lat' dir='ltr'>Bardaxi</span> <span class='ocrx_word' id='word_1_270' title='bbox 1585 5267 1633 5339; x_wconf 88' lang='lat' dir='ltr'>de</span> 
     </span>
     <span class='ocr_line' id='line_1_36' title="bbox 137 5387 891 5476; baseline -0.004 -11"><span class='ocrx_word' id='word_1_271' title='bbox 137 5393 270 5476; x_wconf 86' lang='lat' dir='ltr'>Azara,</span> <span class='ocrx_word' id='word_1_272' title='bbox 294 5413 389 5464; x_wconf 89' lang='lat' dir='ltr'>nunc</span> <span class='ocrx_word' id='word_1_273' title='bbox 419 5390 456 5464; x_wconf 91' lang='lat' dir='ltr'><strong>S.</strong></span> <span class='ocrx_word' id='word_1_274' title='bbox 487 5388 533 5462; x_wconf 93' lang='lat' dir='ltr'><strong>R.</strong></span> <span class='ocrx_word' id='word_1_275' title='bbox 566 5390 607 5467; x_wconf 85' lang='lat' dir='ltr'><strong>C.</strong></span> <span class='ocrx_word' id='word_1_276' title='bbox 639 5387 891 5468; x_wconf 89' lang='lat' dir='ltr'>Cardinalem.</span> 
     </span>
    </p>
   </div>
   <div class='ocr_carea' id='block_1_12' title="bbox 0 0 1869 5920">
    <p class='ocr_par' dir='ltr' id='par_1_12' title="bbox 0 0 1869 5920">
     <span class='ocr_line' id='line_1_37' title="bbox 0 0 1869 5920; baseline 0 0"><span class='ocrx_word' id='word_1_277' title='bbox 0 0 1869 5920; x_wconf 95' lang='lat' dir='ltr'> </span> 
     </span>
    </p>
   </div>
  </div>
 </body>
</html>
