3720 5916
797 319 912 380 Paulo
932 320 960 380 V
1573 321 1628 380 335

203 517 366 592 Domina
386 519 506 604 Anna,
528 517 602 591 filia
630 518 777 592 loannis
798 519 995 614 Baptistae
1019 518 1134 593 habet
1161 518 1405 593 intentionem
1433 520 1626 595 fundatam

117 641 170 716 ad
198 643 402 738 petendam
430 642 557 717 dotem
585 643 698 717 etiarn
726 667 841 738 super
868 642 977 717 bonis
1014 641 1334 741 primogeniturae
1362 646 1493 743 vigore
1522 647 1625 721 auth.

119 791 194 841 tes.
225 791 335 862 quae,
366 767 388 843 l.
419 792 605 842 commun.
637 766 828 868 delegat.
859 792 943 840 curn
974 791 1047 840 non
1076 767 1210 841 adierit
1236 769 1336 842 bona
1363 769 1479 844 libera
1507 771 1626 866 patris

120 917 239 988 super
265 891 401 989 quibus
428 893 550 989 possit
579 891 700 966 dotari
732 915 801 965 nec
833 891 909 964 ullo
946 893 1061 965 modo
1095 907 1269 966 teneatur
1296 891 1488 988 probare*
1523 895 1624 971 Bart.

197 1084 212 1116 ,‚
230 1081 267 1142 H
265 1082 342 1140 abeo
354 1083 425 1155 aliq
427 1098 509 1140 uam
522 1082 662 1158 defficul-
716 1015 755 1092 in
774 1015 797 1092 l.
819 1016 963 1092 decem.
984 1017 1020 1089 in
1052 1017 1169 1112 princ.
1199 1017 1235 1092 fl.
1266 1017 1314 1092 de
1342 1021 1489 1095 verbor.
1511 1019 1625 1118 oblig.

123 1171 662 1246 tateminharproposztrbnequm
717 1140 825 1216 Alex.
847 1165 950 1215 cons.
974 1161 1034 1234 55,
1058 1165 1092 1217 n.
1116 1147 1150 1228 6,
1172 1141 1232 1216 lib.
1254 1166 1290 1237 p.
1316 1168 1399 1218 curn
1427 1143 1538 1242 alleg.
1560 1169 1628 1240 per

124 1260 208 1320 haec
226 1260 514 1364 regulafflced‘l
535 1259 571 1318 in
590 1267 664 1335 1⁵⁰⁵·
718 1265 811 1340 Dec.
842 1291 943 1340 cons.
965 1265 1061 1362 sign.
1091 1266 1127 1339 in
1146 1265 1226 1352 fin.;
1246 1266 1361 1364 idque
1379 1283 1486 1342 tanto
1505 1269 1627 1366 magis

120 1350 327 1422 sessore,sed
344 1367 382 1408 tn
393 1354 664 1422 actoresecus,ex
772 1391 779 1406 .

123 1438 260 1498 traditis
266 1447 328 1514 per
337 1438 472 1498 Surdus
480 1439 571 1499 cons.
580 1440 663 1500 1450
717 1413 805 1486 qura
833 1391 869 1463 in
897 1391 1085 1464 erectione
1107 1391 1427 1488 primogeniturae
1447 1417 1628 1489 expresse

124 1545 159 1586 n.
185 1527 267 1587 1400
285 1531 318 1586 et
340 1527 552 1586 Menochium
577 1545 662 1588 cons
717 1532 869 1590 cautum
896 1530 957 1588 est
984 1531 1026 1588 ut
1051 1515 1100 1588 de
1127 1516 1308 1590 fructibus
1337 1518 1478 1592 debeat
1506 1519 1627 1592 dotari

123 1617 205 1692 32²¹
222 1630 271 1675 '¹9
290 1617 341 1676 22
353 1617 663 1692 “mmmm“
718 1663 839 1736 usque
867 1640 917 1713 ad
944 1639 1109 1713 debitam
1133 1641 1382 1737 quantitatem
1406 1641 1516 1726 dotis,
1538 1642 1628 1738 quin
1710 1667 1715 1682 ·

124 1708 169 1766 D.
179 1708 280 1768 Anna
290 1712 420 1766 tenetur
426 1706 567 1782 probare
575 1706 665 1779 quod
718 1764 726 1779 ‚
919 1764 926 1779 ,
1276 1763 1283 1779 ‚
1445 1766 1452 1781 .
1601 1765 1608 1780 ι

115 1795 227 1870 sacae
242 1793 358 1870 suerit
380 1811 446 1854 κω,
478 1795 599 1853 habere
623 1811 663 1853 ex
717 1789 792 1837 rmo
819 1763 975 1836 ulterius
1004 1764 1246 1860 procedendo
1274 1780 1535 1860 rnterposttum
1561 1766 1629 1839 sutt

123 1883 220 1944 ⁶⁰²¹ss
246 1883 410 1986 paternis·
429 1883 520 1942 um
549 1883 664 1984 nubat,
717 1887 910 1963 arbitrium
957 1901 999 1960 ut
1040 1911 1173 1961 omnes
1216 1888 1324 1961 simul
1367 1890 1474 1963 dotto
1502 1915 1627 1963 ascen·

124 1973 379 2032 “wemma
395 1977 631 2032 'mmmmm'
719 2015 810 2088 dere
852 2030 1010 2110 possent
1050 2037 1173 2110 usque
1205 2013 1255 2087 ad
1292 2013 1457 2089 valorem
1494 2014 1628 2089 tertiae

125 2139 244 2234 partis
280 2139 464 2212 bonorum
492 2136 719 2214 donatorum
747 2155 786 2214 et
814 2139 917 2235 quod
945 2138 1218 2238 primogenitus
1246 2155 1445 2235 praetextu
1465 2165 1627 2238 pauper-

127 2263 216 2336 tatis
244 2288 385 2337 senon
414 2279 548 2364 posset
575 2288 774 2352 excusare;
803 2263 940 2361 quibus
969 2264 1167 2352 stantibus,
1190 2287 1264 2336 non
1292 2265 1502 2361 applicatur
1525 2266 1629 2363 quod

126 2387 262 2462 dicitur
297 2389 423 2484 potius
460 2413 548 2462 esse
585 2388 789 2462 dotandam
830 2389 878 2463 de
913 2389 1024 2462 bonis
1056 2387 1252 2476 maternis;
1282 2389 1370 2485 quia
1403 2388 1628 2485 apellatione

126 2531 338 2608 parentum,
368 2513 482 2586 etiam
509 2527 631 2587 mater
658 2512 1009 2608 comprehenditur:
1047 2512 1070 2588 l.
1099 2511 1267 2608 parentis
1298 2512 1561 2609 appellatione.
1591 2525 1630 2587 et

127 2639 178 2712 ibi
214 2639 296 2711 fuse
330 2637 476 2713 Rebuff.
505 2637 542 2712 ff.
571 2639 620 2712 de
648 2639 799 2714 verbor.
830 2637 953 2737 signis.
987 2639 1091 2733 quod
1127 2637 1262 2712 dicitur
1298 2639 1484 2713 stantibus
1519 2638 1629 2714 bonis

126 2763 307 2838 maternis
341 2787 415 2836 non
448 2789 564 2860 posse
591 2763 670 2860 peti
696 2763 1002 2838 constitutionem
1030 2763 1130 2837 dotis
1159 2787 1273 2859 super
1300 2763 1409 2838 bonis
1440 2763 1630 2838 fideicom-

127 2889 246 2962 misso
279 2889 466 2976 subiectis,
495 2913 543 2962 ex
575 2888 748 2963 deductis
776 2913 845 2986 per
872 2888 1048 2964 Menoch.
1079 2912 1183 2963 cons.
1216 2911 1303 2980 293,
1333 2911 1369 2963 n.
1402 2912 1435 2984 3.
1452 2905 1492 2962 et
1519 2911 1626 2986 seqq.

210 3013 320 3088 Patet
332 3014 430 3087 enim
446 3013 645 3110 responsio
660 3014 749 3086 dum
768 3036 816 3086 ex
834 3013 1002 3108 eoquod
1018 3036 1092 3086 non
1113 3012 1296 3108 probatur
1313 3025 1471 3086 matrem
1491 3013 1631 3088 habere

126 3151 186 3212 tot
199 3139 299 3212 bona
318 3163 417 3234 quae
445 3138 516 3235 ipsi
543 3154 583 3211 et
609 3138 704 3212 filiae
732 3137 923 3211 dotandae
943 3135 1136 3223 sufficiant,
1158 3151 1239 3209 turn
1258 3136 1347 3233 quia
1369 3135 1533 3236 allegata
1561 3161 1631 3234 per

127 3263 303 3338 Menoch.
324 3261 365 3336 d⁰
379 3287 481 3338 cons.
504 3285 591 3356 293.
612 3263 825 3359 procedunt
852 3262 1005 3359 quando
1033 3277 1154 3336 mater
1176 3278 1419 3357 praemortua
1446 3276 1507 3335 est
1523 3277 1629 3336 ante-

128 3412 243 3484 quam
277 3389 394 3462 nubat
419 3385 493 3462 filia
519 3401 559 3461 et
585 3387 685 3462 bona
713 3401 882 3460 materna
910 3387 1007 3461 sacta
1039 3387 1189 3460 luerunt
1220 3385 1414 3482 proprium
1450 3387 1631 3483 patrimo-

129 3513 232 3586 nium
260 3511 369 3586 filiae.

209 3634 326 3730 Quod
339 3661 431 3711 vero
445 3638 495 3712 ad
514 3638 774 3734 quantitatem,
792 3637 983 3710 crederem
1000 3661 1086 3709 esse
1102 3636 1297 3710 moderate
1317 3636 1629 3722 constituendam,

127 3787 215 3836 nam
252 3787 299 3836 ex
333 3761 506 3836 deductis
534 3759 655 3846 video,
685 3760 780 3834 hanc
813 3760 1148 3858 primogenituram
1180 3783 1268 3832 esse
1304 3757 1443 3832 minimi
1478 3759 1629 3846 valoris,

127 3887 498 3986 primogenitumque
525 3911 611 3960 esse
639 3884 796 3958 multum
824 3897 1023 3983 gravatum
1043 3882 1179 3958 debitis
1207 3883 1408 3957 contractis
1427 3907 1496 3980 per
1523 3882 1631 3958 loan-

128 4037 214 4086 nem
245 4009 465 4108 Baptistam,
488 4033 633 4084 necnon
652 4009 816 4097 filiabus,
847 4033 944 4104 quos
972 4009 1104 4082 ordine
1131 4007 1260 4082 debito
1288 4006 1451 4082 caritatis
1481 4023 1631 4082 tenetur

129 4137 234 4234 nepti
266 4136 465 4233 praeferre,
496 4151 562 4209 aut
589 4133 723 4209 saltem
750 4134 864 4208 Anna
892 4157 966 4208 non
993 4149 1122 4231 potest
1149 4134 1268 4208 maius
1297 4133 1355 4207 ius
1383 4158 1497 4229 quarn
1525 4134 1630 4229 ipsae

41 4294 44 4300 ·
128 4259 380 4361 praetendere
406 4285 455 4334 ex
482 4259 653 4334 deductis
672 4283 741 4356 per
768 4258 854 4334 Alb.
885 4281 988 4333 cons.
1022 4283 1039 4330 2
1048 4281 1082 4351 3.
1105 4283 1139 4334 n.
1169 4281 1205 4354 p.
1235 4273 1275 4331 et
1303 4282 1411 4353 seqq.
1440 4257 1501 4332 lib.
1524 4281 1561 4353 p.
1590 4272 1631 4329 et

128 4387 201 4462 hoc
228 4411 316 4462 casu
344 4385 522 4460 haberem
549 4408 726 4483 magnam
756 4384 939 4458 rationem
957 4383 1142 4458 bonorum
1162 4398 1418 4456 maternorum
1437 4381 1474 4453 in
1493 4383 1630 4476 quibus

128 4513 245 4588 habet
281 4537 387 4608 spem
423 4509 656 4609 probabilem
693 4535 741 4584 ex
769 4509 900 4609 regula
933 4523 1089 4583 naturae
1117 4523 1157 4582 et
1184 4507 1287 4596 luris,
1318 4531 1416 4604 quae
1449 4506 1544 4580 filios
1580 4507 1629 4580 ad

129 4653 329 4736 parentum
362 4638 462 4712 bona
497 4653 536 4710 et
572 4659 770 4710 commune
798 4636 1045 4733 ipsorummet
1081 4647 1282 4740 parentum
1311 4647 1439 4706 votum
1468 4647 1578 4705 vocat
1604 4629 1627 4706 l.

130 4765 285 4861 scripto.
315 4763 351 4837 in
378 4764 440 4840 fin.
468 4763 505 4838 ff.
535 4763 622 4838 und.
651 4763 777 4837 liber:
808 4763 984 4835 decerta
1022 4785 1169 4834 summa
1203 4759 1251 4833 nil
1280 4781 1436 4855 possum
1469 4755 1627 4844 firmare,

129 4889 199 4964 nisi
227 4887 375 4963 firmato
403 4903 504 4963 statu
533 4905 572 4962 et
600 4890 783 4963 bonorum
812 4887 1140 4985 primogeniturae.
