3748 5914
244 321 300 383 ato
647 291 649 301 ’
875 323 1012 382 soecun
1031 322 1118 382 xvr

246 539 343 603 nem,
373 515 580 590 animarum
609 517 826 614 periculum,
856 517 1107 614 perniciosum
1137 539 1290 613 quoque
1318 513 1532 611 exemplum
1560 527 1601 587 et
1637 535 1747 586 scan-

243 638 370 713 dalum
398 639 652 739 plurimorum.

325 764 407 839 Nos
426 765 540 864 igitur
559 766 622 862 qui
641 767 800 841 eandem
820 767 1030 844 Romanam
1051 769 1214 854 Curiam,
1236 764 1351 840 veluti
1369 787 1586 860 supremum
1606 761 1746 836 iustitie

245 887 406 964 tribunal
433 905 483 964 et
516 891 802 966 saluberrimum
838 917 1110 990 oppressorum
1145 893 1311 968 omniurn
1348 888 1542 988 refugium,
1576 885 1743 973 liberam,

244 1015 447 1089 immunem
484 1030 524 1089 et
562 1041 733 1091 securam
771 1019 944 1093 omnibus
975 1043 1200 1093 conservare
1234 1016 1429 1101 debemus,
1462 1011 1746 1086 considerantes

243 1137 426 1214 attentius
458 1140 564 1237 quod
604 1141 732 1239 plures
774 1167 955 1240 penarum
996 1145 1163 1244 gravitas
1200 1166 1312 1239 quam
1354 1139 1427 1214 Dei
1469 1139 1580 1213 timor
1615 1160 1746 1210 arcere

245 1261 344 1337 solet
360 1288 384 1337 a
402 1265 596 1340 voluntate
624 1267 815 1364 peccandi,
835 1282 875 1341 et
893 1284 1094 1364 propterea
1113 1283 1220 1340 tanto
1238 1264 1405 1362 periculo
1423 1262 1594 1336 volentes
1613 1284 1746 1334 occur-

244 1411 327 1462 rere
363 1389 581 1478 animarum,
616 1416 660 1464 ac
697 1407 773 1470 tam
802 1393 963 1467 nefarios
991 1406 1276 1490 presumptores
1304 1405 1344 1463 et
1370 1387 1601 1462 facinorosos
1629 1385 1748 1460 homi·

245 1536 313 1586 nes
340 1514 590 1590 ecclesiastice
618 1516 952 1592 animadversionis
977 1541 1156 1592 mucrone
1174 1516 1283 1590 ferire
1311 1529 1354 1588 ut
1379 1527 1503 1586 metus
1520 1535 1618 1607 pene
1641 1525 1746 1584 meta

245 1637 458 1713 huiusmodi
475 1639 771 1738 presumptionis
789 1617 939 1728 existat,
960 1643 1069 1716 huius
1088 1655 1272 1739 perpetue
1299 1653 1340 1713 et
1360 1635 1626 1736 irrefragabilis
1654 1659 1746 1710 con·

244 1763 448 1838 stitutionis
485 1764 620 1852 edicto,
654 1764 702 1840 de
737 1791 821 1840 ven.
856 1767 1010 1842 fratrum
1047 1782 1261 1842 nostrorum
1291 1764 1329 1840 S.
1351 1765 1397 1839 R.
1423 1762 1467 1836 E.
1489 1759 1744 1835 Cardinalium

244 1887 412 1976 consilio,
441 1890 560 1964 dictas
588 1891 981 1968 excommunicationis
1009 1907 1048 1966 et
1074 1891 1325 1968 anathematis
1360 1911 1569 1983 omnesque
1596 1901 1637 1959 et
1674 1886 1746 1959 sin·

243 2011 354 2111 gulas
381 2012 474 2088 alias
502 2017 722 2104 sententias,
751 2039 930 2090 censuras
957 2033 997 2090 et
1024 2041 1143 2113 penas
1178 2015 1449 2108 ecclesiasticas
1477 2014 1513 2086 in
1542 2010 1630 2085 talia
1657 2035 1746 2106 pre-

243 2153 437 2213 sumentes
465 2164 535 2236 per
561 2141 759 2215 canonicas
778 2143 992 2215 sanctiones
1020 2165 1063 2214 ac
1091 2141 1183 2215 alias
1205 2139 1434 2237 apostolicas
1457 2134 1745 2210 constitutiones

242 2265 526 2363 quomodolibet
542 2265 639 2340 latas
657 2282 698 2340 et
724 2266 994 2364 promulgatas,
1011 2267 1235 2340 auctoritate
1253 2262 1460 2360 apostolica
1486 2260 1744 2358 approbantes

243 2405 282 2464 et
300 2389 521 2464 innovantes
549 2407 588 2465 et
615 2392 666 2465 ad
693 2415 825 2466 omnes
853 2408 892 2465 et
911 2391 1080 2490 singulos
1099 2390 1337 2486 supradictos
1356 2388 1420 2484 qui
1437 2385 1562 2461 lorsaii
1583 2385 1654 2458 sub
1672 2382 1743 2456 illis

243 2515 505 2613 comprehensi
532 2540 607 2589 non
635 2530 774 2604 essent,
805 2518 1054 2590 extendentes
1081 2529 1121 2590 et
1147 2515 1383 2611 ampliantes,

323 2641 524 2715 statuimus
551 2657 592 2716 et
618 2641 847 2730 ordinamus,
871 2644 976 2739 quod
1003 2642 1191 2739 deinceps,
1212 2639 1405 2738 perpetuis
1432 2636 1564 2711 tuturis
1593 2649 1744 2730 tempo-

243 2765 358 2852 ribus,
375 2790 508 2840 omnes
527 2781 568 2840 et
586 2767 733 2865 singule
751 2765 1002 2842 ecclesiastice
1020 2765 1258 2842 secularesve
1277 2786 1441 2860 persone
1460 2761 1740 2856 cuiuscumque,

245 2887 446 2984 qualitatis,
483 2889 689 2989 dignitatis,
719 2906 852 2975 status,
887 2891 1040 2989 gradus,
1070 2891 1222 2976 ordinis,
1262 2885 1484 2964 conditionis
1514 2898 1554 2958 et
1585 2881 1744 2980 preemi-

244 3013 370 3088 nentie
398 3012 542 3100 luerint,
564 3039 640 3110 que
658 3039 787 3088 earum
811 3015 846 3088 in
867 3015 990 3088 causis
1009 3030 1085 3089 tam
1104 3014 1381 3090 beneficialibus
1400 3036 1514 3108 quam
1532 3005 1743 3105 prophanis

243 3162 287 3212 ac
307 3137 568 3226 criminalibus,
591 3139 669 3212 sive
697 3139 832 3227 mixtis,
854 3140 890 3213 in
917 3140 1017 3214 dicta
1046 3139 1161 3214 Curia
1189 3151 1343 3214 nuncet
1369 3160 1439 3234 pro
1458 3151 1630 3230 tempore
1648 3155 1744 3227 pen·

244 3265 420 3340 dentibus
448 3264 561 3339 etiam
589 3290 705 3362 super
731 3267 867 3363 quibus
895 3263 1017 3340 littere
1044 3266 1314 3341 executoriales
1346 3265 1419 3339 iam
1451 3265 1602 3336 decrete
1630 3283 1741 3332 suum

244 3391 411 3465 debitum
440 3408 673 3487 consequute
701 3416 775 3467 non
803 3390 961 3467 fuissent
989 3391 1174 3479 effectum,
1203 3391 1441 3466 adversarios
1468 3401 1535 3462 aut
1561 3384 1642 3460 illas
1669 3407 1742 3479 pro

241 3516 297 3590 eis
333 3531 611 3614 prosequentes
648 3533 713 3590 aut
746 3533 1003 3614 procurantes,
1043 3519 1123 3591 sive
1150 3517 1356 3592 advocatos
1388 3514 1448 3590 vel
1474 3524 1743 3612 procuratores

244 3640 423 3737 ipsorum,
452 3657 519 3716 aut
545 3643 658 3715 etiam
685 3642 892 3716 Auditores
910 3659 950 3716 et
977 3642 1071 3716 alios
1094 3643 1234 3716 iudices
1261 3662 1533 3737 quoscumque,
1554 3651 1674 3710 testes
1702 3647 1743 3704 et

243 3765 411 3839 notarios
438 3765 605 3862 prefatos
633 3769 741 3841 minis
757 3768 916 3854 afficere,
937 3767 1125 3851 invadere,
1146 3767 1355 3855 verberare,
1377 3761 1547 3840 mutilare
1573 3775 1613 3835 et
1644 3757 1742 3832 occi·

243 3889 345 3977 dere,
372 3915 439 3964 seu
467 3914 536 3986 per
563 3891 657 3966 alios
684 3890 771 3965 talia
799 3916 1003 3988 procurare
1030 3907 1070 3966 et
1097 3892 1245 3990 exequi,
1265 3891 1550 3990 quomodolibet
1567 3883 1742 3988 presum-

243 4015 400 4111 pserint,
428 4040 659 4112 quamquam
688 4016 872 4091 mutilatio
890 4017 951 4090 vel
979 4041 1081 4090 mors
1100 4041 1148 4090 ex
1175 4017 1246 4090 hoc
1273 4016 1399 4090 forsan
1428 4040 1502 4090 non
1521 4039 1740 4115 sequantur,

242 4155 309 4212 aut
337 4139 432 4214 tales
461 4141 622 4214 scienter
649 4140 933 4236 receptaverint,
963 4140 1199 4216 defenderint
1216 4165 1283 4215 seu
1312 4142 1589 4230 occultaverint,
1611 4144 1742 4243 eisque

244 4265 450 4353 consilium,
479 4265 666 4352 auxilium,
697 4267 757 4339 vel
775 4265 944 4340 favorem
971 4266 1119 4364 publice
1145 4266 1206 4341 vel
1233 4266 1389 4353 occulte,
1411 4267 1551 4342 directe
1570 4269 1629 4343 vel
1648 4270 1743 4346 indi-

245 4405 346 4465 recte
365 4390 606 4486 prestiterint,
629 4390 707 4464 sive
724 4392 790 4486 qui
818 4393 1002 4488 premissa
1019 4393 1131 4465 etiam
1150 4416 1221 4488 pro
1239 4390 1320 4466 aliis
1339 4392 1624 4488 quomodolibet
1643 4421 1740 4470 com·

246 4515 427 4599 miserint,
449 4514 546 4589 ultra
573 4517 791 4604 sententias,
812 4540 992 4591 censuras
1010 4532 1051 4591 et
1073 4541 1192 4614 penas
1211 4516 1399 4613 predictas
1417 4541 1513 4614 quas
1532 4520 1643 4593 etiam
1670 4521 1740 4618 ipsi

243 4639 326 4736 pari
345 4641 460 4714 modo
478 4640 679 4714 incurrisse
697 4659 911 4727 noscantur,
934 4642 964 4714 si
992 4667 1040 4714 ex
1059 4619 1349 4740 collitigantibus
1377 4667 1528 4716 causam
1553 4644 1674 4742 ipsam
1702 4661 1741 4720 et

244 4787 356 4838 omne
375 4765 432 4836 ius
451 4778 527 4838 tarn
547 4765 582 4839 in
610 4766 787 4862 petitorio
806 4791 919 4862 quarn
938 4766 1177 4861 possessorio
1196 4791 1241 4840 ac
1260 4767 1294 4839 in
1315 4766 1433 4841 revel
1460 4767 1510 4842 ad
1528 4793 1607 4842 rem
1626 4794 1739 4844 causa

243 4889 303 4962 vel
331 4889 529 4963 occasione
561 4890 773 4964 huiusmodi
801 4890 1086 4986 quomodolibet
1116 4908 1348 4987 competens,
1382 4918 1429 4967 eo
1460 4893 1543 4989 ipso
1580 4895 1741 4991 perdant

243 5014 393 5110 penitus
430 5029 470 5088 et
504 5015 692 5102 amittant;
722 5017 752 5088 si
781 5039 872 5088 vero
900 5016 960 5090 alii
993 5015 1139 5102 luerint,
1169 5018 1218 5091 ab
1245 5017 1326 5113 ipsa
1355 5016 1469 5092 Curia
1496 5043 1540 5090 ac
1567 5021 1738 5094 omnibus

242 5139 411 5212 eiusdem
431 5140 600 5213 Romane
620 5139 787 5214 Ecclesie
807 5141 916 5214 terris
941 5143 1114 5237 perpetui
1142 5140 1250 5229 exilii,
1271 5142 1372 5215 omni
1398 5167 1467 5237 spe
1495 5143 1739 5218 restitutionis

242 5265 431 5360 adempta,
454 5287 601 5360 penam,
622 5281 663 5338 et
681 5265 712 5337 si
731 5265 914 5341 mutilatio
933 5267 1088 5340 membri
1117 5266 1175 5340 vel
1194 5292 1296 5341 mors
1317 5266 1436 5366 (quod
1455 5267 1563 5342 Deus
1582 5272 1738 5366 avertat)

243 5391 533 5486 subsequantur,
556 5389 652 5463 ultra
671 5414 784 5464 cause
812 5407 851 5465 et
878 5391 967 5464 iuris
994 5393 1232 5466 amissionem
1261 5417 1305 5467 ac
1332 5393 1430 5466 exilii
1449 5418 1583 5490 penam
1612 5393 1738 5468 huius·
