3708 5918
226 323 265 382 74
498 389 501 396 ,
854 323 991 382 Soeculo
1010 323 1097 384 XIV

225 516 322 591 licite
350 534 389 592 et
406 517 566 593 fideliter
592 521 787 596 exercebo.
809 521 845 594 A
865 521 1035 616 partibus
1053 545 1189 594 causas
1209 519 1434 594 habentibus
1452 518 1513 594 vel
1531 521 1723 604 habituris,

227 642 364 737 quibus
392 667 485 731 sum,
517 643 621 718 fuero
649 661 720 718 etc.
751 646 916 718 notarius
945 647 1161 740 deputatus,
1184 643 1244 716 vel
1265 646 1314 719 ab
1341 668 1470 718 earum
1499 644 1636 742 aliqua,
1657 639 1724 719 se'u

226 789 251 837 a
287 788 525 863 quocumque
553 766 638 853 alio,
667 791 796 840 earum
825 769 984 854 nomine,
1005 769 1140 862 quovis
1168 768 1293 840 colore
1323 791 1389 841 seu
1414 768 1529 842 modo
1556 768 1725 864 quesitis,

227 889 334 962 nichil
353 891 527 987 recipiam
548 891 645 965 ultra
673 893 903 972 taxationem
923 895 993 988 pel
1018 891 1107 966 dum
1132 917 1238 978 nrm„
1260 893 1361 967 dum.
1387 892 1589 966 Iohannem
1615 891 1727 965 XXII
1849 953 1850 966 .

225 1038 358 1088 summ.
389 1015 519 1110 pontif.
550 1040 665 1112 super
701 1017 771 1090 hoc
805 1016 1026 1091 ordinatam.
1057 1017 1206 1090 Nullam
1236 1041 1388 1092 causam
1420 1015 1509 1090 mihi
1546 1019 1727 1091 committi

223 1140 531 1214 conscribendam
546 1144 757 1236 procurabo
776 1166 844 1217 nec
856 1141 1044 1216 adhibebo
1058 1141 1270 1217 instantiam
1285 1143 1447 1238 aliquam
1467 1143 1503 1215 in
1517 1143 1587 1216 hac
1606 1158 1724 1239 parte.

228 1261 315 1336 Non
347 1287 413 1338 ero
446 1282 642 1362 promotor
676 1291 743 1339 seu
779 1282 1002 1364 procurator
1033 1268 1069 1340 iu
1107 1268 1230 1342 causis
1266 1293 1341 1364 que
1377 1291 1503 1341 coram
1542 1267 1727 1340 Auditore

226 1413 312 1463 meo
347 1389 548 1487 agitantur,
591 1415 657 1464 seu
696 1416 792 1488 quas
827 1393 962 1490 agitari
999 1393 1204 1490 continget.
1244 1393 1282 1467 ln
1321 1392 1443 1466 causis
1480 1390 1656 1490 predictis
1691 1393 1726 1464 in

225 1513 362 1608 quibus
392 1539 473 1587 sum
503 1515 563 1590 vel
592 1515 709 1602 suero,
739 1533 781 1589 ut
799 1516 996 1612 prefertur,
1018 1518 1186 1591 notarius
1213 1517 1428 1613 deputatus,
1459 1541 1592 1592 omnes
1620 1532 1727 1591 actus

225 1637 435 1714 iudiciarios
456 1642 750 1716 substantialiter
777 1643 814 1715 in
842 1641 1014 1730 manuali,
1037 1668 1105 1717 seu
1134 1642 1350 1729 memoriali,
1375 1643 1410 1715 in
1429 1642 1626 1717 Auditoris
1653 1643 1727 1716 mei

226 1764 416 1858 presentia
442 1781 482 1839 et
508 1767 620 1840 etiam
647 1767 821 1863 partium,
852 1767 882 1840 si
911 1767 981 1841 hoc
1009 1783 1212 1864 expectare
1247 1765 1442 1853 voluerint,
1482 1766 1725 1852 conscribam,
1849 1807 1850 1824 .

226 1901 266 1960 et
299 1904 502 1984 postquam
539 1889 621 1964 illos
658 1892 930 1988 conscripsero,
963 1917 1032 1966 eos
1070 1917 1213 1966 necnon
1246 1894 1498 1966 instrumenta
1531 1908 1571 1966 et
1603 1893 1727 1966 omnia

224 2011 297 2086 alia
324 2029 364 2087 et
391 2015 538 2112 singula
565 2016 601 2088 in
630 2016 754 2091 causis
772 2016 968 2112 producta,
990 2019 1053 2092 ubi
1071 2017 1272 2114 requisitus
1291 2020 1340 2092 ab
1359 2017 1545 2091 Auditore
1562 2018 1622 2092 vel
1641 2041 1728 2114 par-

225 2135 336 2225 tibus
377 2163 444 2212 seu
481 2163 611 2213 earum
657 2139 782 2236 aliqua
825 2141 942 2228 luero,
980 2142 1016 2214 in
1058 2157 1230 2240 regestro
1268 2141 1425 2215 fideliter
1461 2141 1629 2239 redigam
1666 2140 1727 2214 vel

226 2262 346 2361 redigi
373 2263 504 2338 faciam
534 2239 737 2362 requisitus
765 2267 814 2340 ab
841 2266 974 2338 iisdem
1002 2265 1173 2362 partibus
1199 2265 1258 2340 vel
1286 2291 1414 2339 earum
1438 2265 1563 2362 aliqua
1591 2267 1626 2338 in
1656 2266 1727 2339 sin-

225 2383 324 2483 gulis
353 2390 525 2494 terminis
547 2391 779 2477 successive;
809 2405 848 2464 et
876 2391 1045 2486 partibus
1083 2390 1174 2486 ipsis
1211 2390 1368 2486 copiam,
1399 2415 1482 2463 cum
1511 2415 1580 2487 per
1608 2390 1727 2464 Audi-

224 2525 347 2586 torem
375 2513 528 2588 decreta
554 2515 675 2600 suerit,
716 2516 795 2588 sine
832 2514 1049 2588 difficultate
1084 2530 1124 2588 et
1160 2515 1291 2589 fraude
1318 2539 1556 2611 quacumque
1582 2514 1723 2592 faciam.

225 2635 332 2710 salvo
358 2663 445 2713 meo
473 2640 612 2714 salario
630 2665 700 2738 per
718 2642 840 2738 ipsum
860 2621 959 2716 dum.
992 2621 1084 2715 nrm.
1108 2665 1242 2714 summ.
1263 2639 1476 2734 pontificem
1487 2637 1726 2742 (moderato).

223 2760 379 2836 Secreta
407 2788 520 2838 cause
549 2781 694 2840 secrete
722 2767 860 2840 tenebo
878 2781 918 2840 et
936 2765 1136 2861 presertim
1164 2764 1318 2838 consilia
1337 2764 1564 2837 Auditorum
1583 2780 1622 2837 et
1641 2787 1728 2836 sen-

224 2875 390 2970 tentiam,
421 2887 542 2963 donec
560 2891 642 2985 ipsa
672 2892 858 2965 sententia
878 2891 926 2964 sit
952 2890 1111 2987 prolata.
1134 2889 1358 2985 Supradicta
1377 2888 1502 2961 omnia
1520 2904 1559 2962 et
1578 2885 1727 2985 singula

226 3010 405 3105 promitto
432 3029 472 3088 et
499 3014 580 3087 iuro
608 3015 804 3089 attendere
830 3030 870 3090 et
898 3039 1049 3089 servare
1077 3015 1157 3088 sine
1185 3013 1287 3086 omni
1315 3012 1403 3086 dolo
1431 3027 1471 3086 et
1499 3012 1647 3088 lraude:
1674 3013 1727 3085 sic

225 3161 287 3208 me
317 3135 425 3210 Deus
453 3137 606 3212 adiuvet
634 3155 673 3212 et
701 3140 770 3213 hec
798 3156 927 3214 sancta
956 3138 1029 3212 Dei
1058 3138 1264 3235 evangelia.

305 3263 323 3358 ᾗ
357 3285 414 3352 19.
434 3259 455 3302 *
483 3263 588 3350 Item,
610 3264 810 3337 statuimus
837 3280 877 3337 et
902 3265 1015 3338 etiam
1043 3263 1271 3346 ordinamus,
1293 3264 1397 3358 quod
1421 3261 1543 3336 nullus
1563 3260 1726 3337 notario-

226 3409 309 3457 rum
336 3387 502 3483 ipsorum
532 3413 682 3462 causam
716 3388 879 3484 aliquam
906 3388 976 3463 sibi
1004 3387 1184 3463 committi
1212 3387 1457 3474 scribendam,
1489 3412 1557 3483 per
1593 3413 1635 3460 se
1667 3387 1726 3460 vel

227 3535 295 3606 per
321 3512 433 3585 alium
462 3528 649 3610 procuret,
681 3539 748 3586 seu
777 3513 952 3588 exhibeat
980 3513 1195 3587 instantiam
1225 3513 1260 3584 in
1294 3515 1363 3586 hac
1390 3529 1509 3609 parte.

306 3639 324 3734 ᾗ
355 3661 414 3711 20.
435 3634 456 3677 *
474 3638 578 3722 Item,
600 3638 704 3732 quod
727 3636 813 3710 dicti
834 3638 966 3712 notarii
994 3661 1143 3712 omnem
1163 3639 1398 3719 modestiam,
1424 3637 1661 3710 honestatem
1689 3636 1728 3710 in

224 3763 398 3835 omnibus
427 3762 604 3836 studeant
632 3763 846 3837 observare.

305 3889 323 3984 ᾗ
356 3911 414 3960 21.
432 3885 451 3928 *
471 3885 663 3982 Quodque
691 3887 813 3961 nullus
851 3889 1069 3961 eorumdem
1107 3889 1335 3961 notariorum
1364 3888 1428 3982 qui
1459 3911 1529 3982 per
1565 3886 1727 3983 aliquem

225 4009 407 4083 dictorum
435 4011 663 4084 Auditorum
691 4012 727 4085 in
756 4012 941 4086 notarium
970 4027 1144 4108 receptus
1164 4011 1338 4097 extiterit,
1360 4011 1512 4084 alterius
1532 4009 1727 4083 Auditoris

225 4135 392 4209 notarius
419 4161 506 4210 esse
534 4137 668 4222 valeat,
699 4138 877 4233 quamdiu
906 4139 976 4212 erit
1003 4138 1112 4233 primi
1140 4136 1333 4210 Auditoris
1358 4137 1535 4210 notarius.
1556 4133 1577 4176 *

305 4262 323 4357 ᾗ
355 4285 414 4335 22.
445 4262 548 4348 Item,
580 4263 684 4359 quod
712 4261 833 4335 nullus
871 4263 1100 4337 notariorum
1135 4259 1388 4357 predictorum
1416 4259 1563 4358 publice
1591 4284 1727 4333 concu-

225 4384 349 4458 binam
375 4403 502 4459 tenere
520 4403 725 4482 presumat,
748 4401 787 4460 et
806 4385 837 4460 si
865 4387 949 4483 quis
967 4411 1098 4459 eorum
1116 4387 1165 4460 ad
1189 4410 1345 4482 presens
1374 4400 1521 4458 teneret
1548 4384 1723 4481 aliquam.

225 4535 309 4584 eam
345 4512 531 4586 dimittere
559 4527 740 4612 teneatur.
771 4511 810 4584 Si
837 4536 928 4586 vero
956 4511 1048 4585 inlra
1079 4527 1167 4584 octo
1203 4509 1284 4584 dies
1311 4526 1399 4605 post
1435 4496 1724 4606 publicationem

223 4635 354 4708 statuti
381 4649 421 4709 et
448 4635 691 4709 ordinationis
719 4635 917 4731 presentis,
939 4637 1059 4732 ipsam
1080 4660 1154 4708 non
1182 4635 1372 4721 dimiserit,
1394 4633 1494 4706 illam
1526 4633 1585 4707 vel
1613 4633 1725 4707 aliam

224 4759 401 4856 deinceps
429 4760 578 4834 minime
608 4752 838 4856 rece'pturus,
869 4777 908 4833 et
935 4759 1113 4856 deinceps
1142 4758 1222 4855 ipse
1248 4757 1307 4832 vel
1335 4758 1393 4832 alii
1422 4757 1562 4855 reperti
1588 4759 1726 4831 suerint

223 4882 368 4980 aliquas
396 4884 542 4980 publice
569 4901 709 4968 tenere,
730 4886 779 4960 ab
796 4883 918 4958 olhcio
937 4884 1144 4958 notariatus
1172 4885 1207 4956 in
1231 4883 1332 4957 dicto
1352 4883 1492 4980 palatio
1510 4883 1725 4956 exercendo

223 5025 411 5106 perpetuo
439 5012 513 5084 sint
540 5011 687 5108 privati.

304 5137 322 5231 ξ
354 5158 414 5228 23.
436 5133 456 5176 ’¹‘
482 5137 587 5221 ltem,
619 5135 721 5230 quod
751 5132 884 5231 prelati
913 5132 1057 5219 notarii,
1086 5149 1325 5228 promotores
1354 5156 1420 5207 seu
1458 5145 1726 5227 procuratores

224 5259 260 5334 in
289 5260 412 5334 causis
430 5285 505 5356 que
523 5284 648 5333 coram
668 5259 855 5334 Auditore
873 5283 943 5332 suo
971 5258 1162 5355 agitantur
1180 5256 1216 5331 in
1235 5255 1335 5330 dicto
1354 5257 1493 5352 palatio
1512 5255 1724 5353 apostolico

226 5407 300 5459 non
327 5385 500 5458 existant.
530 5384 634 5470 ltem,
665 5384 769 5478 quod
798 5381 920 5456 nullus
948 5381 1114 5455 notarius
1141 5381 1294 5454 alicuius
1322 5380 1517 5456 Auditoris
1544 5378 1722 5479 deinceps

371 5671 382 5712 l
