3720 5914
774 314 887 374 Paulo
907 314 945 375 II
1561 315 1610 373 171

104 505 317 580 Martinum
344 504 380 578 V
408 522 448 580 et
474 506 686 604 Eugenium
719 506 782 592 IV,
820 506 934 580 etiam
968 507 1261 602 predecessores
1298 522 1464 597 nostros,
1498 530 1611 602 quam

102 633 302 726 quondam
321 629 578 706 Alexandrum
598 631 634 702 V
648 646 688 706 et
706 631 909 707 Iohannem
929 629 1068 716 XXIII,
1083 631 1121 704 in
1135 655 1266 706 eorum
1281 630 1505 706 obedientiis
1520 655 1614 703 nun·

100 772 280 852 cupatos‚
302 755 357 830 eis
384 755 574 832 concessis
601 758 651 832 ad
680 781 770 830 usus
789 755 873 830 illos
891 755 1028 852 quibus
1048 756 1095 830 he
1123 755 1244 853 gratie
1272 781 1339 830 seu
1368 756 1611 852 prerogative

11 977 12 980 Ἴ
103 905 291 956 concesse
310 881 459 955 suerunt
478 881 514 953 iu
534 880 669 955 iudicio
688 880 838 955 minime
856 881 910 954 uti
938 905 1007 954 nec
1030 879 1092 954 illa
1109 882 1163 954 eis
1183 879 1379 979 suflragari
1398 881 1610 977 potuerint;

187 1007 272 1080 Nos
287 1006 402 1106 igitur
414 1006 609 1105 indignum
622 1004 881 1080 existimantes
906 1005 1011 1100 quod
1031 1005 1237 1079 Auditores
1256 1005 1328 1101 ipsi
1343 1005 1408 1102 qui
1427 1031 1497 1102 pro
1511 1003 1614 1077 mini·

102 1130 261 1204 stranda
280 1131 420 1206 iustitia
438 1133 584 1226 absque
607 1153 856 1226 personarum
871 1129 1115 1224 acceptione,
1141 1128 1273 1203 libram
1300 1147 1402 1204 recte
1426 1145 1609 1213 tenentes,

105 1254 357 1331 sollicitudine
376 1257 567 1332 indefessa
584 1255 759 1331 laborant
772 1280 816 1328 ac
834 1255 1025 1330 literarum
1045 1254 1200 1329 scientia
1218 1271 1258 1328 et
1276 1254 1520 1351 multiplicum
1539 1256 1614 1329 vir-

104 1395 230 1454 tutum
250 1381 360 1456 donis
388 1405 462 1456 non
491 1379 613 1455 solum
633 1383 669 1455 in
688 1381 860 1456 Romana
882 1380 995 1467 curia,
1016 1381 1085 1454 sed
1111 1394 1194 1454 toto
1213 1396 1398 1454 terrarum
1417 1379 1499 1454 orbi
1517 1394 1613 1454 tam·

104 1529 221 1601 quam
241 1506 358 1602 sydus
384 1506 571 1595 irradiant,
592 1504 629 1579 in
657 1505 870 1580 huiusmodi
897 1505 974 1578 suis
1002 1503 1207 1604 privilegiis
1235 1503 1418 1592 ledantur,
1444 1507 1611 1600 ipsorum

105 1629 259 1704 Martini
286 1645 326 1704 et
355 1630 514 1728 Eugenii
540 1630 711 1730 vestigiis
728 1630 955 1717 inherentes,
976 1631 1172 1726 dictosque
1193 1629 1399 1704 Auditores
1414 1643 1612 1726 presentes

102 1770 144 1829 et
163 1754 311 1830 futuros
338 1771 378 1829 et
405 1779 535 1830 eorum
563 1757 646 1830 loca
674 1780 744 1852 pro
771 1771 944 1852 tempore
971 1770 1158 1842 tenentes,
1179 1755 1350 1853 gratioso
1368 1755 1497 1828 lavore
1524 1779 1612 1850 pro-

105 1879 219 1975 sequi
245 1897 287 1954 et
313 1882 418 1977 ipsos
445 1881 482 1952 in
509 1905 640 1956 eorum
668 1880 810 1954 iuribus
837 1904 1063 1954 conservare
1098 1879 1236 1976 illaque
1273 1880 1395 1977 magis
1432 1877 1612 1975 ampliare

73 2097 75 2102 Ι
107 2004 295 2091 volentes,

189 2129 300 2204 Motu
346 2130 517 2226 proprio,
560 2145 606 2204 et
639 2155 687 2203 ex
728 2144 830 2202 certa
868 2128 1039 2214 scientia,
1083 2128 1317 2227 singulorum
1364 2128 1516 2202 Martini
1557 2128 1609 2216 V,

107 2253 270 2352 Eugenii
289 2253 353 2341 IV,
372 2279 517 2330 necnon
536 2254 710 2328 Iohannis
742 2252 1054 2349 predecessorum
1073 2255 1171 2349 (cum
1191 2253 1480 2349 superveniente
1506 2255 1610 2328 obitu

105 2377 196 2451 dicti
224 2376 430 2452 Alexandri
457 2378 581 2452 littere
610 2403 678 2452 sue
707 2403 822 2476 super
849 2377 1047 2475 privilegio
1074 2401 1143 2474 per
1170 2403 1256 2451 eum
1285 2377 1394 2451 dictis
1422 2377 1610 2452 Auditori-

106 2506 180 2580 bus
209 2529 391 2578 concesso
419 2503 595 2601 expedite
623 2527 698 2578 non
725 2503 874 2601 luerint)
893 2503 1036 2578 litteras
1065 2502 1277 2577 huiusmodi
1295 2528 1339 2576 ac
1358 2504 1483 2578 omnia
1501 2503 1537 2576 in
1556 2503 1611 2576 eis

104 2643 299 2712 contenta,
328 2626 538 2724 apostolica
564 2627 787 2702 auctoritate
819 2628 1075 2724 approbamus
1094 2644 1134 2702 et
1152 2626 1417 2700 confirmamus
1435 2653 1478 2700 ac
1497 2628 1610 2723 pleno

106 2752 293 2826 firmitatis
321 2753 457 2826 robore
485 2751 691 2826 subsIstere
719 2752 953 2825 decernimus
982 2751 1118 2848 illaque
1150 2752 1343 2848 perpetuis
1378 2752 1610 2848 temporibus

105 2877 142 2949 in
171 2875 308 2970 iudicio
336 2890 375 2950 et
402 2893 510 2950 extra
536 2873 690 2950 firmiter
717 2877 909 2950 observari
936 2875 1111 2951 volumus
1147 2892 1262 2971 atque
1294 2877 1527 2951 mandamus.

189 3001 241 3074 Et
256 2999 523 3087 nichilominus,
541 3015 645 3074 motu
660 3016 701 3074 et
717 3001 872 3074 scientia
890 2998 1079 3088 similibus,
1097 2999 1298 3075 statuimus
1316 3000 1552 3075 decernimus
1571 3019 1610 3076 et

103 3125 336 3212 ordinamus,
357 3125 525 3222 ipsisque
544 3125 791 3200 Auditoribus
819 3141 858 3200 et
884 3125 1133 3200 locatentibus
1160 3126 1401 3222 presentibus
1419 3142 1460 3200 et
1478 3125 1610 3200 suturis

104 3250 348 3325 concedimus
386 3251 529 3346 pariter
565 3266 605 3324 et
641 3250 879 3349 indulgemus
916 3249 1020 3347 quod
1057 3250 1153 3324 inter
1186 3251 1290 3347 ipsos
1324 3250 1535 3324 Auditores
1571 3268 1611 3326 et

106 3377 367 3451 locatenentes
393 3400 438 3449 ac
466 3389 619 3449 nostros
646 3391 687 3448 et
720 3401 982 3450 successorum
1018 3391 1233 3450 nostrorum
1268 3375 1364 3451 sorte
1397 3375 1610 3473 descriptos

105 3524 175 3574 seu
205 3497 473 3573 describendos
500 3498 807 3597 prerogativatos
835 3499 893 3574 vel
921 3499 1263 3597 prerogativandos
1290 3497 1489 3573 familiares
1526 3523 1611 3572 con-

107 3622 234 3696 tinuos
262 3623 535 3697 commensales
562 3623 764 3718 predictos,
791 3622 945 3697 indicta
972 3622 1210 3698 assecutione
1229 3624 1308 3696 iure
1326 3623 1513 3697 communi
1531 3649 1610 3697 ser-

107 3763 209 3836 vato,
234 3749 271 3822 in
289 3747 503 3822 huiusmodi
521 3747 760 3822 assecutione
779 3749 953 3824 omnibus
980 3747 1061 3823 aliis
1080 3749 1349 3845 cuiuscumque
1367 3765 1502 3837 status,
1522 3773 1610 3846 gra-

107 3875 193 3962 dus,
213 3873 366 3962 ordinis,
387 3872 602 3960 nobilitatis,
624 3874 683 3948 vel
702 3874 926 3949 conditionis
943 3874 1090 3962 fuerint,
1111 3874 1224 3948 etiam
1244 3873 1276 3948 si
1295 3874 1332 3950 in
1352 3875 1442 3948 data
1464 3874 1608 3971 priores

106 4023 176 4073 seu
195 4000 231 4071 in
251 3999 490 4094 processibus
518 3998 785 4096 diligentiores,
805 4015 872 4072 aut
899 3999 935 4072 in
965 3998 1177 4074 Canonicos
1196 3998 1347 4095 recepti,
1369 4023 1436 4072 seu
1456 3998 1609 4072 alicuius

108 4121 229 4222 Regis
243 4119 302 4195 vel
322 4123 478 4221 Regine,
501 4121 728 4210 Patriarche,
749 4122 1045 4221 Archiepiscopi,
1064 4123 1255 4220 Episcopi,
1268 4122 1384 4210 ducis,
1403 4148 1469 4196 seu
1490 4123 1609 4196 cuius·

106 4273 270 4344 cumque
297 4246 450 4321 alterius
469 4246 721 4322 ecclesiastica
739 4249 799 4324 vel
818 4249 1008 4322 mundana
1027 4247 1163 4345 prediti
1182 4249 1365 4346 dignitate
1385 4246 1608 4333 Consiliarii,

108 4371 303 4470 Capeliani
317 4372 431 4447 etiam
445 4373 618 4460 maiores,
635 4389 700 4447 aut
716 4373 903 4448 cantores
917 4373 1051 4459 dilecti,
1068 4389 1136 4447 aut
1153 4398 1476 4470 quorumcumque
1495 4398 1608 4470 gene·

108 4497 241 4572 ralium
259 4495 470 4572 studiorum
494 4496 792 4572 Universitatum
815 4498 1010 4582 Rectores‚
1040 4497 1240 4582 Doctores,
1262 4497 1446 4594 Magistri,
1475 4497 1607 4572 Licen-

107 4621 199 4707 clati,
223 4620 424 4696 Baccalarii
450 4619 520 4695 vel
537 4621 628 4696 alias
647 4621 824 4720 graduati
843 4647 911 4696 seu
931 4621 1098 4696 scolares
1116 4623 1262 4697 etiamsi
1289 4637 1375 4696 actu
1396 4623 1605 4708 studentes,

106 4762 175 4822 aut
192 4745 285 4822 alias
312 4770 572 4843 quascumque
600 4747 802 4846 qualitates
830 4746 1025 4832 habentes,
1049 4761 1090 4820 et
1108 4749 1145 4822 in
1163 4746 1348 4844 aliquibus
1367 4746 1501 4821 litteris
1519 4771 1606 4843 apo-

107 4871 250 4946 stolicis
277 4871 372 4946 circa
398 4870 544 4968 aliquas
561 4871 616 4946 eis
636 4871 816 4946 etiamad
836 4873 954 4946 instar
972 4871 1224 4970 predictorum
1244 4871 1519 4967 descriptorum
1539 4896 1606 4944 seu

106 4995 439 5070 describendorum
457 4994 689 5070 familiarium
708 4994 767 5069 vel
786 4994 878 5070 alias
897 4996 1088 5094 amplioris
1107 5012 1147 5070 et
1164 4996 1314 5069 maioris
1342 4995 1498 5070 effectus
1522 5021 1607 5072 con·

104 5145 233 5196 cessas
247 5136 314 5195 aut
326 5121 587 5195 concedendas
600 5121 873 5218 prerogativas‚
890 5121 1152 5206 antelationes,
1165 5120 1440 5206 concessiones,
1451 5120 1603 5206 indulta,

102 5245 374 5344 derogationes
401 5269 468 5320 seu
497 5244 782 5334 declarationes,
812 5244 1084 5341 descriptiones
1112 5245 1259 5330 fuerint,
1291 5259 1331 5317 et
1364 5242 1434 5318 illis
1462 5267 1606 5318 necnon

103 5371 302 5470 quibusvis
329 5369 410 5444 aliis
444 5370 556 5445 etiam
592 5369 724 5445 intuitu
761 5369 997 5444 servitiorum
1032 5369 1140 5444 nobis
1174 5385 1213 5444 et
1241 5369 1413 5443 Romane
1450 5367 1606 5442 ecclesie
