3720 5914
251 293 308 352 212
892 293 1034 353 Saeculo
1052 293 1084 354 X
1093 294 1122 355 V

252 503 363 560 xatus
382 510 559 558 numerus
578 484 842 572 duodenarius,
867 488 1133 560 nonobstante
1149 485 1402 560 nominatione
1417 486 1465 559 de
1483 483 1584 558 dicto
1600 483 1753 558 Phelino

253 626 293 686 et
320 611 534 706 receptione
562 610 610 683 de
636 634 684 683 eo
713 609 836 684 fienda
868 625 908 684 et
936 635 1247 709 quorumcunque
1283 610 1440 685 aliorum
1477 610 1604 685 forsan
1641 610 1752 694 facta,

253 750 386 811 contra
413 735 552 808 dictum
582 751 749 809 taxatum
781 761 987 823 numerum,
1007 735 1056 810 de
1083 751 1211 810 cetero
1231 737 1465 822 observetur,
1488 759 1557 809 nec
1575 733 1753 808 mandata

253 884 492 957 quecumque
520 885 589 956 per
617 885 686 933 nos
714 876 753 934 et
783 858 921 933 Sedem
949 862 1195 956 apostolicam
1215 861 1286 934 sub
1304 861 1472 934 censuris
1490 858 1752 934 ecclesiasticis

251 1001 290 1058 et
308 983 389 1058 aliis
410 983 702 1060 formidabilibus
722 985 828 1082 penis
847 985 1146 1081 quibuscumque
1165 987 1321 1060 eosdem
1341 985 1534 1058 auditores
1551 984 1600 1057 ad
1618 1009 1751 1080 quem·

252 1110 351 1206 piam
382 1110 634 1206 recipiendum
661 1109 873 1208 astringant
906 1134 1105 1206 quousque
1134 1109 1255 1183 dictus
1288 1107 1541 1184 duodenarius
1573 1133 1751 1183 numerus

251 1249 341 1332 post
368 1235 622 1330 receptionem
650 1234 738 1308 dicti
767 1233 905 1308 Phelini
935 1258 1004 1331 per
1031 1234 1173 1310 obitum
1202 1235 1411 1331 aliquorum
1438 1233 1621 1307 dictorum
1645 1233 1750 1306 audi·

253 1377 377 1434 torum
396 1361 475 1432 sive
504 1358 793 1433 locatenentium
822 1358 1014 1433 solidetur.

334 1484 415 1558 Nec
452 1483 690 1569 intendimus.
730 1484 761 1558 si
798 1484 992 1582 contingat
1027 1508 1097 1580 per
1128 1509 1197 1558 nos
1231 1481 1292 1556 vel
1329 1484 1467 1557 Sedem
1503 1483 1750 1580 apostolicam

252 1608 378 1683 forsan
407 1607 569 1705 aliquem
598 1633 645 1682 ex
673 1607 782 1681 dictis
812 1609 1011 1685 nominatis
1034 1609 1260 1707 promoveri,
1282 1607 1481 1704 quominus
1501 1606 1655 1681 indicto
1675 1606 1754 1681 col-

252 1732 352 1832 legio
380 1749 419 1806 et
445 1731 633 1808 auditorio
661 1747 906 1830 perseverent
932 1749 1125 1831 tamquam
1153 1733 1423 1808 locatenentes.

333 1859 384 1932 Et
411 1859 514 1955 quod
542 1857 755 1932 huiusmodi
782 1858 971 1954 presentis
997 1858 1164 1932 mandati
1192 1857 1310 1931 nostri
1343 1854 1424 1930 sola
1452 1856 1646 1954 signatura
1674 1857 1753 1930 suf-

252 1984 361 2066 ficiat,
390 1985 537 2078 absque
565 1982 717 2056 aliarum
747 1982 956 2058 litterarum
985 1984 1151 2079 desuper
1178 1981 1426 2079 expeditione.

332 2105 672 2182 Constitutionibus
695 2124 734 2182 et
752 2108 1049 2184 ordinationibus
1067 2104 1294 2205 apostolicis,
1316 2107 1527 2203 ceterisque
1546 2106 1582 2182 in
1601 2122 1754 2182 contra·

253 2231 346 2306 rium
374 2231 604 2320 facientibus,
635 2257 711 2307 non
738 2234 977 2308 obstantibus
1004 2234 1314 2330 quibuscumque.

618 2357 747 2432 Placet
771 2357 815 2431 de
842 2357 1005 2432 omm’bus
1031 2364 1129 2430 motu
1149 2355 1309 2458 propnb
1334 2355 1392 2432 F(

333 2483 475 2556 Datum
504 2483 639 2567 Rome,
657 2481 957 2581 apud'Sanctum
978 2499 1138 2580 petrum,
1160 2496 1296 2578 quarto
1314 2479 1387 2555 kal.
1408 2479 1530 2556 martii
1547 2506 1647 2556 anno
1661 2481 1751 2583 (non

251 2605 413 2704 legitur).

334 2733 466 2830 (uerso)
501 2735 599 2826 1484
627 2733 688 2806 die
723 2757 765 2806 12
797 2733 918 2808 martii

466 2854 710 2932 Confirmatio
739 2857 839 2934 bulle
869 2857 1013 2932 numeri
1039 2857 1087 2956 xij

250 2981 286 3059 d.
316 2981 544 3056 Auditorum
574 2982 674 3057 Rote
701 3007 770 3080 per
797 2982 943 3056 Sixtum
972 2982 1018 3080 iiij

627 3107 641 3178 l

956 3401 1041 3480 126.

468 3580 601 3654 Sixrus
628 3580 657 3653 J
659 3582 697 3654 V
717 3577 914 3674 confirmat
930 3580 1175 3680 privilegium
1202 3582 1522 3678 expectatabarum.

329 3751 445 3824 (Aaou.
463 3750 550 3825 Ron,
574 3751 790 3825 «Prr'vr'legia
803 3776 831 3824 ›,
850 3757 926 3810 tom.
945 3751 973 3822 I,
988 3758 1075 3826 part.
1094 3752 1123 3826 I,
1140 3769 1173 3811 n.
1187 3751 1327 3824 XXVI).

1415 3913 1493 3985 1484,
1513 3914 1592 3984 iulii,
1612 3912 1746 3973 Romae.

329 4073 458 4175 Sintus
472 4073 685 4173 episcopus,
707 4100 840 4150 servus
861 4100 1057 4149 servorum
1078 4075 1163 4150 Dei.
1179 4074 1242 4149 Ad
1262 4075 1424 4151 futuram
1444 4077 1497 4153 rei
1513 4079 1744 4154 memoriam.

248 4200 416 4275 Romani
441 4197 632 4280 Ponltficic
648 4200 884 4299 prouzdentz'a
911 4200 1168 4300 circumspecta
1197 4199 1428 4300 singulorum
1457 4204 1690 4278 conditiones
1706 4220 1748 4278 et

250 4325 382 4398 merita
409 4325 621 4408 attendens,
652 4324 732 4399 illos
770 4323 979 4422 potioribus
1012 4323 1200 4400 favoribus
1236 4326 1478 4422 prosequitur
1504 4327 1579 4424 qui,
1610 4327 1748 4428 iugiter

246 4451 324 4523 suis
352 4465 391 4523 et
417 4449 624 4547 apostolice
644 4450 745 4524 sedis
765 4449 984 4524 insistentes
1003 4449 1207 4545 obsequiis,
1228 4448 1378 4525 labores
1398 4451 1594 4527 continuos
1609 4468 1649 4526 et
1661 4477 1746 4552 gra-

249 4575 373 4648 viores
400 4574 565 4672 perferre
594 4589 809 4648 noscuntur.
954 4573 956 4576 ’

331 4698 464 4796 Nuper
491 4699 523 4772 si
550 4695 714 4796 quidem,
736 4697 879 4772 dilectis
908 4697 989 4772 filiis
1009 4697 1175 4773 Gabrieli
1195 4701 1242 4773 de
1262 4699 1483 4776 Sclafanatis
1503 4717 1541 4775 et
1560 4703 1747 4778 nonnullis

248 4821 328 4898 aliis
364 4821 604 4897 familiaribus
641 4823 778 4896 nostris
815 4823 1001 4898 continuis
1037 4822 1363 4912 commensalibus,
1393 4826 1428 4898 in
1465 4826 1576 4900 certis
1613 4827 1747 4902 litteris

249 4947 386 5022 nostris
415 4946 614 5021 nominatis
642 4963 681 5020 et
717 4947 926 5045 descriptis,
957 4948 1141 5044 quasdam
1176 4947 1446 5023 antelationum
1481 4953 1746 5048 prerogativae

248 5073 283 5145 in
312 5070 603 5144 canonicatuum
624 5086 663 5144 et
691 5071 966 5166 prebendarum
983 5097 1027 5146 ac
1050 5072 1288 5170 dignitatum,
1318 5088 1598 5168 personatuum,
1629 5077 1746 5151 admi·

246 5196 508 5270 nistrationum
531 5211 569 5269 et
592 5193 797 5270 officiorum
821 5220 968 5271 necnon
995 5194 1260 5271 beneficiorum
1287 5194 1444 5271 aliorum
1472 5199 1748 5276 ecclesiastico-

248 5347 329 5394 rum
368 5345 443 5418 que
480 5320 610 5418 vigore
641 5319 847 5417 gratiarum
884 5321 1203 5416 expectativarum
1245 5345 1315 5418 per
1355 5346 1426 5396 nos
1466 5321 1521 5396 eis
1556 5327 1629 5400 sub
1666 5327 1746 5402 dat.
