3688 5924
215 291 249 351 16
844 295 979 354 Soeculo
998 293 1085 355 XIII

212 493 341 566 nesuic
359 445 398 567 dt
415 493 460 568 T.
481 492 660 566 canonico
679 489 899 565 ildesemen.
920 507 1158 564 concesserat
1173 491 1395 565 Auditorem
1416 492 1614 590 proposuit
1629 493 1712 566 Pre-

213 617 359 711 positus
376 633 616 703 memoratus,
629 616 732 712 quod
746 613 1047 690 archidiaconatu
1063 615 1126 691 sci.
1144 617 1297 691 Andree
1310 616 1531 693 lldesemen.
1541 635 1710 698 vacante.

212 743 406 836 quondam
434 741 655 817 lldesemen.
677 740 889 837 Episcopus
908 757 996 815 tunc
1014 739 1161 815 vinculo
1183 743 1575 818 excommunicationis
1602 745 1713 818 astri-

213 880 297 938 ctus
325 865 680 942 Archidiaconatum
700 866 822 962 ipsum
843 866 943 938 dicto
962 864 1006 940 T.
1023 891 1106 939 cum
1126 865 1175 938 de
1193 865 1272 940 iure
1293 868 1522 963 nequiverat,
1544 868 1594 942 de
1611 868 1712 943 facto

212 994 408 1067 concessit.
440 989 555 1085 Quod
583 1016 667 1065 cum
694 992 930 1086 pervenisset
948 991 998 1063 ad
1016 1014 1128 1064 aures
1156 990 1377 1066 venerabilis
1396 992 1519 1066 fratris
1539 993 1708 1069 nostri

214 1115 512 1214 Magdeburgen.
532 1117 817 1214 Archiepiscopi
834 1115 1033 1215 legationis
1062 1115 1184 1191 officio
1211 1131 1300 1191 tunc
1327 1113 1526 1214 fungentis,
1557 1125 1712 1192 conce's-

212 1239 354 1314 sionem
384 1242 502 1338 ipsius
530 1241 709 1339 Episcopi
727 1265 842 1337 super
860 1240 996 1315 eodem
1015 1241 1341 1326 Archidiaconatu,
1362 1242 1501 1317 iustitia
1519 1242 1708 1342 exigente,

208 1365 384 1453 cassavit,
401 1365 754 1440 Archidiaconatum
770 1367 892 1462 ipsum
911 1367 1033 1440 eidem
1047 1367 1240 1464 preposito
1254 1367 1477 1442 auctoritate
1493 1367 1711 1466 Legationis

209 1515 287 1586 qua
309 1491 535 1588 fungebatur
563 1491 772 1565 concedens
801 1491 896 1566 sicut
923 1517 970 1565 ex
997 1491 1115 1588 ipsius
1142 1492 1423 1590 Archiepiscopi
1450 1492 1584 1567 litteris
1612 1518 1710 1591 quas

208 1616 245 1688 ei
272 1641 388 1712 super
415 1617 485 1690 hoc
513 1617 722 1691 contulerat
750 1615 945 1691 manifeste
971 1619 1180 1691 constabat.

291 1740 353 1812 Ad
385 1741 489 1837 quod
511 1741 633 1815 dictus
652 1739 696 1814 T.
725 1766 773 1814 ex
800 1739 963 1814 adverso
990 1739 1184 1836 respondit
1206 1740 1309 1837 quod
1337 1741 1550 1838 Episcopus
1567 1743 1711 1824 antedi·

209 1878 292 1936 ctus
319 1879 409 1938 ante
437 1865 661 1939 sententiam
689 1890 804 1961 quam
833 1889 922 1961 pars
939 1866 1100 1938 adversa
1126 1865 1162 1938 in
1182 1864 1305 1962 ipsum
1332 1865 1469 1939 asse'rit
1488 1865 1565 1940 lore
1592 1863 1709 1941 latam
1833 1907 1834 1972 ἦ

206 1988 256 2060 ad
276 1990 406 2063 sedem
434 1989 679 2085 apostolicam
712 1988 926 2086 appellavit,
955 2007 995 2062 et
1023 2014 1252 2087 quamquam
1279 1989 1570 2088 appellationem
1599 2016 1708 2064 suam

208 2113 318 2187 luerit
345 2140 414 2210 per
440 2127 723 2210 procuratorem
751 2114 927 2189 idoneum
956 2131 1182 2210 prosecutus
1204 2131 1245 2188 et
1276 2113 1376 2190 idem
1411 2118 1560 2190 nuntius
1597 2116 1710 2190 luerit

206 2239 408 2334 impeditus
436 2239 472 2312 in
501 2239 572 2330 via,
600 2239 722 2314 dictus
749 2239 999 2336 predecessor
1034 2255 1164 2314 noster
1197 2241 1320 2336 ipsum
1357 2242 1600 2336 postmodum
1637 2265 1709 2338 pro

207 2389 274 2436 sue
303 2362 507 2439 voluntatis
533 2365 684 2439 arbitrio
712 2365 879 2461 recipere
908 2363 1024 2438 noluit
1050 2365 1109 2438 vel
1137 2366 1280 2451 audire,
1309 2381 1348 2438 et
1375 2380 1453 2439 tam
1480 2363 1561 2453 hoc,
1592 2389 1709 2464 quam

207 2487 438 2584 Episcopum
477 2507 648 2584 tempore
684 2488 894 2564 collationis
929 2489 1099 2585 potuisse
1136 2489 1490 2565 Archidiaconatum
1526 2490 1627 2564 illum
1657 2490 1707 2564 de

205 2611 285 2687 iure
312 2613 480 2688 conferre
508 2615 745 2710 proponebat
772 2640 813 2688 se
850 2639 919 2710 per
954 2629 1075 2688 testes
1111 2614 1269 2688 idoneos
1302 2616 1566 2711 probaturum:
1606 2616 1707 2690 unde

204 2762 288 2811 cum
317 2739 386 2813 sibi
415 2763 489 2812 non
517 2738 656 2814 debeat
683 2737 856 2836 imputari
884 2739 948 2835 qui
984 2737 1189 2834 principem
1217 2739 1444 2835 compellere
1471 2763 1545 2813 non
1583 2743 1707 2836 potuit

204 2877 245 2934 ut
272 2887 424 2938 causam
452 2865 713 2961 appellationis
731 2864 768 2937 in
796 2863 1058 2939 consistorium
1079 2888 1187 2937 suum
1208 2866 1413 2937 secundum
1434 2888 1577 2938 morem
1606 2863 1707 2938 iube·

204 3006 261 3062 ret
289 2989 422 3074 inferri,
453 2990 559 3084 petiit
577 2992 776 3064 canonicus
796 2989 1034 3086 supradictus
1062 2990 1286 3063 sententiam
1313 2989 1706 3064 excommunicationis

205 3113 343 3186 nullam
372 3115 618 3209 pronunciari,
640 3130 773 3210 utpote
800 3125 889 3209 post
907 3111 1198 3210 appellationem
1217 3113 1476 3210 interpositam
1501 3115 1549 3186 ad
1574 3115 1705 3188 sedem

204 3237 451 3334 apostolicam
480 3236 771 3337 promulgatam.

283 3363 346 3436 Ad
374 3363 442 3436 hec
471 3364 666 3459 respondit
695 3363 912 3459 Prepositus
940 3363 1151 3438 antedictus
1180 3363 1282 3458 quod
1311 3363 1382 3435 etsi
1417 3363 1584 3461 prelatus
1614 3363 1705 3459 Epi-

201 3513 341 3584 scopus
369 3504 481 3584 prout
517 3489 754 3562 adversarius
782 3489 919 3561 asserit
945 3489 995 3562 ad
1029 3486 1291 3585 appellationis
1330 3487 1533 3561 remedium
1570 3511 1704 3561 convo-

203 3613 298 3699 larit,
327 3613 619 3709 appellationem
646 3631 771 3686 tamen
802 3638 909 3686 suam
947 3636 1021 3686 non
1054 3613 1121 3686 luit
1157 3614 1294 3686 nedum
1324 3612 1421 3685 intra
1447 3637 1598 3699 annum,
1628 3613 1704 3687 imo

203 3762 271 3812 nec
308 3737 401 3811 infra
438 3738 722 3834 quadriennium
759 3762 828 3834 per
863 3763 904 3811 se
941 3739 1000 3812 vel
1038 3754 1321 3835 procuratorem
1360 3737 1534 3812 idoneum
1573 3761 1705 3833 prose-

201 3879 331 3948 cutus;
361 3887 478 3958 quare
507 3863 648 3937 nullum
675 3863 805 3937 debuit
832 3889 881 3935 ex
908 3862 1160 3959 appellatione
1186 3867 1270 3959 ipsa
1297 3863 1538 3936 commodum
1577 3885 1702 3958 repor-

204 4003 284 4061 tare
289 4045 451 4063 ......
483 3987 580 4061 Cum
608 4001 736 4061 autem
765 3985 833 4062 hec
861 4004 900 4062 et
927 3987 998 4061 alia
1028 3987 1224 4084 proposita
1253 3987 1411 4060 luissent
1448 4011 1574 4090 coram
1604 3985 1702 4061 Sub-

198 4110 359 4186 diacono
388 4113 617 4208 supradicto,
647 4111 822 4210 idemque
855 4137 929 4186 non
957 4113 1144 4209 potuisset
1171 4129 1329 4209 propter
1355 4113 1563 4186 absentiam
1592 4137 1698 4186 suam

201 4238 374 4310 meritum
402 4237 520 4331 ipsius
558 4263 670 4311 cause
711 4237 973 4333 predecessori
1001 4236 1150 4324 referre,
1186 4236 1308 4311 dictus
1336 4236 1586 4333 predecessor
1613 4261 1701 4309 cau·

200 4387 282 4434 sam
310 4362 431 4458 ipsam
450 4362 651 4437 venerabili
671 4363 774 4435 fratri
793 4377 925 4436 nostro
955 4419 962 4436 .
982 4419 990 4435 .
1012 4361 1195 4438 Albanen.
1218 4361 1410 4457 Episcopo
1428 4363 1614 4436 commisit
1632 4361 1700 4432 itc-

201 4511 284 4559 rum
311 4487 548 4562 audiendam.

283 4610 424 4683 Datum
454 4612 575 4685 Rome
602 4613 704 4708 apud
731 4610 912 4685 Sanctum
943 4611 1092 4684 Petrum
1115 4634 1184 4683 v111
1211 4609 1281 4686 kal.
1313 4609 1522 4684 decembris
1550 4611 1698 4707 pontifi·

198 4751 308 4808 catus
328 4737 446 4810 nostri
466 4762 565 4810 anno
584 4737 717 4834 primo.
