3708 5918
762 338 909 398 Martr’ao
934 337 963 399 V

844 673 906 752 65.

117 870 304 944 Declarat
338 872 428 946 Vice-
437 870 698 958 Camelaria,
729 872 944 946 Martinam
981 872 1019 945 V
1041 872 1097 946 aa'
1125 874 1422 974 supplaattimem
1459 875 1618 949 Audito-

196 1021 296 1079 rum,
326 1021 486 1070 cassasse
512 1005 548 1070 et
571 996 742 1070 irritasse
761 1007 912 1095 paenas,
941 999 983 1070 ia
1002 997 1310 1096 praecedentibus.
1328 999 1406 1074 sais
1436 998 1617 1074 Constitu·

197 1121 354 1196 amaus
381 1121 421 1195 in
449 1121 676 1196 Araiarum
696 1120 879 1222 personas
904 1122 1011 1197 latas.

197 1312 313 1384 (Aren.
332 1311 420 1384 Ros,
444 1310 740 1386 «Ordinationes»,
755 1317 844 1386 part.
863 1311 891 1384 I,
909 1329 941 1370 n.
961 1311 1037 1385 III).

1195 1456 1274 1532 1425,
1294 1459 1403 1516 martii
1424 1459 1465 1532 14,
1483 1458 1617 1519 Romae.

199 1655 395 1730 Universis
412 1672 451 1730 et
469 1655 627 1754 singulis
654 1670 852 1750 presentes
879 1654 1025 1730 litteras
1043 1656 1268 1751 inspecturis
1285 1655 1481 1740 lohannes,
1502 1657 1615 1731 mise-

114 1783 260 1856 ratione
286 1780 410 1854 divina
438 1780 651 1877 Episcopus
680 1779 827 1854 Ostien.
858 1796 987 1854 sancte
1015 1781 1186 1854 Romane
1223 1780 1379 1855 ecclesie
1408 1779 1617 1856 Cardinalis

117 1921 156 1980 et
188 1904 532 1981 vicecancellarius.
569 1902 737 1978 Salutem
772 1903 808 1976 in
840 1905 993 1980 domino
1020 1920 1060 1978 et
1093 1906 1331 2002 presentibus
1367 1904 1479 1981 fidem
1509 1907 1617 1980 indu-

116 2033 214 2106 biam
242 2029 431 2106 adbibere.
460 2029 575 2114 Sicut,
593 2029 696 2110 iuxta
714 2031 954 2124 antiquorum
972 2029 1197 2104 laudabilem
1223 2032 1446 2104 sententiam
1467 2047 1506 2104 et
1532 2055 1616 2106 con·

115 2155 236 2228 silium
274 2155 507 2252 sapientium,
539 2155 693 2253 dignum
730 2169 790 2228 est
827 2179 872 2228 ea
899 2178 975 2249 que
1003 2179 1073 2250 per
1099 2155 1261 2228 maiores
1292 2155 1464 2230 consulta
1496 2157 1617 2253 provi·

116 2280 244 2354 dentia
269 2279 306 2353 in
334 2279 568 2353 subditorum
606 2279 765 2376 gratiam
795 2293 834 2351 et
860 2280 1059 2353 commoda
1087 2297 1272 2378 geruntur
1298 2279 1483 2377 scripture
1511 2283 1616 2355 testi-

117 2405 244 2478 monio
271 2403 429 2490 firmare,
447 2402 501 2476 sic
528 2402 662 2476 rationi
689 2427 895 2477 consonum
915 2402 1064 2477 videtur
1082 2419 1124 2477 ut
1151 2405 1249 2478 adeo
1277 2419 1364 2479 nota
1384 2403 1449 2478 fiat
1477 2405 1617 2480 veritas

116 2529 337 2604 eorumdem
365 2527 468 2626 quod
500 2527 662 2624 pacificis
689 2552 763 2603 non
793 2529 891 2603 desit
913 2553 1044 2604 eorum
1073 2529 1256 2626 probatio,
1274 2555 1320 2604 ne
1345 2554 1512 2626 unquam
1536 2555 1618 2628 per·
1685 2529 1688 2536 ’

115 2654 235 2728 versis
255 2654 325 2726 sub
352 2652 499 2727 illorum
528 2653 738 2750 ignorantia
766 2652 994 2751 malignandi
1022 2653 1178 2727 facultas
1206 2653 1401 2731 tribuatur.
1435 2653 1534 2728 Hinc
1556 2667 1617 2728 est

116 2777 220 2877 quod
257 2776 318 2851 die
360 2777 448 2850 data
490 2776 722 2872 presentium
763 2776 911 2874 prelato
944 2781 1059 2853 ssriro.
1100 2778 1188 2854 dno.
1225 2801 1304 2853 nro.
1335 2778 1422 2852 diro.
1452 2777 1617 2853 Martino
1675 2859 1679 2867 ,

116 2927 216 3001 pape
237 2900 380 2995 Quinto
399 2926 468 2999 pro
487 2918 595 2998 parte
624 2903 888 2977 venerabilium
916 2903 1080 2977 virorum
1109 2902 1344 2977 dominorum
1365 2903 1462 2977 sacri
1489 2902 1618 3000 palatii

114 3026 312 3125 apostolici
337 3051 535 3102 causarum
565 3027 792 3100 Auditorum
826 3030 1000 3124 exposito
1035 3029 1150 3124 quod,
1181 3027 1267 3102 licet
1294 3027 1409 3102 felicis
1446 3028 1616 3102 recorda·

115 3153 228 3226 tionis
256 3152 441 3227 lohannes
469 3152 534 3249 Pp.
565 3151 677 3224 XXII
705 3169 745 3226 et
772 3151 936 3227 nonnulli
964 3153 1024 3228 alii
1061 3153 1191 3251 ipsius
1207 3153 1271 3226 dni
1300 3153 1419 3228 nostri
1447 3153 1617 3227 moderni

114 3278 409 3374 predecessores
437 3276 607 3350 diversas
625 3277 721 3351 cirea
748 3277 923 3352 officiales
943 3278 1115 3358 Romane
1136 3277 1250 3352 Curie
1277 3295 1317 3351 et
1334 3279 1455 3351 officia
1472 3301 1617 3352 eorum·

114 3403 202 3476 dem
244 3401 398 3475 fecerint
433 3401 729 3487 reformationes,
766 3419 893 3476 tamen
930 3418 1101 3499 tempore
1133 3403 1313 3478 eiusdem'
1336 3403 1401 3477 dni
1433 3403 1551 3476 nostri
1578 3419 1619 3476 et

114 3529 186 3601 sub
214 3527 297 3600 eius
324 3524 424 3599 bulla
460 3542 500 3599 et
535 3527 696 3610 nomine,
727 3544 804 3600 tam
832 3527 867 3600 in
898 3526 1090 3601 Cebennis
1122 3552 1235 3624 quam
1273 3527 1430 3601 Mantue
1465 3543 1503 3601 et
1532 3553 1617 3600 suc-

114 3651 261 3726 cessive
298 3651 334 3724 in
366 3651 436 3726 hac
472 3650 572 3725 alma
609 3652 712 3736 urbe,
751 3651 938 3749 publicate
971 3652 1120 3726 luerunt
1148 3653 1392 3749 quamplures
1420 3652 1490 3726 alie
1519 3651 1617 3726 Con·

114 3775 333 3850 stitutiones
361 3789 401 3849 et
427 3775 681 3850 ordinationes
701 3778 772 3851 sub
790 3777 940 3851 nomine
959 3791 999 3851 et
1027 3777 1146 3851 forma
1166 3777 1501 3859 Reformationum,
1522 3776 1620 3849 inter

114 3900 187 3976 alia
215 3901 435 3974 eorumdem
454 3900 689 3975 dominorum
709 3902 936 3976 Auditorum
957 3927 1140 4000 personas
1169 3917 1450 3987 concernentes,
1468 3925 1618 3975 excom·

114 4024 378 4100 municationis
404 4025 480 4098 late
510 4026 696 4100 sententie
723 4051 842 4122 penas
871 4051 967 4123 quas
986 4027 1069 4124 ipse
1098 4025 1283 4101 Dominus
1303 4043 1433 4100 noster
1460 4027 1616 4100 eosdem

114 4149 291 4225 dominos
318 4149 525 4223 Auditores
553 4165 750 4228 eteorum
778 4151 984 4248 quemlibet
1022 4166 1154 4227 contra
1195 4151 1452 4226 ordinationes
1493 4150 1617 4224 huius-

114 4273 218 4348 modi
246 4272 306 4347 vel
333 4273 497 4370 aliquam
524 4299 654 4348 earum
684 4275 879 4349 venientes
916 4274 976 4348 vel
1004 4275 1146 4349 eisdem
1177 4299 1251 4349 non
1279 4293 1468 4373 parentes,
1499 4275 1617 4349 incur·

115 4424 198 4474 rere
227 4397 345 4474 voluit
372 4400 455 4496 ipso
482 4400 592 4475 facto.
623 4399 675 4472 Et
701 4400 911 4496 supplicato
940 4399 1061 4475 eidem
1090 4416 1133 4475 ut
1160 4425 1242 4473 cum
1272 4401 1484 4475 huiusmodi
1518 4425 1616 4497 pene

114 4539 153 4598 et
179 4523 366 4598 sententie
394 4540 523 4598 essent
541 4525 746 4598 animarum
767 4522 1012 4621 illaqueature
1031 4541 1070 4600 et
1084 4526 1138 4624 de
1166 4525 1261 4599 sacili
1284 4525 1418 4599 incurri
1445 4540 1613 4621 possent,

114 4673 181 4722 eas
210 4649 338 4746 quoad
365 4673 549 4744 personas
566 4649 735 4746 ipsorum
762 4648 997 4724 dominorum
1017 4649 1245 4724 Auditorum
1264 4649 1301 4723 in
1329 4664 1450 4723 totum
1484 4649 1615 4723 tollere

115 4772 346 4872 dignaretur.
375 4772 479 4846 ldem
507 4773 694 4848 Dominus
728 4791 857 4848 noster
884 4775 1078 4870 premissis
1107 4789 1248 4871 etque
1277 4799 1374 4871 pene
1402 4791 1442 4848 et
1469 4791 1615 4849 senten·

115 4898 165 4972 tie
191 4895 407 4972 huiusmodi
436 4913 513 4972 tam
542 4897 633 4995 ipsis
662 4898 822 4973 dominis
849 4900 1098 4976 Auditoribus
1134 4924 1250 4996 quam
1290 4899 1371 4974 aliis
1407 4925 1533 4974 eoram
1560 4900 1616 4974 eis

114 5047 184 5120 pro
224 5038 397 5118 tempore
437 5022 666 5120 litigantibus
703 5039 863 5120 possent
902 5025 1051 5100 diversa
1093 5024 1258 5122 pericula
1298 5041 1337 5098 et
1377 5025 1615 5100 incommoda

113 5147 256 5232 aflerre,
287 5147 415 5224 debita
442 5147 741 5223 consideratione
769 5150 947 5245 pensatis,
973 5149 1228 5224 ordinationes
1254 5165 1295 5224 et
1313 5149 1615 5226 Reformationes

112 5299 157 5347 ac
184 5299 304 5372 penas
331 5287 372 5346 et
399 5273 604 5347 sententias
631 5273 843 5348 huiusmodi
871 5274 1010 5350 habere
1039 5273 1169 5348 volens
1196 5297 1266 5370 pro
1293 5275 1495 5372 expressis,
1512 5275 1614 5371 ipsas

111 5399 319 5474 sententias
347 5412 388 5471 et
415 5421 532 5494 penas
573 5396 609 5472 in
645 5399 789 5474 eisdem
827 5398 1178 5486 Constitutionibus,
1223 5425 1290 5474 seu
1318 5399 1614 5475 ordinationibus
