3720 5916
908 320 1045 379 Saeculo
1063 319 1167 378 XVII

982 653 1069 730 257.

624 817 778 890 Publica
805 817 1004 914 disputatio
1031 815 1188 887 Domini
1212 815 1256 886 da
1287 815 1438 889 Zoraa.

364 971 480 1043 (Anca.
499 971 589 1048 Rom,
613 970 834 1030 ‹Extractum
853 969 973 1028 Diart't'
991 968 1161 1028 Otthobont
1177 971 1213 1040 ι).

856 1155 899 1226 18
930 1151 1071 1247 Aprilis
1107 1159 1217 1246 1651.

367 1314 416 1388 D.
453 1313 587 1388 Zarate
625 1314 801 1387 sustinuit
841 1337 929 1385 suas
967 1311 1135 1407 publicas
1173 1311 1441 1397 conclusiones,
1472 1314 1541 1386 sed
1583 1312 1651 1386 suit
1686 1313 1779 1386 adeo

285 1437 432 1536 longus,
464 1454 504 1511 ut
532 1439 710 1535 incipiens
738 1439 830 1510 hora
864 1443 929 1512 20⁸
955 1437 1078 1509 adhuc
1107 1436 1259 1509 duraret
1287 1436 1323 1509 in
1355 1443 1420 1529 24}
1447 1452 1487 1509 et
1524 1437 1612 1512 DD.
1653 1437 1779 1511 Cardi-

285 1563 389 1636 nales
418 1580 457 1637 et
486 1561 599 1636 Curia
627 1577 917 1637 murmurarunt.
950 1563 988 1635 ln
1017 1563 1087 1635 hac
1116 1561 1370 1658 disputatione
1397 1561 1551 1636 ultimus
1570 1588 1618 1635 ex
1646 1563 1779 1635 nostris

283 1703 592 1786 argumentorum
622 1685 758 1762 oblitus
786 1702 857 1773 est,
887 1703 926 1760 et
954 1686 1131 1783 oppletus
1159 1700 1218 1758 est
1246 1685 1483 1772 confusione;
1504 1688 1572 1760 sed
1600 1686 1701 1760 illum
1721 1687 1779 1759 fui·

285 1838 370 1886 mus
398 1813 589 1897 consolati,
620 1828 659 1886 et
685 1813 794 1908 pauci
824 1813 974 1886 fuerunt
1002 1811 1066 1907 qui
1093 1811 1329 1910 agnoverint,
1349 1813 1400 1884 ob
1428 1811 1640 1886 tarditatem
1671 1813 1779 1885 horae

286 1954 325 2012 et
353 1938 617 2024 confusionem,
648 1937 860 2011 huiusmodi
889 1937 1086 2012 deiectum.

987 2253 1077 2333 258.

286 2417 517 2515 Proponitar
551 2416 652 2512 qaod
683 2418 834 2513 quicqua
862 2417 1026 2490 Auditor
1060 2415 1201 2510 iasine
1235 2417 1330 2490 anni
1358 2418 1581 2515 relinqueret
1610 2420 1651 2491 in
1686 2419 1776 2490 Rata

365 2543 503 2638 capiam
531 2543 691 2614 omnium
710 2541 945 2614 Decz'sioaum
957 2553 1032 2639 par
1061 2541 1179 2638 ipnam
1203 2549 1451 2626 extensarum,
1471 2551 1514 2614 at
1533 2542 1621 2615 z'llae
1648 2568 1777 2616 conser-

365 2677 547 2739 varentur
573 2667 612 2738 in
640 2665 831 2740 Archiaio.

363 2822 479 2894 (Aaou.
497 2821 584 2895 Ron,
608 2820 798 2880 «Dtart'um
819 2819 955 2892 Celsi»).

367 3001 462 3074 Ven.
499 3025 538 3073 11
574 3000 660 3075 Oct.
696 3007 792 3095 1652
841 3059 1775 3078 ...............

365 3187 372 3200 .
405 3187 412 3202 .
446 3189 452 3202 .
487 3127 684 3202 occasione
712 3127 881 3200 licentiae
900 3128 1041 3223 petitae
1060 3128 1108 3200 ab
1127 3127 1351 3202 haeredibus
1372 3126 1485 3202 Card.
1507 3127 1716 3203 Blanchetti
1734 3127 1776 3198 de

286 3252 540 3349 imprimendis
567 3253 648 3324 eius
676 3252 926 3325 decisionibus
946 3277 1043 3348 quae
1072 3277 1139 3326 nec
1168 3252 1235 3326 suit
1264 3277 1455 3338 concessa,
1487 3277 1553 3326 nec
1582 3253 1774 3350 denegata.

285 3377 434 3450 habitus
456 3377 523 3450 fuit
542 3377 733 3449 discursus
753 3400 867 3471 super
886 3377 1136 3451 decisionibus
1156 3377 1406 3452 Dominorum
1432 3377 1539 3451 etad
1567 3377 1775 3451 evitandum

286 3503 388 3597 quod
416 3501 499 3575 illae
528 3526 603 3573 non
631 3517 790 3595 possent
819 3501 1008 3574 immutari
1036 3501 1095 3574 vel
1123 3501 1283 3588 alterari,
1314 3504 1550 3597 propositum
1578 3503 1646 3575 suit
1682 3500 1776 3598 quod

285 3627 545 3721 unusquisque
574 3651 621 3698 ex
650 3625 897 3700 Auditoribus
926 3625 1082 3700 deberet
1110 3627 1145 3698 in
1174 3626 1246 3700 fine
1281 3627 1368 3699 anni
1403 3627 1580 3701 exhibere
1607 3645 1647 3700 et
1674 3626 1776 3700 telin·
1839 3669 1840 3693 1

286 3775 402 3847 quere
421 3751 457 3822 in
478 3751 578 3822 Rota
605 3750 751 3846 copiam
772 3750 1014 3824 Decisionum
1033 3776 1102 3847 per
1128 3753 1249 3846 ipsum
1275 3767 1516 3825 extensarum
1543 3750 1592 3824 ad
1611 3751 1775 3825 effectum

285 3877 366 3949 illas
385 3875 631 3949 conservandi
647 3875 840 3972 perpetuis
859 3877 992 3950 suturis
1011 3878 1244 3972 temporibus
1259 3891 1297 3950 et
1318 3876 1524 3971 reponendi
1542 3877 1578 3948 in
1592 3875 1774 3964 Archzaio,

286 4000 353 4074 sed
383 4001 554 4095 quamvis
582 4025 713 4074 omnes
742 4001 778 4072 id
806 4000 1108 4097 adprobaverint‚
1140 4019 1265 4104 tamen
1295 4000 1381 4074 nihil
1409 4000 1625 4074 conclusum
1652 4000 1726 4076 suit.

982 4317 1070 4396 259.

290 4479 529 4552 Obseruantia
557 4478 694 4551 Bullaa
728 4479 874 4552 Urbani
898 4479 1003 4554 VIII
1023 4479 1067 4551 de
1092 4489 1225 4553 sarelo
1252 4481 1442 4555 sananda.
1462 4524 1478 4536 -
1505 4479 1628 4554 Caura
1646 4479 1774 4554 Matri·
1837 4423 1838 4465 i

365 4603 482 4676 monii
505 4601 646 4677 Ducem
674 4603 771 4676 inter
811 4612 846 4676 et
870 4604 1069 4677 Drmisam
1098 4603 1370 4701 Lathan'agiaa
1410 4605 1555 4678 tandem
1582 4603 1773 4704 alomna

366 4729 485 4801 doccia
512 4729 597 4814 fuit.
895 4737 898 4745 '

366 4884 482 4956 (Auen.
501 4883 589 4955 Rom,
613 4883 802 4943 ‹Dtarz'um
824 4883 959 4957 Celsiv).

739 5069 912 5142 Mercurii
948 5092 989 5164 15
1021 5069 1179 5143 Ianuarii
1213 5078 1325 5166 1653.
1835 5115 1836 5122 ¹

369 5229 454 5303 Fuit
482 5230 581 5303 Rota
610 5230 645 5301 in
674 5253 748 5325 qua
777 5231 879 5302 iuxta
906 5229 1177 5304 ordinationem
1197 5232 1487 5329 praecedentem
1506 5254 1579 5305 non
1609 5231 1676 5303 suit
1692 5251 1772 5326 pro·
1835 5151 1836 5237 i

287 5355 411 5450 posita
441 5353 509 5428 nisi
538 5377 612 5426 una
640 5377 754 5426 causa
782 5353 924 5428 Tollen.
958 5353 1184 5429 Matrimonii
1226 5381 1351 5429 coram
1382 5355 1546 5431 Domino
1574 5354 1772 5450 Albergato
