3686 5916
280 323 335 381 blo
897 321 1169 382 SoeculoXVIII

280 516 525 612 disputationi
553 514 696 590 nollent
724 516 959 602 intervenire,
992 517 1091 590 Rota
1119 517 1262 591 censuit
1289 517 1457 592 debitum
1484 518 1643 616 Principi
1671 521 1782 592 obse-

280 641 407 736 quium
437 639 537 714 nulla
563 655 773 736 expectata,
805 656 847 713 ut
874 639 963 714 iuris
991 658 1082 728 erat,
1113 641 1280 740 legitima
1308 641 1496 730 instantia,
1521 644 1648 717 statim
1680 643 1782 717 exhi-

279 767 368 839 bere
396 780 435 840 et
462 788 536 838 una
566 765 675 840 simul
710 791 733 840 a
760 764 1008 839 laudabilibus
1037 767 1290 862 nequidquam
1320 769 1508 854 recedere,
1539 769 1782 842 decernendo

279 892 462 987 privatam
491 889 785 986 disputationem
823 890 1035 965 habendam
1063 916 1149 964 esse
1178 891 1239 964 die
1273 913 1315 984 15
1356 916 1380 964 a
1415 891 1572 988 publicis
1610 893 1782 966 thesibus

279 1041 377 1112 quae
405 1015 475 1089 erit
502 1016 630 1090 martis
661 1036 708 1109 25
739 1014 847 1089 huius
876 1015 1016 1088 mensis
1036 1015 1127 1089 lunii
1155 1031 1194 1090 et
1221 1016 1272 1089 ita
1298 1015 1546 1090 decreverunt
1572 1036 1642 1092 etc.

360 1138 458 1213 Cum
486 1164 577 1214 vero
613 1139 649 1212 in
686 1139 794 1213 dictis
832 1140 1005 1236 precibus
1042 1139 1131 1236 de
1171 1139 1416 1213 Par-accianus
1451 1139 1500 1213 ad
1537 1141 1782 1214 colorandam

279 1265 419 1362 petitae
446 1263 634 1338 facultatis
661 1289 813 1338 causam
843 1265 891 1338 de
919 1264 1032 1338 nimio
1061 1255 1185 1338 Rotae
1213 1266 1339 1362 rigore
1376 1267 1555 1361 conqueri
1592 1268 1782 1361 quodam-

280 1389 394 1462 modo
421 1388 621 1474 videretur,
652 1387 918 1462 demandatum
955 1387 1023 1462 luit
1060 1388 1159 1484 de.
1192 1387 1358 1464 Canillac
1396 1389 1614 1463 Prodecano
1651 1405 1694 1462 ut
1731 1391 1781 1463 de

279 1514 432 1587 decreto
460 1536 575 1608 supra
602 1513 675 1586 iarn
704 1513 803 1586 facto
832 1513 1026 1586 certiorem
1066 1513 1193 1586 statim
1228 1511 1405 1587 redderet
1443 1513 1480 1588 S.
1512 1513 1561 1587 D.
1593 1514 1639 1588 N.
1679 1529 1720 1587 et
1757 1540 1780 1587 a

278 1637 476 1735 supposita
503 1637 637 1736 rigoris
666 1653 766 1720 nota,
798 1636 989 1710 tribunalis
1018 1662 1166 1723 nomen,
1188 1654 1229 1711 ut
1249 1662 1317 1734 par
1335 1657 1429 1724 erat,
1459 1638 1674 1724 vindicaret,
1701 1663 1781 1734 quo

278 1764 424 1858 ipsein
452 1786 606 1836 munere
634 1761 872 1836 commissam
909 1761 976 1836 sibi
1010 1786 1164 1859 operam
1202 1763 1300 1837 adeo
1336 1763 1510 1859 apposite
1547 1787 1591 1836 ac
1627 1762 1780 1836 viriliter

277 1887 467 1984 praestitit
495 1905 536 1962 ut
565 1911 683 1960 novas
700 1886 767 1960 SS.
801 1886 847 1962 D.
870 1886 917 1962 N.
938 1903 978 1961 et
996 1886 1286 1962 humanissimas
1314 1903 1352 1960 et
1381 1887 1503 1961 Rotae
1530 1887 1779 1961 bonorificen-

279 2014 442 2087 tissimas
470 2013 615 2087 litteras
643 2011 876 2108 rescripserit
903 2035 1000 2107 quas
1027 2011 1114 2086 ideo
1143 2037 1275 2086 omnes
1304 2014 1553 2086 decreverunt
1579 2013 1780 2110 diligenter

278 2163 364 2212 esse
399 2137 648 2212 asservandas
682 2153 722 2209 et
758 2137 793 2209 in
823 2135 1000 2210 Archivio
1028 2136 1278 2232 reponendas.
1317 2137 1468 2212 lnterim
1507 2138 1605 2234 de.
1645 2138 1777 2211 Parac—
1835 2193 1836 2246 t

277 2263 416 2348 cianus,
447 2262 533 2336 facti
561 2263 769 2358 poenitens
801 2286 874 2334 non
903 2247 1047 2335 distulit'
1074 2260 1244 2362 singulos
1271 2263 1375 2374 adire
1395 2257 1654 2366 DD[0minos]
1672 2279 1714 2336 et
1732 2264 1777 2336 de

278 2387 487 2462 inconsulta
515 2386 652 2486 agendi
680 2385 860 2460 methodo
894 2385 1040 2460 veniam
1078 2387 1264 2460 humiliter
1291 2387 1503 2484 implorare.
1533 2387 1777 2461 Tenorlitte-
1835 2407 1836 2442 ³

281 2536 427 2587 rarum:

1016 2685 1037 2727 8

995 2747 1058 2790 *111

359 2882 584 2957 Benedictus
612 2881 679 2956 Pl’.
702 2881 804 2957 XIV.
827 2879 972 2954 Dilecte
1003 2879 1080 2967 Fili,
1112 2879 1272 2954 salutem
1300 2896 1339 2954 et
1367 2879 1627 2978 Apostolicam
1658 2881 1774 2954 Bene-
1822 2897 1828 2916 ·

276 3009 487 3083 dictionem.
518 2985 550 3080 E
578 3021 680 3080 stato
707 3031 729 3080 a
758 3005 949 3080 ritrovarci
978 3003 1101 3080 Mons.
1133 3005 1321 3079 Paraciani
1349 3003 1466 3078 eletto
1494 3005 1543 3078 da
1576 3005 1650 3080 Noi
1684 3004 1774 3077 Udi-

276 3149 360 3207 tore
387 3131 424 3205 di
454 3132 563 3216 Rota,
586 3155 692 3203 come
719 3127 790 3203 ella
819 3131 890 3203 ben
920 3153 974 3216 sa,
1004 3155 1025 3202 e
1053 3129 1085 3201 ci
1113 3129 1161 3203 ha
1179 3145 1400 3224 presentato
1418 3128 1608 3204 l'annesso
1631 3155 1774 3202 merno-

276 3258 377 3332 riale.
408 3257 628 3331 L’abbiamo
655 3253 749 3329 letto
777 3279 798 3327 e
827 3254 1076 3341 considerato,
1108 3279 1129 3328 e
1157 3253 1331 3329 l’istanza
1358 3255 1390 3327 ci
1409 3253 1431 3326 ὸ
1449 3255 1640 3328 sembrata
1660 3253 1777 3327 molto
1835 3327 1836 3354 q

277 3381 530 3482 ragionevole,
559 3381 608 3453 ed
635 3379 753 3454 anche
780 3377 952 3452 adattata
981 3377 1052 3452 alle
1080 3377 1247 3475 presenti
1276 3380 1516 3465 circostanze,
1546 3377 1643 3452 nelle
1677 3377 1776 3474 quali
1835 3357 1836 3380 ³

275 3507 441 3583 essendo
469 3504 635 3602 impediti
663 3503 736 3576 due
766 3503 916 3577 Uditori
944 3503 981 3575 di
1011 3504 1121 3587 Rota,
1144 3503 1173 3574 ve
1202 3529 1275 3577 non
1304 3504 1468 3578 essendo
1487 3504 1587 3578 sorse
1607 3501 1655 3576 ne
1674 3503 1777 3576 l’uno

276 3634 323 3708 ne
350 3632 474 3706 l'altro
501 3631 538 3703 in
566 3629 687 3727 grado
714 3629 752 3702 di
779 3644 890 3725 poter
917 3628 1100 3702 ritoruare
1128 3625 1333 3702 all’attuale
1363 3627 1517 3701 servizio
1545 3627 1606 3701 del
1639 3627 1776 3702 Tribu-

276 3756 370 3843 nale,
401 3772 539 3852 troppo
567 3752 713 3850 comple
740 3753 765 3827 il
793 3754 849 3826 sar
875 3754 1026 3839 vedere,
1056 3752 1124 3825 che
1153 3751 1185 3825 si
1214 3752 1250 3825 la
1276 3769 1421 3849 quanto
1440 3752 1472 3825 si
1489 3753 1567 3847 pub
1586 3777 1655 3850 per
1674 3775 1776 3824 acce

274 3881 396 3956 lerare
418 3877 441 3949 l'
455 3881 629 3976 ingresso
656 3903 679 3952 a
706 3879 764 3951 chi
792 3877 813 3951 e
841 3878 876 3950 in
904 3876 1026 3975 grado
1054 3877 1091 3950 di
1120 3892 1230 3974 poter
1250 3877 1402 3951 servire.
1423 3876 1449 3950 ll
1470 3892 1603 3950 nostro
1622 3876 1776 3972 dunque
1835 3955 1836 3966 χ

277 4005 418 4079 Mons.r
432 4003 469 4076 di
499 4002 673 4088 Caniliac,
704 4003 772 4075 che
801 4002 892 4101 oggi
924 4002 1047 4098 empie
1084 4001 1121 4075 la
1156 4003 1280 4098 piazza
1315 4002 1353 4075 di
1388 4000 1555 4087 Decano,
1593 4001 1707 4074 abbia
1744 4004 1776 4075 la

275 4131 391 4204 bonta
418 4128 454 4201 di
482 4126 637 4225 leggere
666 4153 687 4200 e
716 4128 956 4200 considerare
993 4126 1016 4199 il
1054 4125 1282 4211 memoriale,
1322 4151 1343 4198 e
1379 4125 1417 4199 di
1445 4124 1538 4198 sarlo
1565 4123 1725 4224 leggere
1757 4151 1775 4198 e

276 4253 513 4327 considerare
542 4254 576 4325 ai
603 4253 686 4325 suoi
716 4252 829 4350 degni
858 4250 1041 4349 Colleghi,
1082 4249 1434 4348 rappresentandoli
1461 4250 1495 4323 le
1524 4266 1654 4324 nostre
1694 4275 1776 4347 pre-

276 4403 391 4463 mure,
423 4378 525 4451 accib
554 4376 588 4449 le
617 4375 769 4472 dispute
798 4395 951 4473 segrete
979 4377 1017 4447 di
1046 4377 1187 4452 llllons.r
1206 4374 1397 4448 Paraciani
1425 4375 1457 4447 si
1484 4372 1651 4447 sacciano
1676 4401 1701 4448 ο
1720 4373 1774 4446 nel

275 4503 409 4602 giorno
441 4527 485 4596 25
518 4500 578 4576 del
607 4517 792 4590 comente,
823 4527 897 4576 non
926 4516 1076 4576 ostante
1103 4499 1140 4574 lo
1170 4500 1296 4573 studio
1333 4497 1431 4572 della
1466 4499 1577 4586 Rota,
1613 4501 1774 4573 essendo

274 4629 299 4703 il
328 4629 436 4703 detto
463 4629 598 4726 giorno
630 4649 674 4720 25
707 4625 730 4698 il
758 4627 904 4700 decimo
932 4625 1064 4722 quinto
1093 4627 1195 4722 dopo
1223 4623 1258 4698 le
1287 4625 1439 4721 dispute
1467 4623 1681 4721 pubbliche‚
1712 4625 1773 4697 che

276 4753 307 4828 si
333 4753 490 4826 iaranno
519 4753 579 4826 nel
607 4755 741 4850 giorno
776 4777 815 4824 11
850 4777 873 4825 o
901 4775 995 4846 pure
1013 4750 1266 4846 anticipand0,
1288 4751 1318 4824 si
1338 4749 1503 4823 facciano
1524 4748 1583 4822 nel
1603 4750 1770 4830 sabbato,

276 4904 301 4952 o
329 4877 426 4951 nella
455 4877 662 4951 Domenica
690 4877 929 4974 precedente,
959 4874 1143 4948 ancorche
1171 4876 1228 4948 cib
1256 4890 1412 4973 potesse
1439 4899 1569 4948 essere
1588 4893 1725 4948 contro
1741 4874 1772 4946 lo

277 5001 372 5087 stile,
403 5001 529 5074 dando
559 5001 642 5085 Noi,
674 5000 825 5099 quando
854 5026 900 5073 ve
929 5024 975 5074 ne
1003 5001 1057 5073 sia
1095 5000 1133 5073 di
1170 5000 1341 5097 bisogno,
1373 4999 1464 5098 ogni
1492 5016 1622 5072 nostra
1654 4999 1772 5072 Auto-

277 5125 346 5200 rita
361 5128 397 5198 di
413 5124 624 5224 derogarvi.
643 5125 716 5199 Noi
735 5124 908 5200 abbiamo
927 5124 1096 5199 assistito
1116 5139 1216 5198 sette
1235 5126 1321 5198 anni
1341 5124 1377 5197 in
1396 5124 1537 5221 qualital
1557 5123 1594 5196 di
1613 5123 1773 5222 Segreto

277 5250 350 5326 alla
377 5251 482 5325 felice
511 5251 691 5324 memoria
719 5249 779 5324 del
809 5249 1008 5324 Cardinale
1038 5250 1217 5346 Caprara,
1249 5251 1401 5345 quando
1438 5274 1504 5322 era
1542 5248 1706 5323 Uditore
1739 5247 1773 5318 di

277 5377 389 5463 Rota,
420 5376 468 5449 ed
496 5400 673 5449 eravamo
701 5401 750 5448 un
781 5375 943 5472 Segreto
970 5375 1040 5449 che
1068 5375 1222 5471 parlava
1250 5400 1272 5447 e
1305 5375 1484 5460 scriveva,
1519 5374 1568 5446 ed
1601 5374 1772 5448 abbiamo
