3720 5916
249 283 305 344 tre
884 281 1022 342 Saeculo
1040 281 1145 341 XVII

249 492 377 559 steret,
408 473 588 571 quodque
616 475 739 571 siqui
768 473 1025 572 supradictum
1053 489 1237 549 statutum
1257 498 1452 550 numerum
1473 476 1743 548 nominatorum

249 600 476 674 Auditorum
503 617 543 673 et
571 600 890 682 Locatenentium
911 597 1009 672 tales
1033 622 1120 672 esse
1148 598 1373 685 desinerent,
1395 616 1434 674 et
1462 597 1608 673 illorum
1628 595 1744 670 officia

116 817 121 824 Ι
246 724 282 798 ἰη
311 751 352 799 se
380 725 471 821 ipsis
499 725 661 798 extincta
690 725 839 822 penitus
858 741 989 800 essent
1005 741 1045 800 et
1063 749 1149 800 esse
1168 740 1422 810 censerentur,
1442 721 1589 819 illisque
1607 745 1746 822 aggre-

119 902 122 912 .
246 849 338 947 gari,
368 867 407 923 et
435 849 532 922 ultra
559 850 697 923 dictum
718 847 988 923 duodenarium
1017 873 1214 923 numerum
1233 848 1270 922 in
1291 847 1524 932 Auditorem,
1547 847 1605 921 vel
1631 847 1744 921 Loca·

245 989 436 1048 tenentem
463 973 610 1047 admitti
626 997 735 1048 nemo
749 987 893 1069 posset,
908 988 1023 1071 prout
1037 975 1073 1046 in
1093 974 1201 1050 dictis
1215 973 1346 1047 litteris
1370 973 1516 1070 plenius
1535 971 1745 1044 contineba-

247 1114 317 1182 tur,
329 1099 531 1172 attendens
546 1121 620 1172 non
634 1099 755 1172 minus
770 1113 883 1186 recte,
899 1121 1014 1194 quam
1029 1098 1245 1196 prudenter,
1262 1097 1365 1195 quod
1380 1097 1411 1170 si
1426 1094 1743 1193 quemadmodum

249 1225 473 1298 Auditorum
501 1239 540 1296 et
563 1223 877 1316 ,Locatenentium
905 1223 1127 1298 eorumdem
1155 1247 1332 1296 numerus
1361 1237 1442 1295 erat
1469 1221 1624 1318 provide
1652 1220 1744 1294 limi-

247 1365 358 1434 tatus,
380 1350 431 1421 ita
452 1349 598 1422 Notarii
617 1373 814 1422 causarum
829 1349 998 1422 eiusdem
1021 1347 1148 1424 Palatii
1167 1374 1295 1424 coram
1323 1347 1466 1422 eisdem
1496 1345 1743 1420 Auditoribus

246 1491 285 1549 et
313 1473 630 1548 Locatenentibus
658 1471 864 1548 scribentes
891 1488 995 1546 certo
1038 1474 1285 1548 determinato
1327 1496 1495 1556 numero,
1524 1470 1743 1546 eorumdem

246 1598 474 1673 Auditorum
501 1613 541 1672 et
569 1595 875 1672 Locatenentium
906 1621 1062 1671 numero
1090 1597 1423 1693 correspondente,
1453 1595 1743 1678 includerentur,

247 1725 395 1822 ipsique
411 1721 621 1820 Collegium
641 1720 920 1806 constituerent,
943 1740 982 1794 et
1001 1721 1244 1817 Apostolicae
1264 1720 1374 1795 Sedis
1394 1718 1583 1794 Officiales
1602 1736 1742 1806 essent,

248 1851 354 1924 acin
385 1846 688 1944 processionibus
715 1863 755 1919 et
782 1844 862 1919 aliis
891 1846 1047 1941 publicis
1074 1845 1229 1932 actibus,
1269 1847 1318 1920 ad
1346 1869 1442 1942 quas
1479 1845 1537 1918 alii
1575 1844 1744 1919 eiusdem

250 1974 360 2048 Sedis
389 1968 580 2046 Officiales
607 1971 805 2044 convocari
823 1985 1109 2056 consueverunt,
1140 1971 1377 2057 interessent,
1398 1993 1606 2068 eorumque
1625 1969 1743 2042 officia

248 2115 432 2197 perpetua
460 2097 673 2180 existerent,
704 2109 818 2168 etex
847 2112 903 2169 tot
931 2097 1136 2193 proborum
1165 2112 1204 2170 et
1230 2094 1436 2192 peritorum
1465 2094 1641 2167 Virorum
1669 2093 1744 2166 col-

248 2225 361 2322 legio,
392 2221 506 2296 Curia
534 2220 724 2317 praedicta
752 2219 950 2316 plurimum
979 2219 1236 2308 illustraretur,
1268 2221 1414 2319 ipsique
1443 2219 1587 2292 Notarii
1616 2243 1743 2315 quam·

249 2351 336 2424 dam
364 2347 517 2424 honoris
545 2361 584 2420 et
611 2343 804 2442 dignitatis
824 2343 1127 2443 praerogativam
1146 2371 1188 2419 se
1206 2359 1403 2420 assecutos
1422 2344 1511 2430 fore,
1532 2341 1743 2440 gauderent

250 2474 492 2568 mitioresque
519 2469 555 2542 in
582 2469 779 2564 exigendis
808 2469 944 2543 debitis
971 2495 1101 2544 eorum
1135 2469 1278 2543 salariis
1307 2493 1350 2542 se
1376 2468 1607 2567 litigantibus
1641 2466 1744 2542 exhi-

248 2603 338 2675 bere
365 2595 544 2683 valerent,
566 2593 669 2692 quod
687 2612 846 2669 eatenus
864 2596 1010 2692 absque
1028 2619 1158 2670 eorum
1178 2593 1413 2680 detrimento,
1435 2610 1474 2668 et
1493 2592 1598 2692 quod
1626 2593 1743 2668 officia

247 2726 413 2821 ipsorum
442 2719 588 2819 magnis
606 2745 690 2793 cum
710 2718 888 2815 impensis
908 2719 1090 2816 acquisita
1118 2721 1360 2815 temporibus,
1391 2734 1430 2794 et
1457 2718 1560 2793 brevi
1578 2718 1742 2813 quodam

248 2867 419 2944 tempore
447 2845 614 2944 peritura
640 2858 759 2930 erant,
799 2843 921 2918 facere
958 2869 1032 2918 non
1068 2860 1280 2941 potuerant,
1312 2861 1351 2918 et
1384 2831 1534 2918 exinde
1554 2843 1742 2942 litigantes

247 2974 318 3071 ipsi
346 2997 420 3045 non
463 2969 648 3044 modicum
689 2983 928 3066 reportarent
962 2992 1213 3065 expensarum
1255 2968 1509 3052 sublevamen,
1541 2985 1645 3042 motu
1673 2992 1742 3041 suo

247 3098 410 3196 proprio,
440 3119 485 3168 ac
512 3091 767 3190 irrefragabili,
796 3107 836 3167 et
863 3108 1049 3190 perpetuo
1076 3091 1235 3168 valitura
1261 3093 1538 3177 constitutione,
1576 3092 1739 3178 sancivit,

247 3221 377 3297 statuit
404 3235 444 3298 et
471 3211 667 3304 ordinavit,
698 3218 802 3312 quod
829 3217 878 3292 de
906 3234 1067 3302 caetero,
1097 3217 1292 3315 perpetuis
1324 3217 1457 3291 futuris
1492 3218 1736 3316 temporibus,

248 3371 425 3422 numerus
452 3344 636 3417 dictorum
665 3341 906 3422 Notariorum
936 3358 1040 3417 esset
1067 3343 1319 3442 quadraginta
1341 3359 1439 3428 octo,
1460 3367 1615 3416 numero
1640 3343 1741 3417 vide-

245 3475 332 3549 licet
358 3470 541 3546 dictorum
579 3467 803 3541 Auditorum
841 3483 880 3541 et
918 3468 1226 3542 Locatenentium
1263 3469 1394 3542 metito
1429 3468 1737 3562 correspondens,

246 3597 310 3694 qui
337 3596 386 3670 ad
414 3595 531 3668 instar
557 3591 714 3666 aliorum
743 3589 853 3665 Sedis
881 3592 1095 3688 praedictae
1124 3591 1346 3666 Officialium
1375 3590 1585 3689 Collegium
1605 3593 1741 3667 consti-

246 3734 405 3803 tuerent,
435 3715 615 3814 quodque
644 3741 691 3791 ne
717 3715 777 3802 illi,
799 3717 861 3812 qui
882 3716 930 3789 de
950 3717 1093 3790 Officiis
1114 3715 1354 3791 Notariorum
1368 3717 1587 3790 eorumdem
1614 3717 1742 3815 dispo-

247 3871 335 3921 nere
363 3859 520 3918 eatenus
548 3857 832 3928 consueverant,
861 3839 1006 3913 illorum
1036 3841 1281 3936 dispositione
1308 3841 1580 3928 fraudarentur,
1610 3857 1677 3917 aut
1693 3842 1740 3916 ad

246 3995 343 4070 quos
372 3970 538 4064 ipsorum
568 3967 786 4042 Officiorum
827 3964 1025 4061 dispositio
1066 3967 1255 4062 pertinere
1291 3967 1465 4052 debebat,
1494 3966 1650 4043 dubium
1677 3966 1742 4041 ali·

246 4093 348 4192 quod
376 4095 572 4190 insurgere
599 4092 752 4176 valeret,
792 4107 831 4163 et
861 4090 896 4162 in
933 4090 1097 4164 futurum
1139 4115 1187 4164 ex
1224 4091 1379 4189 singulis
1421 4106 1585 4187 quatuor
1611 4091 1740 4166 officiis

245 4218 478 4318 singulorum
505 4231 668 4313 quatuor
696 4215 939 4290 Notariorum
966 4237 1092 4289 coram
1123 4213 1278 4313 singulis
1306 4239 1354 4289 ex
1389 4214 1587 4290 duodecim
1622 4216 1740 4290 Audi-

244 4346 387 4420 toribus
407 4367 473 4417 seu
503 4340 820 4416 Locatenentibus
849 4340 1051 4437 praedictis
1072 4362 1141 4436 pro
1161 4356 1331 4436 tempore
1354 4340 1606 4428 scribentium,
1628 4365 1738 4414 unum

245 4468 406 4545 Romani
448 4466 644 4550 Pontificis,
687 4481 727 4540 et
767 4464 867 4540 aliud
909 4462 1224 4553 Vicecancellarii,
1268 4465 1368 4540 aliud
1409 4489 1499 4538 vero
1537 4465 1739 4540 Camerarii

246 4595 283 4670 S.
315 4594 360 4668 R.
391 4593 447 4678 E,
479 4607 518 4666 et
545 4591 729 4687 reliquum
750 4591 944 4666 Auditoris
963 4589 1083 4666 officia
1101 4589 1392 4686 appellarentur,
1414 4605 1454 4664 et
1472 4589 1739 4668 decedentibus

243 4720 428 4817 aliquibus
456 4744 503 4793 ex
531 4717 698 4793 Notariis
726 4716 948 4813 supradictis
978 4713 1037 4789 illa
1065 4741 1112 4790 ex
1139 4715 1269 4792 officiis
1289 4714 1532 4790 Notariorum
1552 4715 1603 4792 sic
1632 4716 1740 4792 dece-

245 4843 423 4930 dentium,
460 4867 558 4939 quae
596 4839 756 4915 Romani
799 4839 983 4914 Pontificis
1021 4865 1089 4936 per
1128 4841 1338 4914 Romanum
1378 4837 1603 4925 Pontificem,
1642 4867 1739 4941 quae

244 4967 544 5041 Vicecancellarii
571 4990 640 5061 per
669 4962 1030 5049 Vicecancellarium,
1060 4987 1104 5036 ac
1141 4963 1472 5060 quae·Camerarii
1507 4990 1576 5061 per
1604 4964 1740 5041 Came·

244 5092 391 5180 rarium,
423 5115 520 5190 quae
539 5113 629 5164 vero
657 5088 884 5163 Auditorum
913 5088 1032 5162 officia
1059 5089 1271 5163 extitissent
1298 5113 1367 5186 per
1394 5089 1601 5165 Auditores
1629 5117 1739 5187 prae-

244 5217 364 5292 dictos
392 5241 462 5313 pro
491 5233 662 5313 tempore
688 5215 894 5288 existentes
931 5211 1010 5286 aliis
1047 5213 1191 5289 idoneis
1233 5214 1502 5302 conferrentur,
1539 5239 1593 5300 ac,
1632 5217 1734 5301 alias,

244 5359 356 5440 prout
383 5342 420 5415 in
447 5340 579 5415 litteris
607 5337 774 5435 desuper
801 5337 979 5412 confectis
1007 5339 1120 5412 etiam
1149 5339 1295 5437 plenius
1323 5340 1543 5416 continetur.
