3720 5916
706 312 898 372 Innocentio
918 312 949 370 X
1524 311 1576 369 381

85 509 174 578 inter
202 503 379 578 Carolum
408 504 456 576 de
484 503 727 602 Lotharingia
755 520 794 577 et
822 503 1015 576 Nicoleam
1043 505 1123 578 eius
1152 528 1318 590 uxorem,
1350 503 1401 576 ita
1428 504 1579 576 iubente

86 630 335 713 Sanctissimo,
366 644 406 701 et
425 629 491 702 suit
511 627 717 702 resolutum
737 628 961 702 unanimiter
978 644 1151 702 constare
1171 629 1218 701 de
1236 627 1428 708 validitate
1457 627 1579 700 matri·

85 757 201 840 monii,
232 755 301 828 sed
330 754 434 850 quod
462 777 536 827 non
564 769 693 848 potest
722 753 878 848 exprimi
906 754 942 825 in
972 752 1173 826 Decisione
1201 750 1304 849 quod
1324 751 1474 824 Domini
1503 750 1579 824 lue-

85 895 164 952 runt
191 878 400 952 concordes
428 879 516 974 quia
544 877 832 973 propalarentur
858 894 947 951 vota
975 893 1105 950 contra
1133 877 1419 973 dispositionem
1450 876 1578 950 Bullae
1641 915 1647 928 ·

87 1003 224 1077 Urbani
251 1002 345 1089 Vlll,
377 1003 580 1076 iniunctum
609 1003 676 1075 luit
704 1001 1033 1075 Reverendissimo
1063 1003 1220 1075 Decano
1256 1017 1299 1073 ut
1332 1002 1452 1075 adiret
1489 1001 1578 1076 San·

85 1128 286 1201 ctissimum
314 1143 354 1202 et
380 1128 606 1201 notificando
626 1127 674 1200 illi
703 1125 969 1201 resolutionem
989 1142 1151 1222 captam,
1171 1126 1318 1200 audiret
1337 1151 1471 1199 sensus
1490 1127 1579 1200 San·

85 1252 218 1326 ctitatis
247 1253 347 1326 Suae
375 1277 491 1348 super
519 1251 582 1326 tali
610 1252 792 1349 qualitate
804 1251 860 1350 (Β).

821 1476 842 1518 tlt

791 1537 872 1580 tit*

546 1658 704 1732 Veneris
736 1684 782 1750 24
814 1626 972 1732 landarii
1006 1666 1116 1753 1653.

160 1819 273 1906 Rota,
298 1819 560 1913 praesentibus
576 1817 614 1891 X
635 1819 893 1898 Auditoribus.
910 1820 1067 1893 absente
1087 1834 1232 1892 tantum
1254 1818 1419 1893 Domino
1439 1819 1576 1915 Royas.

86 1943 174 2016 Rffrs
204 1943 382 2016 Decanus
410 1943 503 2016 dixit
530 1969 573 2018 se
606 2001 613 2018 .
646 2003 653 2018 .
687 2005 693 2018 .
724 1945 863 2018 adiisse
891 1943 1174 2018 Sanctissimum
1204 1943 1329 2038 illique
1368 1943 1579 2018 notificasse

84 2065 346 2141 resolutionem
375 2083 524 2164 captam
552 2068 586 2140 in
616 2094 731 2142 causa
749 2066 895 2144 Tullen.
919 2067 1145 2142 Matrimonii
1174 2067 1222 2141 ad
1251 2069 1417 2143 savorem
1448 2069 1577 2142 Ducis-

83 2215 144 2264 sae
173 2191 363 2276 Nicoleae,
394 2192 540 2266 nemine
569 2193 818 2289 discrepante,
848 2206 887 2266 et
915 2209 1129 2289 propterea,
1159 2209 1346 2289 quatenus
1384 2192 1579 2267 Sanctitati

84 2313 179 2389 Suae
208 2315 374 2414 placeret
400 2315 504 2411 quod
545 2317 581 2390 id
618 2319 890 2413 exprimeretur
927 2318 961 2389 in
991 2315 1190 2403 decisione,
1219 2316 1438 2414 dignaretur
1475 2319 1579 2390 dero·

83 2463 172 2536 gare
201 2439 483 2528 Constitutioni,
513 2443 599 2538 quia
627 2443 720 2515 alias
746 2442 924 2515 obstabat
943 2467 989 2514 ne
1018 2457 1107 2514 vota
1125 2441 1412 2537 publicarentur,
1445 2457 1484 2515 et
1503 2440 1579 2515 Sua

85 2563 269 2638 Sanctitas
297 2564 399 2638 venit
426 2567 462 2639 in
482 2567 708 2641 sententiam
728 2566 830 2662 quod
850 2567 1046 2664 expediret
1064 2565 1102 2638 id
1125 2566 1346 2664 exprimere.
1365 2567 1449 2640 Hac
1476 2590 1580 2641 occa-

85 2689 185 2762 sione
214 2689 313 2762 idem
342 2690 461 2763 Rrirus
486 2690 663 2764 Decanus
682 2707 938 2786 conquaestus
957 2689 1024 2762 luit
1042 2691 1144 2786 apud
1165 2690 1348 2767 Dominus
1369 2691 1473 2788 quod
1492 2708 1580 2764 ante

83 2812 266 2887 licentiam
294 2815 487 2888 obtentam
508 2839 531 2887 a
560 2813 748 2902 Pontifiee,
771 2815 844 2888 iam
873 2830 1001 2888 notum
1030 2831 1135 2888 esset
1154 2815 1189 2888 in
1211 2815 1324 2888 Curia
1344 2817 1447 2912 quod
1466 2842 1580 2890 causa

84 2935 201 3011 luerat
242 2939 465 3012 unanimiter
499 2937 684 3014 resoluta:
715 2929 778 3035 qui
806 2955 931 3013 autem
973 2938 1011 3011 id
1047 2939 1185 3025 lecerit,
1230 2964 1304 3038 ego
1333 2941 1477 3016 nescio:
1512 2941 1579 3014 sed

84 3063 254 3136 consulat
281 3061 530 3138 conscientiae
563 3089 665 3140 suae.

788 3365 878 3444 260.

86 3528 131 3600 Ia
158 3529 405 3626 Srgnatnram
431 3529 588 3602 alterari
618 3529 753 3602 natus
787 3528 1000 3601 accedebant
1024 3529 1096 3601 dna
1122 3529 1281 3601 sanr'aras
1308 3527 1518 3614 Andz‘toras,
1548 3537 1583 3600 ct

161 3655 229 3750 qui
252 3679 301 3727 ax
327 3654 378 3728 eis
405 3679 477 3728 nan
504 3663 595 3727 esset
620 3651 917 3746 Reserandarins
942 3654 1067 3750 agebat
1093 3653 1221 3751 Papae
1247 3652 1403 3726 licentia.

160 3809 276 3882 (Anca.
294 3809 382 3882 Ror,
406 3809 596 3868 «Dianium
617 3807 750 3880 Celsi»).

577 3999 704 4080 Luna‘e
740 4031 784 4081 10
814 4007 941 4080 Martii
974 4015 1084 4102 1653.

164 4274 205 4346 ln
239 4273 340 4348 dicta
373 4273 473 4347 Rota
510 4274 609 4348 idem
646 4275 765 4347 Reus
804 4274 980 4350 Decanus
1015 4277 1234 4352 relationem
1263 4279 1347 4352 lecit
1383 4279 1431 4352 de
1459 4279 1581 4353 causis
1615 4363 1625 4394 ι

85 4397 288 4495 propositis
316 4398 353 4472 in
381 4398 581 4496 Signatura
610 4399 788 4486 Iustitiae,
809 4416 848 4474 et
875 4403 963 4496 quia
980 4400 1134 4476 alternis
1162 4403 1302 4476 vicibus
1331 4402 1453 4476 solent
1481 4427 1581 4476 acce·

84 4521 173 4598 dere
202 4523 252 4597 ad
279 4523 522 4622 Signaturam
549 4525 625 4599 duo
652 4525 760 4620 primi
790 4525 1008 4612 Auditores,
1029 4541 1069 4601 et
1098 4527 1146 4600 D.
1168 4528 1296 4624 Royas
1324 4528 1484 4623 amplius
1509 4551 1581 4600 non

84 4647 291 4734 accederet,
330 4647 426 4722 idem
465 4648 643 4723 Decanus
678 4648 770 4722 dixit
801 4648 906 4746 quod
943 4650 991 4726 D.
1023 4650 1282 4749 Peutingerius
1315 4652 1380 4747 qui
1415 4651 1608 4732 succedit,

82 4771 117 4842 in
145 4773 287 4861 ordine,
318 4775 475 4848 deberet
498 4773 602 4847 adire
629 4773 787 4847 SSmum
808 4801 878 4872 pro
905 4776 1109 4850 obtinenda
1136 4777 1282 4850 licentia
1314 4776 1582 4850 interveniendi

84 4920 129 4968 ex
158 4922 238 4993 quo
266 4897 348 4994 ipse
375 4923 450 4972 non
478 4913 538 4973 est
566 4897 869 4973 Referendarius.
