3720 5916
243 363 298 422 384
868 363 1004 424 soeculo
1022 363 1128 424 XVII

242 559 499 657 assignaretur
525 584 617 634 vero
641 558 721 632 dies
743 582 792 632 20
812 559 1011 632 Advocato
1032 557 1291 632 Consistoriali
1309 583 1423 656 quarn
1442 585 1490 633 ex
1518 559 1745 634 necessitate
1852 593 1853 640 i

242 699 436 757 teneretur
461 699 670 780 acceptare,
700 707 749 756 ex
776 707 853 778 quo
890 681 1066 780 eligendo
1102 681 1201 756 diem
1239 683 1424 758 diversam
1453 705 1528 758 non
1557 683 1746 782 potuisset

242 806 385 906 ingredi
417 809 453 880 in
483 807 693 906 Collegium
722 823 810 882 ante
838 807 967 894 serias,
996 807 1065 914 sed
1093 821 1181 904 post
1217 808 1341 881 varias
1369 808 1534 883 rationes
1562 831 1608 882 ne
1635 807 1742 883 fieret
1852 777 1853 840 ἶ

242 932 365 1007 fabula
384 933 419 1005 in
449 931 592 1030 Populo
620 931 709 1031 quia
737 933 923 1030 agebatur
950 931 998 1005 de
1026 957 1066 1006 re
1093 932 1199 1037 parvi
1227 935 1417 1020 momenti,
1438 932 1507 1007 fuit
1534 933 1745 1007 resolutum
1852 989 1853 1026 2

242 1058 476 1155 quodetiam
506 1081 631 1132 coram
651 1057 832 1133 Testibus
860 1059 1013 1152 quando
1033 1057 1218 1132 Eusebius
1247 1056 1386 1132 rediret
1403 1058 1453 1132 ad
1473 1058 1521 1134 D.
1546 1058 1741 1132 Decanum

242 1207 312 1279 pro
340 1182 514 1258 habenda
541 1183 800 1279 responsione,
829 1181 971 1256 diceret
1006 1180 1054 1256 illi
1091 1180 1195 1278 quod
1232 1183 1333 1256 Rota
1368 1182 1440 1256 iarn
1474 1181 1645 1282 elegerat
1671 1208 1749 1280 pro

242 1309 320 1382 suis
348 1307 662 1404 disputationibus
691 1307 789 1381 diem
824 1329 867 1402 17
897 1307 999 1396 lunii,
1030 1323 1068 1381 et
1096 1307 1199 1405 quod
1226 1307 1355 1404 itaque
1382 1307 1520 1382 dictam
1547 1309 1645 1382 diem
1674 1307 1744 1384 eli·

241 1435 368 1532 gebat,
388 1450 427 1507 et
454 1433 506 1506 sic
525 1433 592 1506 init
619 1432 841 1507 adnotatum
870 1457 987 1530 super
1012 1432 1093 1507 eius
1117 1431 1338 1508 Memoriale
1365 1457 1432 1507 seu
1461 1432 1640 1508 schedula
1672 1458 1750 1530 per

242 1583 328 1631 eum
358 1558 588 1644 transmissa,
616 1573 655 1632 et
683 1580 757 1654 ego
786 1556 921 1653 scripsi
949 1559 986 1630 in
1014 1555 1091 1644 illa;
1122 1555 1174 1631 ita
1202 1555 1340 1632 facturn
1368 1556 1473 1633 luit.¹

953 1922 1042 2002 264.

250 2104 370 2178 Causa
400 2104 631 2178 nzatrimom'z'
658 2103 756 2177 inter
784 2101 925 2177 Ducem
961 2111 997 2176 et
1031 2101 1232 2176 Ducissam
1259 2101 1528 2202 Lotltaringziu
1559 2116 1632 2202 per
1653 2106 1752 2205 plus

322 2254 432 2326 quom
460 2251 507 2324 14
533 2253 650 2302 annos
669 2225 842 2326 pendidit
866 2229 906 2302 in
934 2227 1045 2302 Rota.

321 2404 437 2478 (Arcu.
456 2401 542 2476 Ros,
567 2402 757 2461 «Dr'arr‘um
778 2401 913 2470 Celsr'›).

693 2620 867 2695 Mercurii
896 2646 920 2714 4
949 2621 1141 2697 Februarii
1177 2630 1287 2720 1654.

321 2785 421 2860 Rota
449 2807 533 2857 cum
552 2779 725 2858 undecim
746 2782 1004 2856 Auditoribus.
1026 2783 1165 2857 Actum
1184 2783 1250 2858 suit
1265 2784 1313 2859 de
1335 2788 1585 2883 proponendo
1604 2787 1766 2864 iterum·

239 2933 356 3006 super
390 2907 543 3007 negotio
577 2904 783 3002 principali,
823 2931 975 2981 causam
1013 2905 1148 2982 Tullen
1186 2907 1414 2984 Matrimonii
1455 2911 1550 2986 inter
1593 2913 1748 2988 Ducem

242 3034 507 3132 Lotharingiae
534 3047 573 3106 et
602 3031 801 3105 Ducissam
832 3029 1036 3118 Nicoleam,
1067 3032 1137 3106 sed
1164 3034 1252 3130 quia
1279 3049 1421 3140 εἴση...
1852 3003 1853 3016 ¹

978 3277 999 3320 δὲ

949 3339 1029 3382 2*

695 3470 858 3550 Veneris
888 3481 911 3548 6
941 3474 1135 3551 Februarii
1169 3483 1280 3571 1654.
1354 3551 1357 3558 .

322 3655 409 3728 Fuit
444 3654 544 3727 Rota
578 3652 760 3726 inculcata
797 3677 881 3724 cum
919 3655 1130 3728 interventu
1168 3655 1334 3730 omnium
1363 3657 1564 3734 Aditorum
1592 3667 1645 3734 n.⁰
1679 3687 1745 3737 rr.

222 3781 288 3856 ‘D.
321 3778 579 3877 Peutingerius
607 3779 783 3872 exposuit
810 3801 944 3851 causas
973 3779 1192 3876 propositas
1219 3781 1255 3854 in
1275 3781 1478 3880 Signatura
1505 3785 1671 3860 iustitiae
1701 3805 1751 3862 et.

240 3903 472 4002 Albergatus
501 3925 542 3975 se
569 3899 802 3999 alloquutum
837 3902 950 3976 luisse
985 3903 1096 3980 Card.
1128 3905 1234 3979 Ghis.
1264 3931 1380 4004 super
1407 3933 1559 3986 causam
1588 3911 1744 3986 Tullen.

241 4026 478 4112 Matrimonii,
509 4041 549 4100 et
574 4028 623 4101 ab
650 4051 697 4101 eo
735 4045 951 4122 reportasse
980 4053 1214 4125 responsum,
1244 4031 1349 4125 quod
1370 4033 1636 4110 Sanctissimus
1663 4061 1744 4112 non

196 4245 199 4250 Ι
238 4150 456 4229 intendebat
483 4151 610 4226 lavere
638 4150 759 4248 magis
789 4152 850 4224 uni
868 4175 981 4247 quam
1001 4151 1109 4227 alteri
1128 4153 1238 4240 Parti,
1256 4156 1325 4228 sed
1344 4157 1448 4252 quod
1475 4163 1749 4236 tantummodo

241 4279 446 4354 reducebat
472 4277 520 4349 in'
536 4273 757 4350 memoriam
786 4275 998 4370 Tribunalis
1026 4279 1129 4374 quod
1159 4278 1372 4355 huiusmodi
1399 4306 1516 4356 causa
1541 4283 1609 4357 luit
1638 4309 1745 4360 corn-

239 4404 355 4477 missa
382 4403 419 4474 in
457 4401 557 4476 Rota
593 4425 616 4473 a
650 4424 695 4493 14
732 4400 880 4476 circiter
905 4401 1024 4488 annis,
1055 4401 1183 4500 ibique
1219 4402 1281 4477 diu
1319 4403 1485 4504 agitata;
1519 4407 1556 4482 in
1592 4409 1749 4507 reliquo

238 4529 371 4603 eadem
400 4527 500 4600 Rota
527 4522 751 4620 procederet
778 4526 938 4599 servatis
967 4527 1182 4616 servandis:
1220 4529 1308 4625 quia
1335 4529 1413 4604 Sua
1445 4530 1634 4608 Sanctitas
1662 4561 1746 4610 non

238 4652 457 4728 intendebat
484 4647 588 4744 quod
617 4650 858 4723 innovaretur
885 4650 1004 4747 stylus
1024 4651 1248 4727 Tribunalis.
1270 4653 1382 4728 Unde
1406 4655 1559 4730 Domini
1586 4659 1746 4734 ordina-

239 4795 326 4851 runt
344 4775 448 4872 quod
467 4776 502 4847 in
532 4772 707 4870 sequenti
727 4774 827 4848 Rota
845 4792 1122 4871 proponeretur
1141 4777 1327 4855 Dubium:
1357 4781 1419 4852 An
1438 4796 1543 4856 esset
1560 4783 1742 4858 standum

239 4901 298 4978 vel
327 4899 579 4974 recedendum
607 4923 630 4972 a
658 4897 844 4974 decisis...

318 5176 326 5208 ¹
347 5173 470 5232 Eadem
481 5172 627 5248 quaestio
638 5170 746 5229 acrius
759 5169 895 5229 excitata
909 5171 965 5229 luit
978 5186 1065 5229 anno
1076 5172 1258 5247 insequenti
1271 5175 1336 5232 1654
1349 5175 1389 5233 de
1407 5191 1520 5236 mense
1538 5177 1625 5237 Maio
1635 5193 1742 5254 quum

237 5264 388 5323 dominus
406 5262 590 5332 Glasianus,
608 5275 713 5318 novus
726 5259 914 5318 Advocatus
932 5257 1182 5333 Consistorialis,
1196 5262 1282 5322 diem
1301 5263 1526 5339 disputationis
1544 5283 1610 5326 non
1628 5268 1743 5328 audita

238 5355 320 5413 Rota
339 5351 531 5427 praefinivit.
545 5349 592 5409 Ita
605 5349 684 5408 haec
697 5350 918 5407 controversia
937 5349 970 5408 in
989 5350 1124 5424 longum
1143 5361 1174 5409 et
1193 5353 1227 5410 in
1243 5354 1367 5410 maiora
1384 5354 1494 5430 abivit,
1507 5363 1541 5415 ut
1553 5357 1744 5418 videbimus

234 5445 268 5502 in
287 5443 496 5516 sequentibus
514 5437 788 5499 Adnotationibus
807 5436 903 5497 huius
922 5439 1108 5498 voluminis.
