3720 5916
735 323 865 384 Urbano
885 325 968 385 VIII
1540 323 1595 382 363

98 542 211 614 supra
240 517 381 590 dictum
413 533 482 602 est,
514 520 548 591 in
578 517 789 603 Auditorio,
821 541 888 590 seu
918 542 1124 615 congressu
1154 517 1338 591 dictorum
1367 516 1594 591 Auditorum

97 657 256 717 tractata
282 657 322 715 et
351 642 449 716 dicta
476 643 621 728 luerint,
652 658 717 715 aut
754 667 853 738 quae
882 641 1147 718 resolutionem
1176 666 1385 728 causarum,
1414 657 1454 714 et
1482 666 1592 740 nego·

96 769 247 853 ciorum,
283 783 325 840 ut
356 767 578 863 praefertur,
612 767 884 862 impediverint,
914 766 974 840 vel
1004 767 1268 863 promoverint,
1299 765 1593 861 quomodolibet,

96 893 207 965 etiam
237 893 427 966 minimum
447 890 509 965 ulli
536 894 689 966 omnino
708 916 897 988 personae
925 891 1076 976 directe,
1098 890 1158 964 vel
1186 892 1376 977 indirecte,
1399 892 1517 965 verbo
1535 889 1595 964 vel

96 1016 246 1112 scripto,
282 1033 350 1090 aut
382 1015 456 1089 alio
487 993 770 1113 quoquomodo,
801 1031 842 1089 ut
873 1015 1135 1111 praemittitur,
1165 1015 1389 1111 patefacere,
1418 1013 1592 1099 indicare,

96 1153 134 1212 et
160 1139 371 1239 significare
391 1141 531 1236 pariter
558 1138 732 1226 audeant,
754 1139 813 1212 vel
833 1153 1054 1236 presumant
1081 1143 1152 1214 sub
1175 1139 1309 1235 poenis
1336 1140 1525 1235 praelatis,
1547 1165 1594 1214 eo

96 1266 177 1359 ipso
206 1264 449 1351 incurrendis,
480 1263 682 1360 modoque,
711 1279 750 1338 et
778 1264 897 1338 forma
925 1263 1155 1360 praemissis,
1178 1265 1229 1338 ita
1246 1279 1290 1337 ut
1307 1263 1419 1338 etiam
1449 1264 1485 1336 in
1512 1263 1595 1338 loro

94 1391 344 1465 conscientiae
364 1388 484 1464 solum
503 1416 526 1466 a
547 1390 664 1464 Nobis
683 1406 723 1467 et
742 1391 916 1467 Romano
940 1389 1127 1478 Pontifice,
1149 1407 1192 1465 ut
1210 1390 1428 1486 praefertur,
1450 1389 1594 1466 absolvi

95 1516 252 1611 possint,
283 1513 451 1590 similiter
479 1541 527 1588 ex
555 1540 662 1600 nunc,
693 1531 815 1610 prout,
834 1515 1052 1613 'postquam
1080 1539 1262 1613 praesens
1290 1528 1419 1589 nostra
1448 1515 1595 1589 Consti-

95 1641 188 1715 tutio
215 1642 266 1714 ad
293 1665 425 1714 eorum
454 1641 621 1714 notitiam
649 1640 813 1714 deducta
840 1641 961 1726 suerit,
990 1657 1177 1736 perpetuo
1204 1639 1458 1736 prohibemus.

172 1765 331 1861 Insuper
366 1781 407 1838 ut
442 1789 585 1851 omnes,
622 1779 661 1838 et
695 1764 832 1863 singuli
868 1765 1075 1838 Auditores
1109 1764 1329 1850 huiusmodi,
1372 1780 1594 1860 praesentes

93 1891 243 1987 quidem
273 1890 399 1964 statim
436 1906 526 1985 post
552 1890 706 1964 huiusce
741 1905 894 1965 nostrae
923 1888 1212 1963 Constitutionis
1241 1886 1591 1986 promulgationem,

95 2016 235 2110 posteri
262 2039 363 2102 vero,
393 2032 596 2111 antequam
624 2015 904 2112 possessionem
933 2015 1043 2090 officii
1061 2015 1257 2088 Auditoris
1285 2015 1497 2088 huiusmodi
1514 2015 1595 2088 adi·

94 2142 295 2234 piscantur,
324 2142 359 2214 in
390 2143 561 2216 manibus
590 2166 661 2238 pro
689 2158 860 2237 tempore
887 2133 1083 2215 existentis
1110 2141 1149 2216 S.
1172 2142 1218 2215 R.
1241 2139 1432 2214 Ecclesiae
1461 2139 1592 2214 Cardi-

95 2267 185 2340 nalis
223 2265 534 2350 Vicecancellarii,
575 2291 643 2340 nec
680 2291 752 2339 non
790 2267 878 2340 dicti
915 2265 1123 2339 Adiutores
1161 2266 1283 2348 studii,
1324 2264 1462 2341 scilicet
1498 2291 1594 2338 unus

95 2391 257 2465 Adiutor
275 2415 345 2488 pro
365 2392 533 2488 quolibet
552 2391 748 2476 Auditore,
771 2417 837 2464 seu
862 2392 1170 2476 Locumtenente,
1191 2407 1231 2464 et
1259 2389 1378 2463 altera
1398 2389 1595 2464 dumtaxat

95 2541 267 2611 persona,
298 2517 402 2590 cuius
430 2541 548 2613 opera
576 2518 664 2591 dicti
691 2518 907 2602 Auditores,
938 2531 978 2589 et
1005 2517 1281 2591 Locatenentes
1318 2517 1354 2589 in
1392 2514 1590 2598 studendo,

95 2655 135 2712 ut
161 2641 384 2737 praefertur,
414 2657 570 2715 utuntur
598 2643 633 2714 in
662 2643 833 2714 manibus
857 2666 1011 2715 suorum
1041 2642 1248 2738 respective
1267 2639 1504 2726 Auditorum,
1527 2665 1594 2714 seu

97 2765 416 2854 Locatenentium,
449 2791 533 2841 sese
561 2765 656 2839 hanc
682 2783 849 2840 nostram
869 2765 1189 2840 Constitutionem
1217 2767 1265 2839 ad
1285 2789 1448 2862 unguem
1468 2765 1593 2838 obser-

96 2907 250 2965 vaturos
278 2890 410 2977 iurent,
441 2908 480 2964 et
507 2891 631 2964 iurare
659 2907 870 2978 teneantur,
901 2914 1070 2964 necnon
1100 2906 1141 2963 ut
1173 2889 1374 2986 quotannis
1411 2891 1446 2962 in
1475 2891 1593 2986 prima

97 3015 193 3090 Rota
230 3017 372 3094 mensis
410 3016 599 3099 Octobris,
629 3015 781 3110 quando
817 3031 990 3089 caeterae
1019 3015 1319 3090 Constitutiones
1350 3015 1590 3112 apostolicae,

95 3141 230 3214 dictum
261 3139 442 3214 Tribunal
468 3156 747 3226 concernentes,
770 3139 846 3238 legi
873 3140 1006 3224 solent,
1028 3141 1141 3213 etiam
1170 3141 1261 3213 haec
1289 3155 1418 3213 nostra
1447 3139 1593 3213 Consti·

95 3264 186 3338 tutio
214 3289 301 3338 cum
329 3265 398 3338 illis
427 3267 585 3362 legatur,
616 3289 659 3338 ac
688 3282 729 3337 ut
747 3263 916 3338 eiusdem
946 3264 1235 3339 Constitutionis
1263 3264 1372 3360 copia
1399 3263 1433 3336 in
1462 3262 1594 3339 biblio-

96 3389 220 3477 thecis,
263 3415 330 3464 seu
367 3389 457 3464 locis
494 3389 608 3464 studii
643 3390 817 3463 ordinarii
855 3390 1082 3464 Auditorum
1115 3390 1380 3486 praelatorum,
1417 3390 1511 3462 itaut
1544 3390 1593 3465 ab

94 3517 277 3599 omnibus,
298 3539 396 3610 quos
416 3515 476 3586 illa
503 3514 702 3600 concernit,
724 3515 809 3614 legi,
832 3539 900 3588 nec
927 3514 1023 3588 illius
1052 3516 1263 3615 ignorantia
1290 3515 1412 3589 abeis
1438 3513 1593 3613 allegari

94 3655 217 3734 queat,
249 3640 385 3736 palam,
417 3659 457 3713 et
483 3639 566 3713 loco
595 3641 798 3738 conspicuo
826 3640 938 3736 affigi,
969 3655 1009 3712 et
1043 3641 1219 3714 continuo
1251 3639 1363 3713 affixa
1400 3664 1593 3713 remanere

95 3763 232 3840 debeat
259 3765 445 3852 volumus
476 3767 686 3847 statuimus,
716 3781 756 3838 et
782 3765 1011 3850 ordinamus

169 3907 470 3988 praesentesque
485 3891 640 3976 litterae,
657 3906 695 3962 et
711 3890 745 3962 in
761 3891 814 3962 eis
835 3905 1011 3963 contenta
1030 3914 1290 3986 quaecumque
1311 3890 1411 3963 nullo
1427 3914 1592 3986 unquam

94 4029 265 4110 tempore
294 4015 342 4087 de
371 4015 634 4112 subreptionis,
665 4013 898 4110 obreptionis
930 4030 996 4087 aut
1032 4012 1210 4088 nullitatis
1246 4015 1346 4102 vitiu,
1378 4015 1436 4088 vel
1474 4018 1594 4088 inten-

94 4138 202 4213 tionis
241 4155 404 4226 nostrae,
434 4155 500 4212 aut
535 4140 608 4213 alio
645 4163 884 4235 quocumque
921 4139 1069 4213 delectu
1107 4140 1238 4226 notari,
1276 4139 1498 4238 impugnari,
1533 4137 1593 4212 vel

96 4263 282 4362 redargui,
303 4279 369 4337 aut
395 4264 430 4336 in
460 4265 528 4350 iuS,
549 4261 608 4336 vel
636 4264 931 4337 controversiam
951 4264 1128 4349 revocari,
1149 4263 1209 4337 vel
1236 4263 1285 4337 ad
1305 4265 1483 4338 terminos
1503 4265 1592 4336 iuris

95 4388 220 4461 reduci
249 4413 373 4485 posse,
407 4388 475 4462 sed
511 4387 590 4462 illas
624 4413 775 4484 semper
811 4387 964 4476 validas,
995 4389 1134 4477 firmas,
1163 4406 1203 4462 et
1229 4388 1401 4462 efficaces
1429 4388 1591 4462 existere

93 4527 129 4583 et
159 4512 248 4600 sore,
280 4528 318 4587 et
345 4513 393 4588 ab
421 4515 593 4587 omnibus
613 4539 711 4611 quos
739 4511 821 4586 illae
850 4530 1089 4596 concernunt,
1120 4531 1306 4610 perpetuo
1335 4511 1592 4587 inviolabiliter

92 4636 305 4710 observari:
345 4639 472 4736 sicque
509 4664 577 4736 per
609 4663 868 4734 quoscumque
896 4639 1036 4713 iudices
1064 4639 1282 4724 ordinarios,
1313 4654 1352 4711 et
1379 4638 1589 4736 delegatos,

92 4762 203 4836 etiam
232 4763 423 4862 praelatos
453 4765 667 4848 Auditores,
698 4779 737 4837 et
765 4763 1053 4851 Locatenentes,
1082 4781 1122 4838 et
1150 4765 1187 4840 S.
1219 4766 1263 4838 R.
1295 4765 1339 4838 E.
1371 4763 1590 4838 Cardinales

93 4887 205 4961 etiam
233 4888 280 4961 de
308 4889 426 4963 latere
453 4889 613 4987 legatos,
644 4904 683 4962 et
710 4889 865 4984 quosvis
892 4887 986 4963 alios
1015 4913 1251 4986 quacumque
1279 4888 1502 4962 auctoritate
1526 4889 1591 4961 lul·

92 5027 238 5108 gentes,
259 5013 372 5088 etiam
393 5014 700 5088 Poenitentiarios
731 5037 836 5098 nunc,
858 5029 897 5086 et
917 5039 986 5110 pro
1014 5028 1185 5110 tempore
1204 5015 1421 5098 existentes,
1442 5013 1590 5087 sublata

92 5137 158 5219 eis,
178 5153 217 5210 et
245 5149 375 5212 corum
403 5139 554 5212 cuilibet
571 5139 704 5236 quavis
723 5139 832 5212 aliter
851 5139 1045 5223 iudicandi,
1067 5156 1107 5212 et
1125 5137 1395 5236 interpretandi
1415 5137 1589 5211 facultate

93 5277 133 5334 et
158 5265 391 5351 auctoritate,
413 5263 566 5337 iudicari
593 5278 632 5336 et
659 5263 801 5336 definiri
830 5264 979 5348 debere,
1000 5289 1044 5337 ac
1072 5263 1214 5337 irritum
1243 5280 1281 5337 et
1310 5264 1428 5350 inane,
1451 5263 1590 5359 siquid

97 5409 204 5458 secus
221 5412 245 5460 a
263 5411 465 5484 quoquam,
488 5387 622 5484 quavis
636 5387 871 5472 auctoritate,
892 5389 1053 5460 scienter
1071 5387 1128 5460 vel
1145 5389 1370 5485 ignoranter,
1394 5387 1591 5484 contigerit
