3708 5918
234 299 270 358 78
856 295 993 356 Soeculo
1011 293 1099 356 XIV

234 489 344 563 Rom.
376 488 489 562 Curia
506 489 716 574 audientes,
747 512 813 560 seu
844 489 956 562 etiam
985 487 1157 573 audituri,
1187 487 1399 562 aNotariis
1426 488 1503 562 suis
1531 488 1568 559 in
1596 487 1739 561 eisdem
1848 483 1849 490 '

233 615 356 688 causis
384 616 631 689 iuramentum
653 614 833 710 recipiant
861 613 964 688 iuxta
992 613 1143 697 formas,
1173 614 1311 710 quibus
1339 613 1461 686 iurare
1481 615 1623 686 debent
1653 611 1740 686 dicti

233 739 441 814 Auditores
469 757 507 812 et
527 740 673 814 Notarii
693 736 822 811 Palatii
841 736 1052 834 Apostolici
1071 763 1140 835 per
1159 737 1254 826 Nos,
1285 751 1327 811 ut
1354 739 1615 834 praemittitur,
1646 735 1740 812 ordi·

236 880 356 950 natas,
388 866 423 937 in
452 880 633 961 quantum
664 878 797 960 tanget
824 863 943 936 officia
972 888 1115 939 eorum.

316 995 334 1088 ᾖ
374 994 434 1084 38.
463 991 569 1076 Item,
609 993 808 1065 statuimus
843 1004 883 1064 et
919 989 1136 1062 ordinamus
1170 990 1275 1084 quod
1311 989 1480 1086 praelata
1514 989 1586 1063 alia
1614 988 1741 1084 quoad

237 1135 402 1199 munera,
433 1116 532 1189 dona
568 1131 608 1188 et
644 1115 753 1190 xenia
780 1133 851 1190 etc.
882 1114 1129 1213 (observentur
1164 1140 1189 1186 a
1225 1115 1352 1188 ceteris
1387 1114 1575 1200 indicibus,
1608 1113 1745 1212 pronti

235 1239 280 1314 ab
307 1241 397 1339 ipsis
425 1239 669 1314 Andz'toribns
696 1265 896 1314 causarum
923 1237 1091 1335 Palatii).
1260 1333 1261 1336 Ἴ

316 1366 335 1460 ᾗ
365 1387 427 1456 39.
457 1363 512 1436 Ut
538 1363 652 1462 igitur
679 1364 935 1438 ordinationes
968 1379 1007 1435 et
1030 1365 1185 1436 ‘statuta
1223 1379 1352 1436 nostra
1380 1361 1603 1469 huiusmodi,
1642 1384 1741 1457 quae

234 1488 428 1585 perpetuis
456 1487 588 1561 futuris
616 1489 850 1584 temporibus
878 1486 1058 1560 duratura
1086 1511 1296 1570 censemus,
1326 1487 1584 1561 inviolabiliter
1611 1487 1743 1560 obser-

235 1629 379 1699 ventur,
410 1627 450 1686 et
476 1637 524 1686 ne
551 1612 613 1686 illa
631 1614 681 1687 ob
700 1613 902 1688 memoriae
930 1612 1148 1686 labilitatem
1177 1612 1362 1686 humanae
1390 1610 1572 1699 oblivioni¹
1592 1610 1740 1696 dentur,

236 1755 275 1812 et
301 1737 413 1811 etiam
443 1754 484 1811 ut
504 1737 709 1811 Auditores
736 1753 775 1810 et
794 1735 940 1810 Notarii
968 1736 1164 1832 praelibati
1192 1761 1260 1832 per
1288 1735 1563 1810 ordinationum
1592 1752 1631 1808 et
1663 1750 1742 1808 sta·

237 1875 403 1936 tutorum
431 1861 637 1935 eorundem
665 1861 933 1958 inspectionem
962 1860 1151 1935 assiduam
1179 1863 1276 1934 circa
1304 1885 1434 1933 eorum
1464 1858 1740 1934 obsewantiam

237 1988 416 2060 attentius
443 2003 483 2060 et
509 1986 724 2084 vigilantius
752 1986 827 2060 sint
857 1987 1003 2073 attenti,
1033 1986 1206 2060 volumus
1234 2000 1275 2058 et
1302 1985 1500 2058 statuimus
1528 2000 1570 2057 ut
1598 2000 1740 2056 statuta
1788 2013 1798 2038 ·
1842 1978 1843 1982 ’

237 2127 367 2185 nostra
394 2111 606 2186 huiusmodi
635 2111 683 2184 de
709 2113 826 2185 verbo
854 2112 903 2186 ad
930 2113 1085 2186 verbum
1119 2111 1155 2183 in
1185 2109 1439 2185 Cancellariae
1459 2125 1499 2184 et
1525 2107 1741 2206 praedictae

238 2237 464 2311 Audientiae
493 2236 700 2310 litterarum
730 2251 942 2311 nostrarum
978 2237 1157 2332 regestris
1192 2259 1240 2308 ex
1267 2236 1415 2332 integro
1443 2233 1738 2307 conscribantur.

318 2364 419 2459 §40.
450 2357 642 2464 Quodque
671 2361 707 2433 in
734 2359 889 2457 singulis
917 2361 1034 2444 annis,
1065 2362 1101 2433 in
1127 2360 1297 2434 kalendis
1326 2358 1504 2445 octobris,
1533 2357 1592 2433 vel
1620 2355 1741 2452 prima

238 2485 433 2582 sequentis
455 2485 669 2575 audientiae
688 2485 759 2572 die,
776 2487 806 2558 si
826 2486 961 2560 festum
981 2486 1093 2560 suerit
1112 2486 1171 2559 die
1190 2484 1432 2559 kalendarum
1452 2483 1627 2578 ipsarum,
1644 2479 1740 2554 ordi·

237 2611 408 2684 nationes
437 2627 476 2684 et
503 2625 647 2684 statuta
675 2609 891 2700 huiusmodi¹
905 2611 1080 2709 legantur
1108 2610 1324 2684 solemniter
1353 2606 1389 2679 in
1415 2605 1605 2680 audientia
1628 2629 1738 2701 prae-

239 2737 363 2811 libata.
385 2736 435 2808 Et
452 2734 608 2830 quilibet
627 2736 839 2808 auditorum
868 2751 907 2808 et
934 2735 1164 2809 notariorum
1184 2735 1351 2831 ipsorum
1376 2756 1494 2828 penes
1523 2755 1564 2804 se
1592 2731 1738 2826 copiam

238 2876 436 2936 conservet
462 2875 502 2933 et
529 2859 666 2934 babeat
692 2861 923 2936 eorumdem.
1027 2849 1030 2856 λ

319 2987 337 3080 ξ
366 2982 469 3079 41.³³‘
498 2982 598 3056 Nulli
625 3007 720 3082 ergo
747 2987 898 3060 omnino
926 2983 1116 3059 hominum
1144 2982 1252 3058 liceat
1270 2983 1365 3056 hanc
1394 2980 1572 3078 paginam
1599 2995 1671 3052 etc.

955 3314 1019 3391 51.

242 3497 281 3567 A
312 3492 475 3567 Iohanne
506 3491 647 3568 XXII
674 3494 778 3566 sacri
802 3493 945 3590 palatii
974 3493 1163 3592 apostolici
1194 3516 1393 3566 causarum
1427 3490 1630 3564 Audr'torrs
1664 3517 1738 3564 non

346 3626 579 3692 accensentur
615 3618 713 3690 inter
750 3618 799 3692 R.
829 3617 1030 3708 Pontzflcis,
1063 3643 1126 3691 seu
1152 3615 1380 3716 Apostolicar
1406 3615 1513 3689 Sedis
1545 3613 1738 3712 Offictizles,

348 3769 371 3816 a
399 3743 526 3816 ceteris
556 3741 766 3841 Capellanzs
791 3742 962 3818 disnncn'.

347 3914 485 3990 (Consus
508 3913 595 3974 Iunis
618 3911 783 3988 canonici,
810 3913 949 3973 Extrav.
976 3914 1110 3988 Comm,
1133 3913 1205 3973 libr.
1225 3913 1253 3988 1,
1271 3915 1319 3973 tir.
1338 3913 1401 3985 III,
1419 3921 1489 3989 cap.
1508 3914 1530 3974 I
1534 3913 1564 3974 V
1576 3913 1651 3974 edit.
1668 3915 1741 3988 cita.

349 4089 416 4163 Ex
442 4091 557 4165 debito
584 4091 784 4189 pastoralis
812 4091 933 4179 officii,
959 4092 1077 4178 nobis,
1099 4110 1331 4188 quamquam
1354 4091 1558 4178 immeritis,
1574 4117 1741 4189 superna

240 4214 486 4310 dispositione
513 4216 712 4300 commissi,
743 4214 917 4313 periculis
945 4217 1152 4289 animarum
1171 4232 1210 4289 et
1228 4213 1468 4289 ecclesiarum
1488 4239 1532 4289 ac
1552 4233 1742 4290 monaste-

241 4339 379 4412 riorum
407 4340 622 4436 dispendiis,
663 4365 738 4436 que
775 4343 825 4415 ob
859 4340 1026 4436 ipsorum
1055 4339 1269 4414 vacationes
1297 4341 1461 4414 diutinas
1493 4341 1583 4437 ipsis
1618 4341 1741 4414 solent

242 4463 473 4558 frequentius
501 4453 708 4562 provenire,
739 4465 917 4564 congruis
946 4463 1120 4538 remediis
1145 4465 1342 4561 (quantum
1362 4466 1470 4539 nobis
1489 4491 1536 4538 ex
1555 4465 1632 4538 alto
1652 4491 1741 4540 con-

240 4587 397 4686 ceditur)
425 4588 624 4702 salubritgr
651 4615 846 4665 occurrere
883 4591 1132 4676 intendentes,
1164 4604 1206 4662 ut
1233 4589 1389 4664 celerius
1418 4606 1457 4664 et
1491 4589 1616 4663 utilius
1652 4615 1742 4686 pro·

243 4713 414 4786 videatur
441 4714 608 4788 ecclesiis
641 4741 685 4790 ac
720 4715 955 4788 monasteriis
991 4713 1199 4802 antedictis,
1229 4731 1269 4786 et
1304 4730 1347 4788 ut
1375 4715 1547 4789 Romane
1583 4714 1741 4788 ecclesie

243 4861 318 4931 que
336 4862 452 4934 super
470 4838 573 4935 ipsas
591 4838 767 4912 ecclesias
785 4863 830 4913 ac
849 4839 1076 4912 monasteria
1106 4863 1154 4911 ex
1177 4837 1300 4911 divina
1327 4841 1542 4935 provisione
1569 4839 1740 4913 obtinere

243 4961 476 5060 dignoscitur
508 4965 767 5060 principatum,
807 4963 927 5036 honor
955 4963 1104 5037 debitus
1140 4964 1397 5059 impendatur:
1427 4965 1741 5061 predecessorum

244 5102 457 5162 nostrorum
486 5090 743 5162 Romanorum
772 5087 1000 5174 Pontificum,
1031 5088 1229 5183 presertim
1257 5086 1317 5164 fel.
1349 5088 1493 5163 record.
1517 5087 1636 5162 Bonis.
1655 5088 1740 5162 Vlll

244 5214 308 5308 qui
340 5213 555 5311 dignitates,
596 5230 833 5310 personatus,
863 5211 1050 5299 ecclesias,
1082 5229 1120 5285 et
1157 5213 1225 5287 alia
1263 5213 1514 5288 ecclesiastica
1548 5211 1737 5301 beneficia,

245 5355 284 5412 et
312 5337 494 5412 Clement.
524 5336 560 5407 V
588 5339 652 5433 qui
679 5354 756 5412 tam
786 5335 998 5412 huiusmodi
1034 5336 1249 5435 dignitates
1279 5353 1517 5435 personatus,
1548 5335 1737 5425 ecclesias,
