3720 5916
857 299 994 359 Soeculo
1012 299 1044 358 X
1053 299 1118 359 VII

942 631 1030 710 213.

230 793 322 865 Post
348 794 615 867 coronationem
642 794 730 866 novi
756 792 947 888 Pontificio
967 795 1098 892 prim
1127 793 1225 866 Rota
1252 792 1397 866 debebat
1420 819 1495 866 csso
1527 793 1732 866 Memoria·

311 917 399 989 lium
427 918 496 990 etsi
520 918 617 990 alios
643 917 821 991 debuo'ssel
846 943 919 990 csso
947 918 1157 992 dubiorum.

312 1075 427 1148 (Anca.
447 1075 533 1146 Ros..
556 1075 777 1135 «Extractum
796 1075 917 1134 Diarae'i
935 1076 1111 1146 Coccim'»).

636 1278 710 1350 Die
739 1277 881 1363 Lunae,
919 1299 960 1370 15
993 1276 1177 1361 februarii,
1215 1283 1325 1350 1621.

320 1465 403 1514 112.
434 1440 495 1513 De
523 1439 621 1536 stylo
651 1439 774 1511 Rotae
805 1437 970 1512 debebat
1004 1437 1081 1511 fieri
1111 1437 1211 1511 Rota
1239 1435 1514 1510 Memorialium
1555 1458 1655 1531 quae
1690 1433 1734 1507 fit

232 1588 383 1661 semper
411 1579 500 1659 post
528 1562 821 1637 Coronationem
850 1560 993 1635 Summi
1023 1560 1220 1648 Pontificis,
1241 1560 1328 1634 licet
1350 1558 1442 1633 alias
1469 1561 1629 1634 deberet
1645 1583 1734 1632 esse

232 1689 332 1763 Rota
363 1689 591 1775 Dubiorum;
622 1689 690 1761 sed
719 1687 786 1761 suit
813 1688 955 1761 omissa
984 1701 1062 1760 tum
1091 1703 1249 1782 propter
1280 1686 1567 1760 antecedentem
1588 1683 1734 1758 Summi

232 1815 418 1888 Pontificis
439 1813 745 1898 Coronationem,
760 1827 840 1886 tum
860 1827 1016 1909 propter
1035 1811 1301 1908 impedimenta
1320 1812 1465 1885 notoria
1484 1808 1731 1884 Stanziarum.

937 2147 1026 2228 214.

520 2311 709 2397 Socrotus,
729 2312 860 2406 sactus
891 2311 1089 2397 Halmius,
1122 2311 1239 2384 Rotor
1266 2309 1441 2384 valedicit.

228 2503 237 2540 2
312 2467 432 2540 (Aaou.
451 2467 538 2538 Ron,
561 2491 574 2517 ι
586 2465 784 2526 Extractum
803 2464 923 2524 Diarii
940 2463 1070 2524 Coccini
1080 2467 1117 2536 ι).

686 2663 846 2740 Veneris
878 2671 925 2738 26
955 2665 1130 2738 lebruarii
1165 2670 1274 2749 1621,

320 2830 404 2900 116.
436 2883 506 2903 .,,
536 2825 604 2899 rut
632 2827 733 2900 Rota
763 2824 1037 2900 memoriarum
1066 2824 1101 2897 in
1130 2825 1233 2901 Loco
1262 2827 1373 2901 sono
1401 2827 1437 2901 in
1466 2793 1607 2900 Palatio
1626 2826 1735 2901 uati-

231 2974 337 3036 cano,
367 2965 408 3023 et
434 2951 537 3024 venit
565 2951 613 3024 D.
643 2950 824 3025 Sacratus
851 2966 890 3023 et
919 2975 960 3024 se
988 2949 1189 3024 licentiavit
1216 2965 1255 3024 ct
1283 2953 1390 3046 petiit
1423 2950 1569 3025 solitam
1606 2952 1735 3047 provi-

234 3074 377 3148 sionem
405 3099 503 3170 quae
531 3074 580 3148 illi
609 3073 675 3147 luit
702 3099 882 3149 concessa
910 3091 949 3148 et
977 3101 1060 3148 cum
1089 3091 1177 3148 ante
1205 3074 1316 3148 finem
1345 3075 1468 3149 Rotae
1504 3074 1733 3162 discesserit,

233 3198 491 3297 Collegialiter
507 3225 593 3272 eum
612 3199 788 3273 associati
816 3225 947 3275 sumus
979 3225 1100 3298 usque
1128 3200 1178 3273 ad
1205 3200 1372 3274 ultimam
1402 3201 1550 3274 ianuam
1578 3199 1734 3274 ultimae

234 3324 336 3398 salae
363 3325 412 3396 ad
445 3322 544 3396 illam
573 3349 672 3419 quae
699 3325 917 3399 transmittit
945 3327 993 3398 ad
1023 3323 1164 3398 Cortile
1193 3324 1393 3421 publicum.

941 3663 1031 3742 215.

233 3829 345 3901 Mors
376 3825 556 3922 Gregorii
580 3827 697 3900 XV·
710 3827 830 3900 electio
855 3827 1001 3900 Urbani
1025 3826 1130 3900 VIII
1140 3871 1157 3882 -
1171 3827 1381 3901 dortotioum
1399 3853 1564 3901 annuum
1581 3829 1732 3922 factum

312 3977 336 4024 o
368 3950 552 4047 Gregorio
580 3952 625 4025 X
633 3954 669 4024 V
689 3953 851 4024 sednon
879 3952 1018 4037 datum,
1047 3952 1235 4048 elargitur
1261 3952 1305 4026 ab
1340 3953 1489 4027 Urbano
1518 3952 1625 4028 VIII.

315 4105 430 4177 (Anca.
449 4103 536 4176 Rom,
561 4104 784 4164 «Extractum
803 4103 924 4163 Dt'orii
941 4105 1119 4176 Cocciri›).

752 4304 913 4379 Mercur.
948 4326 966 4397 5
1000 4304 1074 4377 iulii
1109 4310 1219 4398 1623.

321 4487 404 4537 120.
436 4462 522 4536 Fuit
550 4464 679 4537 ultima
712 4465 812 4537 Rota
850 4463 1122 4538 Memorialium
1158 4483 1196 4537 et
1229 4465 1315 4538 licet
1351 4464 1389 4540 S.
1421 4466 1469 4541 D.
1501 4467 1547 4541 N.
1582 4466 1732 4565 Grego·
1800 4470 1806 4482 '

233 4587 309 4660 rius
325 4586 400 4660 XV
428 4587 537 4661 valde
565 4604 792 4687 aegrotaret,
824 4587 1061 4662 nihilominus
1088 4589 1155 4663 suit
1182 4590 1318 4664 lactum
1339 4589 1487 4664 solitum
1508 4591 1729 4666 convivium.

234 4713 466 4786 Donativum
494 4729 622 4787 autem
651 4730 843 4787 scutorum
878 4737 948 4788 100
977 4740 1047 4810 pro
1075 4713 1245 4811 quolibet
1272 4715 1458 4789 Auditore
1486 4731 1526 4790 et
1555 4739 1631 4789 200
1659 4741 1730 4812 pro

234 4838 391 4911 Decano
420 4862 493 4913 non
523 4839 590 4911 luit
626 4839 756 4912 datum
792 4839 880 4935 quia
922 4839 959 4914 S.
1001 4839 1049 4914 D.
1090 4838 1136 4913 N.
1174 4865 1249 4915 non
1281 4841 1398 4914 valuit
1426 4840 1729 4940 Chirographum

232 4965 394 5062 signare,
427 4964 495 5038 sed
532 4989 615 5036 cum
657 4965 720 5048 sic,
752 4980 792 5036 ut
834 4964 999 5038 Domino
1035 4963 1183 5060 placuit,
1223 4965 1261 5039 S.
1301 4965 1348 5041 D.
1388 4965 1435 5039 N.
1469 4965 1530 5040 die
1558 4966 1729 5040 sabbathi

233 5089 427 5185 sequentis
456 5091 478 5162 8
507 5089 676 5162 eiusdem
704 5089 844 5162 mensis
871 5089 946 5162 iulii
966 5089 1063 5163 diem
1093 5115 1201 5162 suum
1230 5091 1322 5162 hora
1343 5115 1386 5164 21
1412 5089 1587 5164 clauserit
1604 5106 1730 5164 extre-

234 5241 335 5288 mum
364 5215 593 5309 feliciterque
621 5214 730 5288 luerit
757 5231 975 5312 assumptus
994 5214 1042 5287 ad
1063 5215 1320 5289 Pontificatum
1336 5216 1395 5290 die
1417 5217 1613 5290 Dominico
1632 5217 1729 5290 festo

232 5338 591 5436 Transfigurationis
621 5337 770 5411 Domini
801 5345 823 5411 6
852 5339 1004 5436 augusti
1041 5337 1208 5412 eiusdem
1246 5339 1332 5412 anni
1369 5338 1408 5413 S.
1440 5338 1487 5414 D.
1519 5337 1565 5414 N.
1605 5337 1728 5413 Urba-
