3720 5916
618 292 778 366 Gregorio
796 291 896 351 XV·
922 291 1054 351 Urbano
1074 291 1158 351 VIII
1168 281 1175 298 ‘
1579 287 1634 348 353

133 511 205 559 nus
233 486 328 571 Vlll,
357 485 456 560 idem
484 486 701 559 donativum
731 484 840 559 nobis
868 484 972 558 dedit
1012 508 1080 582 per
1108 482 1410 583 Chirographum
1439 481 1634 555 transmis-

131 635 218 682 sum
246 634 315 706 per
344 609 528 683 Revmum
559 609 607 682 D.
630 609 815 706 Gypsium
847 609 1076 705 Episcopum
1096 607 1371 682 Ariminensem
1401 605 1633 679 Praefectum

133 733 266 807 Palatii
294 733 471 809 Pontificii
475 790 723 810 .......

843 1034 932 1113 216.

130 1197 226 1270 Sede
251 1205 411 1282 vacante,
441 1199 478 1271 si
500 1198 652 1270 termini
675 1207 791 1271 essent
815 1198 962 1282 servati,
992 1221 1191 1271 causarum
1217 1195 1460 1296 expeditiones
1476 1195 1630 1290 fiebant.

215 1352 330 1422 (Ancn.
349 1352 437 1426 Ror,
461 1351 684 1412 ‹Extractum
703 1351 1012 1423 Diarr'iCoccini»).

605 1553 748 1640 Lunae,
778 1553 838 1628 die
868 1576 911 1648 31
946 1552 1021 1626 iulii
1057 1560 1167 1646 1623.

220 1737 262 1786 12
271 1735 304 1806 3.
335 1711 440 1786 Licet
467 1713 590 1788 adhuc
619 1713 739 1788 Sedes
757 1728 921 1798 vacaret,
943 1712 1180 1787 nihilominus
1200 1713 1268 1786 luit
1285 1712 1382 1788 sacta
1402 1709 1513 1786 solita
1533 1709 1634 1786 Con·

132 1836 311 1936 gregatio
339 1839 376 1912 in
412 1836 607 1935 Sapientia
641 1861 712 1934 pro
749 1837 959 1912 Causarum
988 1837 1230 1934 expeditione
1264 1839 1353 1936 quia
1380 1838 1527 1913 termini
1559 1838 1635 1911 Iue-

132 1978 220 2036 rant
249 1963 401 2036 servati.

845 2227 934 2306 217.

139 2389 317 2465 Urbanus
353 2390 457 2464 VIII
476 2387 570 2496 (162
578 2395 743 2486 3-1644)
772 2389 1019 2464 eruditoribus
1046 2389 1114 2463 dot
1129 2390 1342 2464 donateoron
1359 2399 1542 2465 scutorum
1563 2413 1635 2464 eoo

210 2525 284 2611 pro
310 2514 463 2612 quolibet
491 2515 592 2613 quod
613 2515 708 2590 dare
724 2514 857 2588 eisdem
874 2514 1036 2589 solebant
1061 2515 1146 2588 novi
1169 2515 1271 2589 electi
1295 2515 1433 2614 Papae,
1454 2515 1530 2588 nisi
1552 2514 1634 2588 liae·

218 2639 370 2714 rarium
384 2638 526 2736 fuisset
550 2640 783 2715 exhaustum.

203 2757 333 2868 ¹(Ancn.
351 2795 438 2870 Ror,
463 2795 686 2856 ‹Extractum
705 2795 824 2855 Diarir'
841 2795 1016 2868 coccinio.

522 3093 526 3102 Ι
658 2995 731 3068 Die
762 3020 781 3067 2
814 2995 969 3069 ianuarii
1003 3001 1113 3087 1624.

221 3175 305 3247 125.
340 3151 552 3228 Habuimus
588 3155 806 3229 donativum
845 3171 1037 3230 scutorum
1075 3179 1151 3229 200
1183 3155 1263 3228 auri
1299 3157 1336 3228 in
1372 3179 1465 3228 auro
1494 3155 1633 3230 veteris

132 3275 311 3375 ponderis
339 3279 443 3374 quod
472 3277 596 3352 solent
623 3279 714 3352 dare
742 3279 828 3354 novi
849 3279 1059 3365 Pontifices,
1081 3280 1184 3375 quod
1211 3280 1315 3376 prius
1344 3305 1418 3354 non
1438 3279 1635 3354 habuimus

132 3427 181 3475 ex
207 3425 286 3497 quo
316 3399 477 3475 Camera
505 3401 727 3498 Apostolica
768 3417 850 3475 erat
891 3402 1001 3476 valde
1030 3402 1225 3488 exhausta,
1256 3419 1296 3476 et
1337 3402 1385 3478 D.
1416 3402 1634 3499 Torquatus

134 3517 382 3601 Floravantes
411 3526 635 3602 Procurator
664 3525 823 3628 Collegii
864 3528 988 3602 Rotae
1015 3527 1184 3602 adhibuit
1220 3552 1369 3602 omnem
1403 3527 1633 3627 diligentiam

134 3678 205 3751 pro
233 3652 422 3751 exigendo
451 3652 552 3727 dicto
579 3653 769 3729 donativo.

764 3984 769 3993 “
847 3982 936 4061 218.

273 4144 475 4241 Probilegii
497 4169 641 4217 summo
661 4156 737 4244 pro
766 4144 990 4241 Impressore
1020 4145 1217 4234 Cameroli,
1247 4155 1282 4219 et
1316 4149 1501 4223 Vaticano.

214 4299 278 4374 (Ex
296 4299 529 4358 Decisr'ombus
546 4314 661 4358 coram
682 4297 866 4372 Cavaterrb,
885 4299 963 4358 edit.
988 4299 1089 4373 1629).

1342 4413 1451 4504 Annis
1471 4443 1633 4505 nasum

217 4592 395 4666 Clemens
438 4591 540 4686 Papa
567 4590 651 4662 Vlll
681 4589 899 4686 Diplomate
928 4590 1063 4677 sanxit,
1094 4614 1140 4665 ne
1167 4592 1253 4686 quis
1280 4590 1372 4665 citra
1403 4589 1633 4664 voluntatem

135 4715 323 4794 Dominici
352 4717 484 4803 Basae,
516 4714 603 4788 olim
631 4716 668 4786 in
695 4714 968 4812 Typographia
995 4715 1177 4790 Vaticana
1205 4717 1459 4813 impressoria,
1490 4741 1636 4790 sacram

135 4843 308 4928 Bibliam‚
338 4840 503 4915 Concilia
530 4839 732 4936 generalia,
764 4839 956 4937 Epistolas
984 4841 1205 4924 decretales,
1235 4840 1350 4914 libros
1376 4840 1425 4914 ad
1453 4840 1636 4915 Ecclesia-

134 4969 270 5043 sticum
300 4988 435 5039 munus
476 4965 721 5062 pertinentes,
762 4989 806 5038 ac
847 4965 961 5038 etiam
989 4965 1214 5040 Sanctorum
1252 4965 1402 5038 Patrum
1433 4965 1634 5051 volumina,

134 5093 253 5169 libros
280 5093 394 5166 etiam
422 5092 691 5188 cuiuscumque
719 5093 882 5190 generis,
912 5091 971 5166 vel
999 5092 1146 5165 noviter
1172 5093 1220 5167 ab
1248 5091 1332 5188 ipso
1359 5091 1539 5179 edendos
1576 5093 1636 5167 vel

134 5217 244 5293 novis
277 5216 531 5292 additionibus
557 5231 702 5303 auctos,
733 5241 803 5312 per
830 5217 1049 5290 decennium
1070 5219 1118 5290 ab
1136 5217 1301 5290 editlone
1321 5216 1501 5312 cuiusque
1531 5218 1637 5291 volu-

133 5343 244 5418 minis
263 5341 461 5438 imprimat,
483 5339 541 5414 vel
570 5341 755 5437 impressa
773 5339 919 5414 venalia
937 5340 1086 5416 habeat.
1109 5339 1224 5434 Quod
1243 5340 1477 5440 privilegium
1500 5343 1636 5416 Paulus
