3684 5920
815 629 905 710 490.

102 773 321 850 Exlcibctur
348 776 466 850 Rotas
484 785 678 874 processus
705 773 805 874 de.
836 773 1047 874 Acccajuolc'
1070 776 1173 848 cuius
1199 775 1240 849 iu
1272 773 1414 850 Studiis
1445 776 1606 850 Adc'utor

190 901 433 1001 approbatur.

186 1056 305 1128 (Auen.
323 1055 411 1127 Ros„
435 1053 625 1114 ‹Doartum
645 1053 820 1114 Camerata
832 1055 869 1125 ι).

613 1237 772 1311 Veneris
803 1261 822 1309 2
855 1237 956 1312 8bris
991 1239 1101 1330 1789.

187 1485 227 1560 ln
256 1487 389 1560 eadem
419 1485 519 1559 Rota
546 1485 731 1560 exhibitus
759 1499 820 1559 est
855 1486 903 1559 ab
932 1485 977 1559 R.
1008 1483 1046 1558 P.
1078 1485 1125 1562 D.
1166 1485 1370 1559 Acciaiuoli
1406 1485 1610 1560 Processus

103 1611 180 1684 iam
208 1613 258 1686 ab
284 1636 332 1685 eo
361 1611 550 1708 perfectus
554 1669 763 1689 ......

188 1737 511 1833 Approbationem
554 1734 717 1832 denique
760 1735 895 1809 meruit
936 1731 1224 1820 GamberinuS‚¹
1268 1759 1380 1832 quem
1423 1736 1459 1808 in
1501 1761 1609 1810 suum

103 1861 331 1936 Adiutorern
359 1885 382 1934 a
411 1859 553 1935 Studiis
581 1861 627 1936 R.
658 1861 697 1937 P.
729 1859 776 1935 D.
807 1858 1009 1934 Acciaiuoli
1038 1860 1315 1958 designaverat.

819 2143 910 2223 491.

101 2287 206 2360 Rota
233 2243 437 2360 c'uramcutt
460 2287 589 2386 incipit
601 2286 701 2384 ficri
733 2314 851 2364 menso
884 2289 1113 2368 Novembris.
1144 2333 1169 2344 ·-
1202 2291 1426 2390 Exageratu
1460 2245 1609 2364 honoros

187 2413 297 2509 scpua
324 2411 551 2488 obsolescunt.

186 2567 301 2640 (Anca.
320 2569 408 2642 Ros.
431 2567 623 2628 «Do'arc'um
643 2567 817 2628 Canuratc
830 2569 866 2640 ιι).

534 2753 693 2827 Veneris
725 2775 774 2826 20
804 2750 1031 2826 Novembris
1066 2753 1177 2844 1789.

189 2911 330 2987 Habita
357 2927 417 2986 est
446 2911 546 2987 Rota
582 2910 791 2994 iuramenti,
821 2910 857 2982 in
890 2934 966 3007 qua
998 2926 1058 2983 etc
1062 2967 1605 2988 .........

186 3037 384 3111 Praeterea
426 3037 545 3110 Rffius
589 3035 766 3110 Decanus
788 3034 933 3108 ‘retulit
973 3035 1077 3130 quod
1117 3038 1154 3108 in
1195 3033 1329 3110 litteris
1371 3036 1518 3132 scriptis
1559 3036 1608 3111 ab

102 3163 151 3238 R.
182 3161 220 3236 P.
253 3162 300 3238 D.
332 3162 463 3249 Priolo,
494 3161 680 3236 Auditore
707 3157 827 3234 electo
855 3184 924 3256 pro
953 3159 1159 3256 Republica
1183 3159 1437 3248 Venetiarum,
1471 3161 1607 3258 quibus

101 3286 337 3364 Electionem
367 3288 404 3364 S.
434 3287 626 3361 Tribunali
654 3285 940 3384 significaverat,
971 3309 1044 3360 non
1073 3309 1119 3359 ea
1145 3285 1312 3359 adhibita
1343 3285 1465 3361 suerat
1499 3287 1607 3361 officii

100 3411 263 3484 formula
290 3436 388 3508 quae
413 3413 463 3485 ab
489 3411 572 3486 aliis
599 3409 846 3486 Auditoribus
873 3409 1002 3484 haberi
1021 3410 1201 3484 hactenus
1219 3426 1468 3484 consueverat
1486 3411 1608 3508 quod-

100 3562 180 3634 que
208 3535 245 3610 in
271 3513 478 3636 epigraphe
504 3536 669 3612 omissus
696 3536 817 3610 suerat
846 3535 974 3609 titulus
996 3565 1015 3610 ι
1034 3535 1071 3608 di
1100 3535 1271 3609 Padrone
1288 3562 1324 3612 ».
1348 3535 1406 3610 Ex
1430 3536 1605 3610 Patruum

100 3684 288 3736 consensu
317 3677 499 3735 statutum
527 3674 598 3746 est,
629 3675 671 3733 ut
699 3657 820 3733 nullae
848 3659 999 3756 quidem
1027 3659 1075 3734 de
1103 3659 1172 3734 hac
1197 3685 1237 3733 re
1256 3660 1443 3736 cierentur
1461 3660 1604 3746 turbae,

101 3786 174 3861 sed
201 3800 243 3858 ut
271 3783 409 3858 nullum
435 3785 550 3858 etiam
578 3785 659 3860 dari
687 3809 913 3882 responsum
942 3785 1109 3860 deberet.

813 4067 905 4148 492.

100 4207 242 4282 secreti
257 4209 375 4283 Rotae
388 4208 571 4284 Advocati
584 4212 688 4284 titulo
705 4209 973 4286 decorabantur
989 4211 1079 4310 quin
1097 4235 1190 4286 onus
1206 4211 1336 4285 cisdcm
1353 4213 1601 4309 c’rupoucrctur

181 4333 366 4408 scribendi
388 4335 446 4408 uti
467 4335 746 4414 Procuratores.

182 4491 298 4564 (Anca.
316 4489 403 4568 Ros.¹
428 4491 618 4553 ‹Dc'artum
639 4493 862 4566 Camerateo).

589 4691 747 4768 Veneris
781 4719 821 4768 11
857 4647 974 4770 X·bris
1008 4698 1119 4789 1789.
1158 4786 1162 4797 Ι

174 5000 279 5138 'Cum
307 5079 504 5163 praeterea
533 5064 617 5142 NN.
648 5065 829 5152 Navarra
859 5070 923 5164 qui
951 5067 1055 5145 ΠΙιῖιο
1082 5068 1214 5148 Azedo
1242 5069 1363 5146 tuerat
1384 5095 1407 5144 a
1427 5069 1601 5158 Secretis,

192 5271 411 5334 ¹Dominicus
427 5275 599 5349 Antonius,
617 5275 757 5350 Imolen.,
770 5278 825 5352 qui
840 5277 946 5338 serius
964 5277 1023 5338 suit
1040 5278 1179 5340 Auditor
1197 5277 1307 5352 Rotae,
1318 5295 1337 5340 e
1350 5295 1413 5356 qua
1428 5281 1604 5340 translatus

101 5361 161 5422 tuit
178 5361 219 5424 ad
238 5361 489 5426 secretariam
507 5364 540 5425 S.
560 5365 596 5426 C.
607 5363 742 5426 Concilii
760 5375 792 5426 et
810 5365 928 5428 deinde
940 5377 1107 5444 promotus
1118 5367 1159 5430 ad
1171 5365 1426 5434 Cardinulatum.
