<?xml version="1.0" encoding="UTF-8"?>
<!DOCTYPE html PUBLIC "-//W3C//DTD XHTML 1.0 Transitional//EN"
    "http://www.w3.org/TR/xhtml1/DTD/xhtml1-transitional.dtd">
<html xmlns="http://www.w3.org/1999/xhtml" xml:lang="en" lang="en">
 <head>
  <title>
</title>
<meta http-equiv="Content-Type" content="text/html;charset=utf-8" />
  <meta name='ocr-system' content='tesseract 3.04.00' />
  <meta name='ocr-capabilities' content='ocr_page ocr_carea ocr_par ocr_line ocrx_word'/>
</head>
<body>
  <div class='ocr_page' id='page_1' title='image "./capellanipapaee00cercgoog_0442.png"; bbox 0 0 3720 5916; ppageno 0'>
   <div class='ocr_carea' id='block_1_1' title="bbox 224 326 1113 390">
    <p class='ocr_par' dir='ltr' id='par_1_1' title="bbox 224 326 1113 390">
     <span class='ocr_line' id='line_1_1' title="bbox 224 326 1113 390; baseline 0.001 -2"><span class='ocrx_word' id='word_1_1' title='bbox 224 326 281 388; x_wconf 88' lang='grc'><strong>398</strong></span> <span class='ocrx_word' id='word_1_2' title='bbox 850 327 987 389; x_wconf 87' lang='lat' dir='ltr'><strong>Soeculo</strong></span> <span class='ocrx_word' id='word_1_3' title='bbox 1006 329 1037 388; x_wconf 86' lang='lat' dir='ltr'><strong><em>X</em></strong></span> <span class='ocrx_word' id='word_1_4' title='bbox 1047 329 1113 390; x_wconf 89' lang='lat' dir='ltr'><strong>VII</strong></span> 
     </span>
    </p>
   </div>
   <div class='ocr_carea' id='block_1_2' title="bbox 223 523 1721 2493">
    <p class='ocr_par' dir='ltr' id='par_1_2' title="bbox 225 523 1720 870">
     <span class='ocr_line' id='line_1_2' title="bbox 225 523 1719 621; baseline 0.001 -27"><span class='ocrx_word' id='word_1_5' title='bbox 225 523 420 621; x_wconf 83' lang='lat' dir='ltr'>signanter</span> <span class='ocrx_word' id='word_1_6' title='bbox 447 525 483 597; x_wconf 96' lang='lat' dir='ltr'><strong>in</strong></span> <span class='ocrx_word' id='word_1_7' title='bbox 512 524 674 620; x_wconf 91' lang='lat' dir='ltr'><strong>quadam</strong></span> <span class='ocrx_word' id='word_1_8' title='bbox 703 549 818 598; x_wconf 90' lang='lat' dir='ltr'><strong>causa</strong></span> <span class='ocrx_word' id='word_1_9' title='bbox 851 524 1030 610; x_wconf 91' lang='lat' dir='ltr'><strong>Leodien,</strong></span> <span class='ocrx_word' id='word_1_10' title='bbox 1062 525 1163 621; x_wconf 89' lang='lat' dir='ltr'><strong>Papa</strong></span> <span class='ocrx_word' id='word_1_11' title='bbox 1198 548 1409 598; x_wconf 91' lang='lat' dir='ltr'><strong>sermonem</strong></span> <span class='ocrx_word' id='word_1_12' title='bbox 1446 524 1576 598; x_wconf 92' lang='lat' dir='ltr'><strong>habuit</strong></span> <span class='ocrx_word' id='word_1_13' title='bbox 1609 550 1719 621; x_wconf 93' lang='lat' dir='ltr'><strong>super</strong></span> 
     </span>
     <span class='ocr_line' id='line_1_3' title="bbox 225 645 1720 747; baseline 0.001 -27"><span class='ocrx_word' id='word_1_14' title='bbox 225 645 405 744; x_wconf 84' lang='lat' dir='ltr'>qualitate</span> <span class='ocrx_word' id='word_1_15' title='bbox 433 647 668 746; x_wconf 84' lang='lat' dir='ltr'><strong>litigantium,</strong></span> <span class='ocrx_word' id='word_1_16' title='bbox 699 651 787 747; x_wconf 91' lang='lat' dir='ltr'><strong>quia</strong></span> <span class='ocrx_word' id='word_1_17' title='bbox 813 673 1001 746; x_wconf 87' lang='lat' dir='ltr'>personae</span> <span class='ocrx_word' id='word_1_18' title='bbox 1028 665 1138 722; x_wconf 90' lang='lat' dir='ltr'><strong>erant</strong></span> <span class='ocrx_word' id='word_1_19' title='bbox 1165 648 1234 722; x_wconf 90' lang='lat' dir='ltr'><strong>sibi</strong></span> <span class='ocrx_word' id='word_1_20' title='bbox 1262 649 1353 722; x_wconf 90' lang='lat' dir='ltr'><strong>satis</strong></span> <span class='ocrx_word' id='word_1_21' title='bbox 1382 664 1493 723; x_wconf 90' lang='lat' dir='ltr'><strong>notae</strong></span> <span class='ocrx_word' id='word_1_22' title='bbox 1530 650 1619 722; x_wconf 92' lang='lat' dir='ltr'><strong>dum</strong></span> <span class='ocrx_word' id='word_1_23' title='bbox 1656 650 1720 722; x_wconf 87' lang='lat' dir='ltr'><strong>luit</strong></span> 
     </span>
     <span class='ocr_line' id='line_1_4' title="bbox 226 772 762 870; baseline 0.006 -26"><span class='ocrx_word' id='word_1_24' title='bbox 226 772 388 848; x_wconf 85' lang='lat' dir='ltr'><strong>Nuntius</strong></span> <span class='ocrx_word' id='word_1_25' title='bbox 417 773 554 848; x_wconf 91' lang='lat' dir='ltr'><strong>inillis</strong></span> <span class='ocrx_word' id='word_1_26' title='bbox 582 775 762 870; x_wconf 93' lang='lat' dir='ltr'><strong>partibus.</strong></span> 
     </span>
    </p>

    <p class='ocr_par' dir='ltr' id='par_1_3' title="bbox 223 897 1721 1871">
     <span class='ocr_line' id='line_1_5' title="bbox 305 897 1719 974; baseline 0.002 -3"><span class='ocrx_word' id='word_1_27' title='bbox 305 898 495 972; x_wconf 84' lang='lat' dir='ltr'><strong>Numerus</strong></span> <span class='ocrx_word' id='word_1_28' title='bbox 524 924 722 972; x_wconf 91' lang='lat' dir='ltr'><strong>causarum</strong></span> <span class='ocrx_word' id='word_1_29' title='bbox 751 899 818 972; x_wconf 87' lang='lat' dir='ltr'><strong>luit</strong></span> <span class='ocrx_word' id='word_1_30' title='bbox 839 897 949 972; x_wconf 91' lang='lat' dir='ltr'><strong>valde</strong></span> <span class='ocrx_word' id='word_1_31' title='bbox 978 899 1101 972; x_wconf 92' lang='lat' dir='ltr'><strong>tenuis</strong></span> <span class='ocrx_word' id='word_1_32' title='bbox 1128 899 1178 973; x_wconf 93' lang='lat' dir='ltr'><strong>ob</strong></span> <span class='ocrx_word' id='word_1_33' title='bbox 1204 901 1383 972; x_wconf 89' lang='lat' dir='ltr'><strong>absentes</strong></span> <span class='ocrx_word' id='word_1_34' title='bbox 1411 901 1534 974; x_wconf 89' lang='lat' dir='ltr'><strong>dictos</strong></span> <span class='ocrx_word' id='word_1_35' title='bbox 1562 900 1719 974; x_wconf 88' lang='lat' dir='ltr'><strong>Audito·</strong></span> 
     </span>
     <span class='ocr_line' id='line_1_6' title="bbox 224 1022 1721 1122; baseline 0.001 -26"><span class='ocrx_word' id='word_1_36' title='bbox 224 1047 296 1110; x_wconf 90' lang='lat' dir='ltr'><strong>res,</strong></span> <span class='ocrx_word' id='word_1_37' title='bbox 327 1041 366 1097; x_wconf 93' lang='lat' dir='ltr'><strong>et</strong></span> <span class='ocrx_word' id='word_1_38' title='bbox 393 1024 495 1122; x_wconf 94' lang='lat' dir='ltr'><strong>quod</strong></span> <span class='ocrx_word' id='word_1_39' title='bbox 523 1025 631 1120; x_wconf 87' lang='lat' dir='ltr'><strong>peius</strong></span> <span class='ocrx_word' id='word_1_40' title='bbox 667 1040 736 1108; x_wconf 90' lang='lat' dir='ltr'><strong>est,</strong></span> <span class='ocrx_word' id='word_1_41' title='bbox 767 1023 1006 1098; x_wconf 84' lang='lat' dir='ltr'><strong>difficultates</strong></span> <span class='ocrx_word' id='word_1_42' title='bbox 1033 1038 1073 1097; x_wconf 90' lang='lat' dir='ltr'><strong>et</strong></span> <span class='ocrx_word' id='word_1_43' title='bbox 1099 1022 1242 1098; x_wconf 88' lang='lat' dir='ltr'><strong>articuli</strong></span> <span class='ocrx_word' id='word_1_44' title='bbox 1270 1023 1335 1120; x_wconf 92' lang='lat' dir='ltr'><strong>qui</strong></span> <span class='ocrx_word' id='word_1_45' title='bbox 1362 1041 1545 1098; x_wconf 88' lang='lat' dir='ltr'><strong>venerunt</strong></span> <span class='ocrx_word' id='word_1_46' title='bbox 1571 1026 1607 1098; x_wconf 91' lang='lat' dir='ltr'><strong>in</strong></span> <span class='ocrx_word' id='word_1_47' title='bbox 1635 1049 1721 1098; x_wconf 92' lang='lat' dir='ltr'><strong>con·</strong></span> 
     </span>
     <span class='ocr_line' id='line_1_7' title="bbox 223 1146 1721 1246; baseline 0.002 -26"><span class='ocrx_word' id='word_1_48' title='bbox 223 1149 445 1222; x_wconf 89' lang='lat' dir='ltr'><strong>troversiam</strong></span> <span class='ocrx_word' id='word_1_49' title='bbox 475 1174 548 1223; x_wconf 94' lang='lat' dir='ltr'><strong>non</strong></span> <span class='ocrx_word' id='word_1_50' title='bbox 578 1151 816 1222; x_wconf 89' lang='lat' dir='ltr'><strong>merebantur</strong></span> <span class='ocrx_word' id='word_1_51' title='bbox 843 1148 1096 1245; x_wconf 85' lang='lat' dir='ltr'><strong>praesentiam</strong></span> <span class='ocrx_word' id='word_1_52' title='bbox 1135 1147 1275 1243; x_wconf 88' lang='lat' dir='ltr'><strong>Papae:</strong></span> <span class='ocrx_word' id='word_1_53' title='bbox 1316 1146 1551 1222; x_wconf 92' lang='lat' dir='ltr'><strong>nihilominus</strong></span> <span class='ocrx_word' id='word_1_54' title='bbox 1586 1149 1721 1246; x_wconf 84' lang='lat' dir='ltr'><strong>placuit</strong></span> 
     </span>
     <span class='ocr_line' id='line_1_8' title="bbox 224 1271 1718 1370; baseline 0 -26"><span class='ocrx_word' id='word_1_55' title='bbox 224 1272 345 1345; x_wconf 92' lang='lat' dir='ltr'><strong>eidem</strong></span> <span class='ocrx_word' id='word_1_56' title='bbox 375 1274 493 1369; x_wconf 91' lang='lat' dir='ltr'><strong>stylus</strong></span> <span class='ocrx_word' id='word_1_57' title='bbox 521 1290 561 1347; x_wconf 91' lang='lat' dir='ltr'><strong>et</strong></span> <span class='ocrx_word' id='word_1_58' title='bbox 588 1273 723 1348; x_wconf 91' lang='lat' dir='ltr'><strong>modus</strong></span> <span class='ocrx_word' id='word_1_59' title='bbox 751 1274 814 1370; x_wconf 92' lang='lat' dir='ltr'><strong>qui</strong></span> <span class='ocrx_word' id='word_1_60' title='bbox 842 1273 1052 1348; x_wconf 90' lang='lat' dir='ltr'><strong>habebatur</strong></span> <span class='ocrx_word' id='word_1_61' title='bbox 1078 1273 1114 1346; x_wconf 96' lang='lat' dir='ltr'><strong>in</strong></span> <span class='ocrx_word' id='word_1_62' title='bbox 1143 1273 1325 1348; x_wconf 90' lang='lat' dir='ltr'><strong>votando:</strong></span> <span class='ocrx_word' id='word_1_63' title='bbox 1364 1289 1403 1346; x_wconf 90' lang='lat' dir='ltr'><strong>et</strong></span> <span class='ocrx_word' id='word_1_64' title='bbox 1438 1271 1534 1346; x_wconf 91' lang='lat' dir='ltr'><strong>ultra</strong></span> <span class='ocrx_word' id='word_1_65' title='bbox 1571 1299 1718 1348; x_wconf 90' lang='lat' dir='ltr'><strong>causam</strong></span> 
     </span>
     <span class='ocr_line' id='line_1_9' title="bbox 224 1396 1719 1495; baseline 0.003 -27"><span class='ocrx_word' id='word_1_66' title='bbox 224 1397 391 1472; x_wconf 90' lang='lat' dir='ltr'><strong>Leodien</strong></span> <span class='ocrx_word' id='word_1_67' title='bbox 418 1399 453 1471; x_wconf 93' lang='lat' dir='ltr'><strong>in</strong></span> <span class='ocrx_word' id='word_1_68' title='bbox 483 1423 559 1495; x_wconf 94' lang='lat' dir='ltr'><strong>qua</strong></span> <span class='ocrx_word' id='word_1_69' title='bbox 586 1414 669 1472; x_wconf 89' lang='lat' dir='ltr'><strong>erat</strong></span> <span class='ocrx_word' id='word_1_70' title='bbox 696 1397 916 1472; x_wconf 78' lang='lat' dir='ltr'><strong>informatus</strong></span> <span class='ocrx_word' id='word_1_71' title='bbox 936 1397 983 1470; x_wconf 93' lang='lat' dir='ltr'><strong>de</strong></span> <span class='ocrx_word' id='word_1_72' title='bbox 1002 1397 1173 1492; x_wconf 87' lang='lat' dir='ltr'><strong>personis</strong></span> <span class='ocrx_word' id='word_1_73' title='bbox 1197 1422 1294 1493; x_wconf 91' lang='lat' dir='ltr'><strong>quae</strong></span> <span class='ocrx_word' id='word_1_74' title='bbox 1322 1396 1529 1495; x_wconf 85' lang='lat' dir='ltr'><strong>litigabant,</strong></span> <span class='ocrx_word' id='word_1_75' title='bbox 1552 1399 1618 1471; x_wconf 86' lang='lat' dir='ltr'><strong>luit</strong></span> <span class='ocrx_word' id='word_1_76' title='bbox 1636 1424 1719 1495; x_wconf 90' lang='lat' dir='ltr'><strong>pro-</strong></span> 
     </span>
     <span class='ocr_line' id='line_1_10' title="bbox 224 1523 1719 1621; baseline 0 -24"><span class='ocrx_word' id='word_1_77' title='bbox 224 1523 389 1619; x_wconf 92' lang='lat' dir='ltr'><strong>positum</strong></span> <span class='ocrx_word' id='word_1_78' title='bbox 417 1525 611 1621; x_wconf 91' lang='lat' dir='ltr'><strong>quoddam</strong></span> <span class='ocrx_word' id='word_1_79' title='bbox 640 1524 859 1598; x_wconf 89' lang='lat' dir='ltr'><strong>Memoriale</strong></span> <span class='ocrx_word' id='word_1_80' title='bbox 888 1524 923 1596; x_wconf 93' lang='lat' dir='ltr'><strong>in</strong></span> <span class='ocrx_word' id='word_1_81' title='bbox 952 1548 1066 1597; x_wconf 91' lang='lat' dir='ltr'><strong>causa</strong></span> <span class='ocrx_word' id='word_1_82' title='bbox 1094 1540 1266 1597; x_wconf 90' lang='lat' dir='ltr'><strong>vertente</strong></span> <span class='ocrx_word' id='word_1_83' title='bbox 1288 1523 1384 1598; x_wconf 91' lang='lat' dir='ltr'><strong>inter</strong></span> <span class='ocrx_word' id='word_1_84' title='bbox 1403 1525 1555 1599; x_wconf 88' lang='lat' dir='ltr'><strong>Fratres</strong></span> <span class='ocrx_word' id='word_1_85' title='bbox 1573 1527 1621 1598; x_wconf 91' lang='lat' dir='ltr'><strong>de</strong></span> <span class='ocrx_word' id='word_1_86' title='bbox 1642 1525 1719 1599; x_wconf 90' lang='lat' dir='ltr'><strong>Mil-</strong></span> 
     </span>
     <span class='ocr_line' id='line_1_11' title="bbox 223 1646 1719 1746; baseline 0.001 -26"><span class='ocrx_word' id='word_1_87' title='bbox 223 1646 306 1720; x_wconf 88' lang='lat' dir='ltr'><strong>linis</strong></span> <span class='ocrx_word' id='word_1_88' title='bbox 333 1674 431 1746; x_wconf 90' lang='lat' dir='ltr'><strong>quae</strong></span> <span class='ocrx_word' id='word_1_89' title='bbox 459 1648 573 1745; x_wconf 93' lang='lat' dir='ltr'><strong>paulo</strong></span> <span class='ocrx_word' id='word_1_90' title='bbox 601 1665 690 1722; x_wconf 90' lang='lat' dir='ltr'><strong>ante</strong></span> <span class='ocrx_word' id='word_1_91' title='bbox 719 1649 839 1722; x_wconf 85' lang='lat' dir='ltr'><strong>luerat</strong></span> <span class='ocrx_word' id='word_1_92' title='bbox 866 1648 1061 1746; x_wconf 91' lang='lat' dir='ltr'><strong>proposita</strong></span> <span class='ocrx_word' id='word_1_93' title='bbox 1080 1647 1115 1720; x_wconf 96' lang='lat' dir='ltr'><strong>in</strong></span> <span class='ocrx_word' id='word_1_94' title='bbox 1136 1647 1337 1745; x_wconf 87' lang='lat' dir='ltr'><strong>Signatura</strong></span> <span class='ocrx_word' id='word_1_95' title='bbox 1362 1647 1527 1736; x_wconf 88' lang='lat' dir='ltr'><strong>Gratiae,</strong></span> <span class='ocrx_word' id='word_1_96' title='bbox 1549 1666 1588 1723; x_wconf 92' lang='lat' dir='ltr'><strong>et</strong></span> <span class='ocrx_word' id='word_1_97' title='bbox 1608 1651 1642 1723; x_wconf 91' lang='lat' dir='ltr'><strong>in</strong></span> <span class='ocrx_word' id='word_1_98' title='bbox 1663 1649 1719 1722; x_wconf 91' lang='lat' dir='ltr'><strong>illa</strong></span> 
     </span>
     <span class='ocr_line' id='line_1_12' title="bbox 223 1773 1049 1871; baseline 0.006 -27"><span class='ocrx_word' id='word_1_99' title='bbox 223 1773 363 1868; x_wconf 91' lang='lat' dir='ltr'><strong>pariter</strong></span> <span class='ocrx_word' id='word_1_100' title='bbox 390 1799 432 1848; x_wconf 90' lang='lat' dir='ltr'><strong>se</strong></span> <span class='ocrx_word' id='word_1_101' title='bbox 460 1774 570 1848; x_wconf 88' lang='lat' dir='ltr'><strong>valde</strong></span> <span class='ocrx_word' id='word_1_102' title='bbox 599 1774 837 1848; x_wconf 79' lang='lat' dir='ltr'><strong>informatum</strong></span> <span class='ocrx_word' id='word_1_103' title='bbox 867 1773 1049 1871; x_wconf 89' lang='lat' dir='ltr'><strong>praebuit.</strong></span> 
     </span>
    </p>

    <p class='ocr_par' dir='ltr' id='par_1_4' title="bbox 224 1897 1717 2223">
     <span class='ocr_line' id='line_1_13' title="bbox 304 1897 1716 1995; baseline 0.001 -25"><span class='ocrx_word' id='word_1_104' title='bbox 304 1899 342 1970; x_wconf 95' lang='lat' dir='ltr'><strong>ln</strong></span> <span class='ocrx_word' id='word_1_105' title='bbox 374 1901 535 1995; x_wconf 88' lang='lat' dir='ltr'><strong>reliquis,</strong></span> <span class='ocrx_word' id='word_1_106' title='bbox 567 1923 703 1973; x_wconf 91' lang='lat' dir='ltr'><strong>causae</strong></span> <span class='ocrx_word' id='word_1_107' title='bbox 732 1897 882 1972; x_wconf 85' lang='lat' dir='ltr'><strong>luerunt</strong></span> <span class='ocrx_word' id='word_1_108' title='bbox 914 1897 1102 1972; x_wconf 87' lang='lat' dir='ltr'><strong>resolutae</strong></span> <span class='ocrx_word' id='word_1_109' title='bbox 1137 1897 1240 1972; x_wconf 86' lang='lat' dir='ltr'><strong>iuxta</strong></span> <span class='ocrx_word' id='word_1_110' title='bbox 1278 1924 1430 1973; x_wconf 89' lang='lat' dir='ltr'><strong>sensum</strong></span> <span class='ocrx_word' id='word_1_111' title='bbox 1461 1899 1716 1984; x_wconf 91' lang='lat' dir='ltr'><strong>Dominorum,</strong></span> 
     </span>
     <span class='ocr_line' id='line_1_14' title="bbox 224 2024 1717 2121; baseline 0.003 -26"><span class='ocrx_word' id='word_1_112' title='bbox 224 2048 336 2118; x_wconf 90' lang='lat' dir='ltr'><strong>quem</strong></span> <span class='ocrx_word' id='word_1_113' title='bbox 366 2024 468 2119; x_wconf 87' lang='lat' dir='ltr'><strong>Papa</strong></span> <span class='ocrx_word' id='word_1_114' title='bbox 496 2048 647 2120; x_wconf 88' lang='lat' dir='ltr'><strong>semper</strong></span> <span class='ocrx_word' id='word_1_115' title='bbox 672 2025 906 2120; x_wconf 86' lang='lat' dir='ltr'><strong>approbavit,</strong></span> <span class='ocrx_word' id='word_1_116' title='bbox 927 2040 967 2097; x_wconf 91' lang='lat' dir='ltr'><strong>et</strong></span> <span class='ocrx_word' id='word_1_117' title='bbox 994 2024 1143 2097; x_wconf 91' lang='lat' dir='ltr'><strong>duravit</strong></span> <span class='ocrx_word' id='word_1_118' title='bbox 1171 2025 1270 2098; x_wconf 92' lang='lat' dir='ltr'><strong>Rota</strong></span> <span class='ocrx_word' id='word_1_119' title='bbox 1293 2049 1362 2119; x_wconf 88' lang='lat' dir='ltr'><strong>per</strong></span> <span class='ocrx_word' id='word_1_120' title='bbox 1381 2025 1544 2121; x_wconf 92' lang='lat' dir='ltr'><strong>spatium</strong></span> <span class='ocrx_word' id='word_1_121' title='bbox 1563 2026 1717 2099; x_wconf 88' lang='lat' dir='ltr'><strong>duarum</strong></span> 
     </span>
     <span class='ocr_line' id='line_1_15' title="bbox 224 2145 703 2223; baseline 0.01 -5"><span class='ocrx_word' id='word_1_122' title='bbox 224 2145 398 2221; x_wconf 89' lang='lat' dir='ltr'><strong>horarum</strong></span> <span class='ocrx_word' id='word_1_123' title='bbox 427 2176 510 2221; x_wconf 92' lang='lat' dir='ltr'><strong>cum</strong></span> <span class='ocrx_word' id='word_1_124' title='bbox 540 2148 703 2223; x_wconf 93' lang='lat' dir='ltr'><strong>dimidio.</strong></span> 
     </span>
    </p>

    <p class='ocr_par' dir='ltr' id='par_1_5' title="bbox 224 2273 1717 2493">
     <span class='ocr_line' id='line_1_16' title="bbox 302 2273 1717 2368; baseline 0.001 -22"><span class='ocrx_word' id='word_1_125' title='bbox 302 2273 423 2346; x_wconf 89' lang='lat' dir='ltr'><strong>Finita</strong></span> <span class='ocrx_word' id='word_1_126' title='bbox 452 2276 562 2359; x_wconf 86' lang='lat' dir='ltr'><strong>Rota,</strong></span> <span class='ocrx_word' id='word_1_127' title='bbox 592 2300 724 2349; x_wconf 89' lang='lat' dir='ltr'><strong>omnes</strong></span> <span class='ocrx_word' id='word_1_128' title='bbox 753 2275 961 2349; x_wconf 87' lang='lat' dir='ltr'><strong>deosculati</strong></span> <span class='ocrx_word' id='word_1_129' title='bbox 988 2273 1138 2347; x_wconf 86' lang='lat' dir='ltr'><strong>fuerunt</strong></span> <span class='ocrx_word' id='word_1_130' title='bbox 1167 2275 1285 2368; x_wconf 86' lang='lat' dir='ltr'><strong>pedes</strong></span> <span class='ocrx_word' id='word_1_131' title='bbox 1315 2274 1500 2349; x_wconf 87' lang='lat' dir='ltr'><strong>Pontificis</strong></span> <span class='ocrx_word' id='word_1_132' title='bbox 1528 2291 1567 2349; x_wconf 92' lang='lat' dir='ltr'><strong>et</strong></span> <span class='ocrx_word' id='word_1_133' title='bbox 1595 2277 1717 2349; x_wconf 92' lang='lat' dir='ltr'><strong>statim</strong></span> 
     </span>
     <span class='ocr_line' id='line_1_17' title="bbox 224 2397 1715 2493; baseline 0.001 -23"><span class='ocrx_word' id='word_1_134' title='bbox 224 2399 325 2493; x_wconf 86' lang='lat' dir='ltr'><strong>Papa</strong></span> <span class='ocrx_word' id='word_1_135' title='bbox 345 2401 516 2485; x_wconf 88' lang='lat' dir='ltr'><strong>surrexit,</strong></span> <span class='ocrx_word' id='word_1_136' title='bbox 538 2400 728 2474; x_wconf 86' lang='lat' dir='ltr'><strong>benedixit</strong></span> <span class='ocrx_word' id='word_1_137' title='bbox 745 2401 918 2473; x_wconf 90' lang='lat' dir='ltr'><strong>omnibus</strong></span> <span class='ocrx_word' id='word_1_138' title='bbox 937 2414 976 2471; x_wconf 90' lang='lat' dir='ltr'><strong>et</strong></span> <span class='ocrx_word' id='word_1_139' title='bbox 995 2397 1178 2484; x_wconf 90' lang='lat' dir='ltr'><strong>discessit,</strong></span> <span class='ocrx_word' id='word_1_140' title='bbox 1200 2414 1312 2493; x_wconf 92' lang='lat' dir='ltr'><strong>prout</strong></span> <span class='ocrx_word' id='word_1_141' title='bbox 1335 2400 1591 2474; x_wconf 90' lang='lat' dir='ltr'><strong>discesserunt</strong></span> <span class='ocrx_word' id='word_1_142' title='bbox 1609 2401 1715 2474; x_wconf 91' lang='lat' dir='ltr'><strong>etiam</strong></span> 
     </span>
    </p>
   </div>
   <div class='ocr_carea' id='block_1_3' title="bbox 222 2515 1841 2619">
    <p class='ocr_par' dir='ltr' id='par_1_6' title="bbox 222 2515 1841 2619">
     <span class='ocr_line' id='line_1_18' title="bbox 222 2515 1841 2619; baseline -0.001 -22"><span class='ocrx_word' id='word_1_143' title='bbox 222 2547 353 2598; x_wconf 91' lang='lat' dir='ltr'><strong>omnes</strong></span> <span class='ocrx_word' id='word_1_144' title='bbox 382 2525 599 2611; x_wconf 74' lang='lat' dir='ltr'><strong>AuditoreS,</strong></span> <span class='ocrx_word' id='word_1_145' title='bbox 620 2523 729 2597; x_wconf 90' lang='lat' dir='ltr'><strong>valde</strong></span> <span class='ocrx_word' id='word_1_146' title='bbox 757 2524 937 2598; x_wconf 75' lang='lat' dir='ltr'><strong>satisfacti</strong></span> <span class='ocrx_word' id='word_1_147' title='bbox 964 2522 1012 2596; x_wconf 92' lang='lat' dir='ltr'><strong>de</strong></span> <span class='ocrx_word' id='word_1_148' title='bbox 1040 2521 1272 2619; x_wconf 87' lang='lat' dir='ltr'><strong>benignitate</strong></span> <span class='ocrx_word' id='word_1_149' title='bbox 1290 2523 1460 2596; x_wconf 91' lang='lat' dir='ltr'><strong>eiusdem</strong></span> <span class='ocrx_word' id='word_1_150' title='bbox 1480 2523 1664 2598; x_wconf 88' lang='lat' dir='ltr'><strong>Pontificis</strong></span> <span class='ocrx_word' id='word_1_151' title='bbox 1681 2542 1717 2597; x_wconf 93' lang='lat' dir='ltr'><strong>et</strong></span> <span class='ocrx_word' id='word_1_152' title='bbox 1840 2515 1841 2532; x_wconf 53' lang='lat'>¹</span> 
     </span>
    </p>
   </div>
   <div class='ocr_carea' id='block_1_4' title="bbox 223 2646 1024 2724">
    <p class='ocr_par' dir='ltr' id='par_1_7' title="bbox 223 2646 1024 2724">
     <span class='ocr_line' id='line_1_19' title="bbox 223 2646 1024 2724; baseline 0.002 -3"><span class='ocrx_word' id='word_1_153' title='bbox 223 2648 271 2722; x_wconf 88' lang='lat' dir='ltr'><strong>de</strong></span> <span class='ocrx_word' id='word_1_154' title='bbox 299 2675 445 2723; x_wconf 91' lang='lat' dir='ltr'><strong>summo</strong></span> <span class='ocrx_word' id='word_1_155' title='bbox 474 2651 617 2724; x_wconf 90' lang='lat' dir='ltr'><strong>bonore</strong></span> <span class='ocrx_word' id='word_1_156' title='bbox 645 2649 681 2721; x_wconf 92' lang='lat' dir='ltr'><strong>in</strong></span> <span class='ocrx_word' id='word_1_157' title='bbox 709 2650 846 2724; x_wconf 88' lang='lat' dir='ltr'><strong>Rotam</strong></span> <span class='ocrx_word' id='word_1_158' title='bbox 876 2646 1024 2723; x_wconf 80' lang='lat' dir='ltr'><strong>collato,</strong></span> 
     </span>
    </p>
   </div>
   <div class='ocr_carea' id='block_1_5' title="bbox 843 2930 1020 3010">
    <p class='ocr_par' dir='ltr' id='par_1_8' title="bbox 843 2930 1020 3010">
     <span class='ocr_line' id='line_1_20' title="bbox 843 2930 1020 3010; baseline 0.068 -12"><span class='ocrx_word' id='word_1_159' title='bbox 843 2993 846 2998; x_wconf 86' lang='lat'><strong>.</strong></span> <span class='ocrx_word' id='word_1_160' title='bbox 931 2930 1020 3010; x_wconf 82' lang='lat'><strong>284.</strong></span> 
     </span>
    </p>
   </div>
   <div class='ocr_carea' id='block_1_6' title="bbox 223 3072 1716 3298">
    <p class='ocr_par' dir='ltr' id='par_1_9' title="bbox 223 3072 1716 3298">
     <span class='ocr_line' id='line_1_21' title="bbox 223 3072 1716 3174; baseline 0.003 -29"><span class='ocrx_word' id='word_1_161' title='bbox 223 3072 487 3148; x_wconf 78' lang='lat' dir='ltr'><strong>Decernuntur</strong></span> <span class='ocrx_word' id='word_1_162' title='bbox 504 3101 597 3174; x_wconf 86' lang='lat' dir='ltr'><strong>qnae</strong></span> <span class='ocrx_word' id='word_1_163' title='bbox 616 3075 817 3148; x_wconf 78' lang='lat' dir='ltr'><strong>Andt&#39;torcs</strong></span> <span class='ocrx_word' id='word_1_164' title='bbox 827 3076 1027 3173; x_wconf 79' lang='lat' dir='ltr'><strong>peracturi</strong></span> <span class='ocrx_word' id='word_1_165' title='bbox 1039 3076 1174 3170; x_wconf 79' lang='lat' dir='ltr'><strong>forent</strong></span> <span class='ocrx_word' id='word_1_166' title='bbox 1189 3077 1229 3148; x_wconf 82' lang='lat' dir='ltr'><strong>in</strong></span> <span class='ocrx_word' id='word_1_167' title='bbox 1248 3074 1471 3148; x_wconf 73' lang='lat' dir='ltr'><strong>hebdomoda</strong></span> <span class='ocrx_word' id='word_1_168' title='bbox 1488 3086 1625 3162; x_wconf 81' lang='lat' dir='ltr'><strong>sancta,</strong></span> <span class='ocrx_word' id='word_1_169' title='bbox 1647 3103 1716 3174; x_wconf 85' lang='lat' dir='ltr'><strong>qua</strong></span> 
     </span>
     <span class='ocr_line' id='line_1_22' title="bbox 304 3199 761 3298; baseline 0.002 -24"><span class='ocrx_word' id='word_1_170' title='bbox 304 3201 507 3298; x_wconf 78' lang='lat' dir='ltr'><strong>Apostolici</strong></span> <span class='ocrx_word' id='word_1_171' title='bbox 531 3199 761 3275; x_wconf 79' lang='lat' dir='ltr'><strong>Subdiaccmc&#39;.</strong></span> 
     </span>
    </p>
   </div>
   <div class='ocr_carea' id='block_1_7' title="bbox 302 3336 891 3410">
    <p class='ocr_par' dir='ltr' id='par_1_10' title="bbox 302 3336 891 3410">
     <span class='ocr_line' id='line_1_23' title="bbox 302 3336 891 3410; baseline 0.003 -16"><span class='ocrx_word' id='word_1_172' title='bbox 302 3336 417 3408; x_wconf 74' lang='lat' dir='ltr'><strong>(Arcu.</strong></span> <span class='ocrx_word' id='word_1_173' title='bbox 437 3337 530 3410; x_wconf 71' lang='lat' dir='ltr'><strong>Rom,</strong></span> <span class='ocrx_word' id='word_1_174' title='bbox 547 3337 737 3395; x_wconf 82' lang='lat' dir='ltr'><strong>«Dc&#39;arium</strong></span> <span class='ocrx_word' id='word_1_175' title='bbox 758 3337 891 3410; x_wconf 81' lang='lat' dir='ltr'><strong>Celsr&#39;»).</strong></span> 
     </span>
    </p>
   </div>
   <div class='ocr_carea' id='block_1_8' title="bbox 221 3500 1717 3994">
    <p class='ocr_par' dir='ltr' id='par_1_11' title="bbox 221 3500 1717 3994">
     <span class='ocr_line' id='line_1_24' title="bbox 654 3500 1290 3598; baseline 0.009 -25"><span class='ocrx_word' id='word_1_176' title='bbox 654 3501 725 3574; x_wconf 89' lang='lat' dir='ltr'><strong>Die</strong></span> <span class='ocrx_word' id='word_1_177' title='bbox 755 3501 930 3575; x_wconf 85' lang='lat' dir='ltr'><strong>Mercurii</strong></span> <span class='ocrx_word' id='word_1_178' title='bbox 961 3523 979 3596; x_wconf 87' lang='lat'><strong>5</strong></span> <span class='ocrx_word' id='word_1_179' title='bbox 1012 3500 1152 3598; x_wconf 87' lang='lat' dir='ltr'><strong>Aprilis</strong></span> <span class='ocrx_word' id='word_1_180' title='bbox 1179 3509 1290 3596; x_wconf 88' lang='lat'>1656.</span> 
     </span>
     <span class='ocr_line' id='line_1_25' title="bbox 304 3642 1717 3744; baseline 0.003 -27"><span class='ocrx_word' id='word_1_181' title='bbox 304 3647 403 3718; x_wconf 91' lang='lat' dir='ltr'><strong>Rota</strong></span> <span class='ocrx_word' id='word_1_182' title='bbox 433 3642 704 3726; x_wconf 84' lang='lat' dir='ltr'><strong>Memorialium</strong></span> <span class='ocrx_word' id='word_1_183' title='bbox 715 3701 777 3721; x_wconf 91' lang='grc'><strong>.....</strong></span> <span class='ocrx_word' id='word_1_184' title='bbox 799 3643 865 3716; x_wconf 85' lang='lat' dir='ltr'><strong>luit</strong></span> <span class='ocrx_word' id='word_1_185' title='bbox 882 3643 1032 3718; x_wconf 92' lang='lat' dir='ltr'><strong>habitus</strong></span> <span class='ocrx_word' id='word_1_186' title='bbox 1060 3668 1186 3718; x_wconf 90' lang='lat' dir='ltr'><strong>sermo</strong></span> <span class='ocrx_word' id='word_1_187' title='bbox 1215 3668 1329 3739; x_wconf 91' lang='lat' dir='ltr'><strong>super</strong></span> <span class='ocrx_word' id='word_1_188' title='bbox 1355 3645 1604 3722; x_wconf 80' lang='lat' dir='ltr'><strong>functionibus</strong></span> <span class='ocrx_word' id='word_1_189' title='bbox 1623 3673 1717 3744; x_wconf 90' lang='lat' dir='ltr'><strong>quae</strong></span> 
     </span>
     <span class='ocr_line' id='line_1_26' title="bbox 221 3767 1717 3870; baseline 0.001 -26"><span class='ocrx_word' id='word_1_190' title='bbox 221 3786 331 3844; x_wconf 89' lang='lat' dir='ltr'><strong>erunt</strong></span> <span class='ocrx_word' id='word_1_191' title='bbox 358 3769 598 3870; x_wconf 82' lang='lat' dir='ltr'><strong>peragendae</strong></span> <span class='ocrx_word' id='word_1_192' title='bbox 616 3770 665 3842; x_wconf 92' lang='lat' dir='ltr'><strong>ab</strong></span> <span class='ocrx_word' id='word_1_193' title='bbox 684 3769 932 3842; x_wconf 90' lang='lat' dir='ltr'><strong>Auditoribus</strong></span> <span class='ocrx_word' id='word_1_194' title='bbox 953 3785 1144 3865; x_wconf 89' lang='lat' dir='ltr'><strong>tamquam</strong></span> <span class='ocrx_word' id='word_1_195' title='bbox 1164 3767 1411 3844; x_wconf 90' lang='lat' dir='ltr'><strong>Subdiaconis</strong></span> <span class='ocrx_word' id='word_1_196' title='bbox 1429 3770 1464 3843; x_wconf 92' lang='lat' dir='ltr'><strong>in</strong></span> <span class='ocrx_word' id='word_1_197' title='bbox 1484 3770 1717 3848; x_wconf 85' lang='lat' dir='ltr'><strong>hebdomada</strong></span> 
     </span>
     <span class='ocr_line' id='line_1_27' title="bbox 221 3894 1717 3994; baseline 0.002 -24"><span class='ocrx_word' id='word_1_198' title='bbox 221 3897 369 3983; x_wconf 85' lang='lat' dir='ltr'><strong>Sancta,</strong></span> <span class='ocrx_word' id='word_1_199' title='bbox 390 3899 424 3968; x_wconf 93' lang='lat' dir='ltr'><strong>in</strong></span> <span class='ocrx_word' id='word_1_200' title='bbox 451 3895 509 3968; x_wconf 93' lang='lat' dir='ltr'><strong>die</strong></span> <span class='ocrx_word' id='word_1_201' title='bbox 539 3895 740 3981; x_wconf 92' lang='lat' dir='ltr'><strong>Paschatis,</strong></span> <span class='ocrx_word' id='word_1_202' title='bbox 763 3895 799 3966; x_wconf 95' lang='lat' dir='ltr'><strong>in</strong></span> <span class='ocrx_word' id='word_1_203' title='bbox 818 3895 1079 3969; x_wconf 89' lang='lat' dir='ltr'><strong>benedictione</strong></span> <span class='ocrx_word' id='word_1_204' title='bbox 1098 3897 1236 3994; x_wconf 89' lang='lat' dir='ltr'><strong>Agnus</strong></span> <span class='ocrx_word' id='word_1_205' title='bbox 1256 3895 1327 3970; x_wconf 92' lang='lat' dir='ltr'><strong>Dei</strong></span> <span class='ocrx_word' id='word_1_206' title='bbox 1346 3912 1385 3970; x_wconf 92' lang='lat' dir='ltr'><strong>et</strong></span> <span class='ocrx_word' id='word_1_207' title='bbox 1404 3894 1546 3985; x_wconf 88' lang='lat' dir='ltr'><strong>similia,</strong></span> <span class='ocrx_word' id='word_1_208' title='bbox 1566 3914 1607 3971; x_wconf 93' lang='lat' dir='ltr'><strong>et</strong></span> <span class='ocrx_word' id='word_1_209' title='bbox 1624 3901 1717 3973; x_wconf 87' lang='lat' dir='ltr'><strong>circa</strong></span> 
     </span>
    </p>
   </div>
   <div class='ocr_carea' id='block_1_9' title="bbox 221 4018 1717 4252">
    <p class='ocr_par' dir='ltr' id='par_1_12' title="bbox 221 4018 1717 4252">
     <span class='ocr_line' id='line_1_28' title="bbox 223 4018 1717 4118; baseline 0.003 -26"><span class='ocrx_word' id='word_1_210' title='bbox 223 4018 367 4094; x_wconf 90' lang='lat' dir='ltr'><strong>Bullam</strong></span> <span class='ocrx_word' id='word_1_211' title='bbox 396 4045 493 4116; x_wconf 91' lang='lat' dir='ltr'><strong>quae</strong></span> <span class='ocrx_word' id='word_1_212' title='bbox 521 4019 660 4118; x_wconf 87' lang='lat' dir='ltr'><strong>legitur</strong></span> <span class='ocrx_word' id='word_1_213' title='bbox 687 4022 747 4110; x_wconf 87' lang='lat' dir='ltr'><strong>die</strong></span> <span class='ocrx_word' id='word_1_214' title='bbox 776 4019 873 4092; x_wconf 92' lang='lat' dir='ltr'><strong>lovis</strong></span> <span class='ocrx_word' id='word_1_215' title='bbox 901 4020 1055 4115; x_wconf 91' lang='lat' dir='ltr'><strong>quando</strong></span> <span class='ocrx_word' id='word_1_216' title='bbox 1084 4020 1185 4115; x_wconf 90' lang='lat' dir='ltr'><strong>Papa</strong></span> <span class='ocrx_word' id='word_1_217' title='bbox 1213 4022 1279 4096; x_wconf 90' lang='lat' dir='ltr'><strong>dat</strong></span> <span class='ocrx_word' id='word_1_218' title='bbox 1307 4021 1623 4107; x_wconf 79' lang='lat' dir='ltr'><strong>benedictionem,</strong></span> <span class='ocrx_word' id='word_1_219' title='bbox 1654 4023 1717 4096; x_wconf 86' lang='lat' dir='ltr'><strong>luit</strong></span> 
     </span>
     <span class='ocr_line' id='line_1_29' title="bbox 221 4143 1128 4252; baseline 0.003 -35"><span class='ocrx_word' id='word_1_220' title='bbox 221 4146 360 4220; x_wconf 90' lang='lat' dir='ltr'><strong>dictum</strong></span> <span class='ocrx_word' id='word_1_221' title='bbox 389 4147 492 4242; x_wconf 92' lang='lat' dir='ltr'><strong>quod</strong></span> <span class='ocrx_word' id='word_1_222' title='bbox 521 4144 619 4218; x_wconf 91' lang='lat' dir='ltr'><strong>illam</strong></span> <span class='ocrx_word' id='word_1_223' title='bbox 647 4145 792 4242; x_wconf 90' lang='lat' dir='ltr'><strong>legeret</strong></span> <span class='ocrx_word' id='word_1_224' title='bbox 821 4145 869 4216; x_wconf 92' lang='lat' dir='ltr'><strong>D.</strong></span> <span class='ocrx_word' id='word_1_225' title='bbox 901 4143 1052 4252; x_wconf 89' lang='lat' dir='ltr'><strong>Meltius</strong></span> <span class='ocrx_word' id='word_1_226' title='bbox 1065 4203 1128 4220; x_wconf 92' lang='grc'><strong>.....</strong></span> 
     </span>
    </p>
   </div>
   <div class='ocr_carea' id='block_1_10' title="bbox 932 4423 1021 4502">
    <p class='ocr_par' dir='ltr' id='par_1_13' title="bbox 932 4423 1021 4502">
     <span class='ocr_line' id='line_1_30' title="bbox 932 4423 1021 4502; baseline 0.011 -1"><span class='ocrx_word' id='word_1_227' title='bbox 932 4423 1021 4502; x_wconf 83' lang='lat'><strong>285.</strong></span> 
     </span>
    </p>
   </div>
   <div class='ocr_carea' id='block_1_11' title="bbox 221 4568 1720 4792">
    <p class='ocr_par' dir='ltr' id='par_1_14' title="bbox 221 4568 1720 4792">
     <span class='ocr_line' id='line_1_31' title="bbox 221 4568 1720 4649; baseline 0.005 -7"><span class='ocrx_word' id='word_1_228' title='bbox 221 4571 422 4643; x_wconf 81' lang='lat' dir='ltr'><strong>Auditorcs</strong></span> <span class='ocrx_word' id='word_1_229' title='bbox 450 4571 567 4644; x_wconf 79' lang='lat' dir='ltr'><strong>Rotae</strong></span> <span class='ocrx_word' id='word_1_230' title='bbox 594 4570 849 4642; x_wconf 78' lang='lat' dir='ltr'><strong>invitabantur</strong></span> <span class='ocrx_word' id='word_1_231' title='bbox 876 4577 911 4640; x_wconf 81' lang='lat' dir='ltr'><strong>ct</strong></span> <span class='ocrx_word' id='word_1_232' title='bbox 935 4569 1142 4640; x_wconf 81' lang='lat' dir='ltr'><strong>c&#39;ntercrant</strong></span> <span class='ocrx_word' id='word_1_233' title='bbox 1162 4568 1396 4643; x_wconf 74' lang='lat' dir='ltr'><strong>bcncdz&#39;ctzbnz&#39;</strong></span> <span class='ocrx_word' id='word_1_234' title='bbox 1410 4579 1446 4643; x_wconf 81' lang='lat' dir='ltr'><strong>ct</strong></span> <span class='ocrx_word' id='word_1_235' title='bbox 1460 4577 1720 4649; x_wconf 82' lang='lat' dir='ltr'><strong>consecrationi</strong></span> 
     </span>
     <span class='ocr_line' id='line_1_32' title="bbox 309 4695 638 4792; baseline 0.015 -26"><span class='ocrx_word' id='word_1_236' title='bbox 309 4726 326 4766; x_wconf 86' lang='lat'><strong>‹</strong></span> <span class='ocrx_word' id='word_1_237' title='bbox 345 4695 481 4792; x_wconf 78' lang='lat' dir='ltr'><strong>Agnus</strong></span> <span class='ocrx_word' id='word_1_238' title='bbox 510 4697 587 4768; x_wconf 82' lang='lat' dir='ltr'><strong>Dei</strong></span> <span class='ocrx_word' id='word_1_239' title='bbox 602 4721 638 4771; x_wconf 71' lang='lat' dir='ltr'><strong>r.</strong></span> 
     </span>
    </p>
   </div>
   <div class='ocr_carea' id='block_1_12' title="bbox 299 4831 889 4907">
    <p class='ocr_par' dir='ltr' id='par_1_15' title="bbox 299 4831 889 4907">
     <span class='ocr_line' id='line_1_33' title="bbox 299 4831 889 4907; baseline -0.008 -15"><span class='ocrx_word' id='word_1_240' title='bbox 299 4835 415 4907; x_wconf 70' lang='lat' dir='ltr'><strong>(Arcu.</strong></span> <span class='ocrx_word' id='word_1_241' title='bbox 434 4834 521 4906; x_wconf 77' lang='lat' dir='ltr'><strong>Ror,</strong></span> <span class='ocrx_word' id='word_1_242' title='bbox 546 4833 733 4891; x_wconf 81' lang='lat' dir='ltr'><strong>‹Dz&#39;arium</strong></span> <span class='ocrx_word' id='word_1_243' title='bbox 755 4831 889 4904; x_wconf 55' lang='grc' dir='ltr'><strong>αἰεί»)</strong></span> 
     </span>
    </p>
   </div>
   <div class='ocr_carea' id='block_1_13' title="bbox 218 5013 1715 5485">
    <p class='ocr_par' dir='ltr' id='par_1_16' title="bbox 218 5013 1715 5485">
     <span class='ocr_line' id='line_1_34' title="bbox 302 5013 1715 5120; baseline 0.004 -32"><span class='ocrx_word' id='word_1_244' title='bbox 302 5015 373 5088; x_wconf 91' lang='lat' dir='ltr'><strong>Die</strong></span> <span class='ocrx_word' id='word_1_245' title='bbox 410 5015 585 5088; x_wconf 89' lang='lat' dir='ltr'><strong>Mercurii</strong></span> <span class='ocrx_word' id='word_1_246' title='bbox 619 5039 663 5105; x_wconf 92' lang='lat'><strong>19</strong></span> <span class='ocrx_word' id='word_1_247' title='bbox 693 5013 835 5110; x_wconf 89' lang='lat' dir='ltr'><strong>Aprilis</strong></span> <span class='ocrx_word' id='word_1_248' title='bbox 873 5030 912 5087; x_wconf 89' lang='lat' dir='ltr'><strong>et</strong></span> <span class='ocrx_word' id='word_1_249' title='bbox 949 5014 1008 5087; x_wconf 91' lang='lat' dir='ltr'><strong>die</strong></span> <span class='ocrx_word' id='word_1_250' title='bbox 1037 5015 1195 5088; x_wconf 88' lang='lat' dir='ltr'><strong>Veneris</strong></span> <span class='ocrx_word' id='word_1_251' title='bbox 1227 5039 1269 5088; x_wconf 92' lang='lat'><strong>21</strong></span> <span class='ocrx_word' id='word_1_252' title='bbox 1303 5015 1444 5112; x_wconf 82' lang='lat' dir='ltr'><strong>Aprilis</strong></span> <span class='ocrx_word' id='word_1_253' title='bbox 1476 5013 1617 5120; x_wconf 87' lang='lat'>(1656)</span> <span class='ocrx_word' id='word_1_254' title='bbox 1652 5021 1715 5092; x_wconf 85' lang='lat' dir='ltr'><strong>luit</strong></span> 
     </span>
     <span class='ocr_line' id='line_1_35' title="bbox 219 5138 1713 5243; baseline 0.004 -32"><span class='ocrx_word' id='word_1_255' title='bbox 219 5140 316 5213; x_wconf 88' lang='lat' dir='ltr'><strong>sacta</strong></span> <span class='ocrx_word' id='word_1_256' title='bbox 344 5139 552 5213; x_wconf 90' lang='lat' dir='ltr'><strong>benedictio</strong></span> <span class='ocrx_word' id='word_1_257' title='bbox 581 5154 620 5212; x_wconf 87' lang='lat' dir='ltr'><strong>et</strong></span> <span class='ocrx_word' id='word_1_258' title='bbox 647 5141 878 5213; x_wconf 89' lang='lat' dir='ltr'><strong>consecratio</strong></span> <span class='ocrx_word' id='word_1_259' title='bbox 906 5141 1044 5243; x_wconf 87' lang='lat' dir='ltr'><strong>Agnus</strong></span> <span class='ocrx_word' id='word_1_260' title='bbox 1081 5138 1165 5226; x_wconf 90' lang='lat' dir='ltr'><strong>Dei,</strong></span> <span class='ocrx_word' id='word_1_261' title='bbox 1197 5140 1230 5212; x_wconf 91' lang='lat' dir='ltr'><strong>in</strong></span> <span class='ocrx_word' id='word_1_262' title='bbox 1269 5164 1345 5237; x_wconf 89' lang='lat' dir='ltr'><strong>qua</strong></span> <span class='ocrx_word' id='word_1_263' title='bbox 1381 5139 1568 5217; x_wconf 81' lang='lat' dir='ltr'><strong>iunctione</strong></span> <span class='ocrx_word' id='word_1_264' title='bbox 1604 5144 1713 5218; x_wconf 87' lang='lat' dir='ltr'><strong>inter·</strong></span> 
     </span>
     <span class='ocr_line' id='line_1_36' title="bbox 218 5263 1710 5366; baseline 0.003 -29"><span class='ocrx_word' id='word_1_265' title='bbox 218 5281 402 5338; x_wconf 90' lang='lat' dir='ltr'><strong>venerunt</strong></span> <span class='ocrx_word' id='word_1_266' title='bbox 429 5263 505 5336; x_wconf 93' lang='lat' dir='ltr'><strong>duo</strong></span> <span class='ocrx_word' id='word_1_267' title='bbox 534 5290 581 5337; x_wconf 89' lang='lat' dir='ltr'><strong>ex</strong></span> <span class='ocrx_word' id='word_1_268' title='bbox 609 5263 854 5338; x_wconf 88' lang='lat' dir='ltr'><strong>Auditoribus</strong></span> <span class='ocrx_word' id='word_1_269' title='bbox 884 5265 986 5337; x_wconf 88' lang='lat' dir='ltr'><strong>iuxta</strong></span> <span class='ocrx_word' id='word_1_270' title='bbox 1014 5265 1183 5338; x_wconf 89' lang='lat' dir='ltr'><strong>ordinem</strong></span> <span class='ocrx_word' id='word_1_271' title='bbox 1211 5264 1341 5338; x_wconf 88' lang='lat' dir='ltr'><strong>datum</strong></span> <span class='ocrx_word' id='word_1_272' title='bbox 1362 5290 1384 5338; x_wconf 89' lang='lat' dir='ltr'><strong>a</strong></span> <span class='ocrx_word' id='word_1_273' title='bbox 1405 5267 1599 5366; x_wconf 85' lang='lat' dir='ltr'><strong>Magistris</strong></span> <span class='ocrx_word' id='word_1_274' title='bbox 1620 5269 1710 5344; x_wconf 88' lang='lat' dir='ltr'><strong>Cae·</strong></span> 
     </span>
     <span class='ocr_line' id='line_1_37' title="bbox 218 5387 1486 5485; baseline 0.004 -22"><span class='ocrx_word' id='word_1_275' title='bbox 218 5391 477 5475; x_wconf 90' lang='lat' dir='ltr'><strong>remoniarum,</strong></span> <span class='ocrx_word' id='word_1_276' title='bbox 510 5413 645 5485; x_wconf 90' lang='lat' dir='ltr'><strong>nempe</strong></span> <span class='ocrx_word' id='word_1_277' title='bbox 673 5390 792 5462; x_wconf 76' lang='lat' dir='ltr'><strong>Rmus</strong></span> <span class='ocrx_word' id='word_1_278' title='bbox 822 5387 999 5464; x_wconf 87' lang='lat' dir='ltr'><strong>Decanus</strong></span> <span class='ocrx_word' id='word_1_279' title='bbox 1026 5406 1065 5464; x_wconf 87' lang='lat' dir='ltr'><strong>et</strong></span> <span class='ocrx_word' id='word_1_280' title='bbox 1093 5391 1218 5464; x_wconf 87' lang='lat' dir='ltr'><strong>senior</strong></span> <span class='ocrx_word' id='word_1_281' title='bbox 1244 5389 1280 5464; x_wconf 92' lang='lat' dir='ltr'><strong>in</strong></span> <span class='ocrx_word' id='word_1_282' title='bbox 1309 5391 1486 5468; x_wconf 89' lang='lat' dir='ltr'><strong>ordine...</strong></span> 
     </span>
    </p>
   </div>
   <div class='ocr_carea' id='block_1_14' title="bbox 0 0 1864 5916">
    <p class='ocr_par' dir='ltr' id='par_1_17' title="bbox 0 0 1864 5916">
     <span class='ocr_line' id='line_1_38' title="bbox 0 0 1864 5916; baseline 0 1"><span class='ocrx_word' id='word_1_283' title='bbox 0 0 1864 5916; x_wconf 95' lang='lat' dir='ltr'><strong> </strong></span> 
     </span>
    </p>
   </div>
  </div>
 </body>
</html>
