3708 5918
738 293 918 366 Bom'sacia
946 294 1030 356 VIII

835 652 952 779 48⁰.

122 845 342 938 Bonisacius
378 847 484 922 VIII
521 856 685 934 testatur,
730 875 879 922 causam
920 849 1136 938 devolutam,
1179 851 1437 946 Apostolicam
1479 852 1618 927 Sedem

198 970 414 1044 commisisse
440 972 611 1044 Nicalina
642 972 687 1044 da
717 971 885 1060 Camilla,
917 971 1125 1069 Capeliano
1152 975 1275 1048 dictae
1303 974 1413 1050 Sedis
1440 1001 1484 1050 ac
1511 977 1618 1072 Apo-

198 1093 319 1168 stolici
348 1095 477 1170 Palatii
495 1096 671 1186 Auditori
699 1123 907 1172 causarum.
928 1097 1052 1172 Causa
1078 1101 1268 1173 successiva
1286 1101 1441 1174 diversis
1459 1102 1618 1175 Audita-

197 1220 300 1294 ribus
326 1220 372 1292 ab
398 1221 522 1294 eadem
550 1220 640 1295 Sede
666 1223 854 1297 commissa
881 1225 1011 1310 extitit,
1042 1224 1172 1297 deiude
1207 1226 1282 1324 ipsc
1320 1227 1427 1324 Papa
1465 1227 1616 1300 caudam

197 1343 419 1416 audendum
446 1345 635 1418 committit
663 1346 824 1441 Ouustia
850 1347 895 1420 dc
930 1347 1067 1431 Trabis,
1090 1346 1288 1446 Capellaua
1309 1375 1374 1423 ma
1392 1359 1426 1423 at
1440 1350 1622 1425 Auditari

198 1493 396 1542 causarum
416 1468 454 1544 S.
481 1469 527 1542 P.
548 1470 600 1542 A.
619 1471 687 1567 qui
709 1471 922 1544 senteutiam
948 1485 1059 1570 super
1082 1499 1125 1546 aa
1153 1472 1250 1548 dicit.
1274 1473 1395 1548 Causa
1417 1475 1613 1572 appellata,

197 1592 244 1664 ab
260 1593 380 1666 cadam
399 1593 596 1688 Bam'facia
614 1595 850 1669 committitur
868 1595 1022 1694 Symaui
1044 1597 1089 1670 a'a
1117 1597 1314 1686 Maruilla,
1338 1598 1535 1699 Capellaua
1552 1625 1617 1674 sua

197 1725 233 1789 et
263 1741 461 1792 causarum
490 1719 697 1816 praelibati
727 1721 874 1794 Palatii
907 1722 1098 1796 Auditari.
1134 1723 1270 1798 Adhuc
1301 1749 1413 1797 causa
1442 1725 1616 1822 pendente

198 1867 322 1916 caram
349 1841 515 1940 Symam,
537 1843 658 1940 Papa,
687 1844 795 1920 iustis
817 1848 1019 1944 gram'squa
1045 1847 1090 1919 de
1116 1849 1246 1935 caueri,
1268 1847 1499 1924 Ruthamusi
1523 1850 1617 1948 Epi-

197 1977 299 2064 scopo
325 1967 482 2042 mandat
508 1977 551 2040 ut
575 1995 655 2042 cam
682 1969 727 2042 da
746 1969 873 2070 plana.
898 1971 976 2044 suu
1002 1972 1158 2070 strepitu
1175 1981 1211 2046 at
1225 1973 1365 2070 figura
1393 1973 1530 2058 iudicii,
1546 1983 1616 2048 tar·

198 2092 342 2165 nauare
362 2101 549 2191 procurat.

198 2279 290 2352 (Res.
308 2279 403 2356 Vna,
421 2281 477 2352 50,
495 2282 559 2356 fot.
578 2281 679 2355 25312,
698 2301 730 2344 u.
748 2284 836 2352 386,·
855 2283 993 2359 Dmmeo,
1012 2283 1152 2360 Faucou,
1171 2285 1314 2362 Tuouns,
1333 2305 1365 2346 n.
1384 2288 1490 2359 4931).

1112 2531 1190 2606 1³01,
1208 2531 1390 2591 decembris
1407 2533 1434 2606 6,
1452 2533 1615 2594 Laterani.

203 2708 415 2782 Venerabili
440 2709 575 2802 fratri
602 2703 765 2812 P[atra],
799 2708 958 2808 aprsmpo
992 2708 1229 2793 Ruthamnri.
1271 2709 1474 2786 Personam
1511 2725 1614 2786 tuam

115 2833 222 2907 nobis
240 2849 281 2906 et
298 2833 518 2928 Apostolice
545 2831 635 2907 Sedi
663 2833 800 2908 devota
827 2833 997 2920 libenter,
1028 2834 1063 2906 in
1091 2833 1227 2930 quibus
1255 2857 1468 2930 possumus,
1496 2836 1614 2910 hono-

116 2983 252 3044 ramus,
282 2972 323 3032 et
348 2982 393 3031 ea
421 2958 498 3043 tibi,
528 2958 576 3032 de
603 2956 879 3054 quofiduciam
917 2957 1084 3055 gerimus
1126 2958 1161 3031 in
1195 2958 1359 3031 Domino
1395 2958 1611 3054 pleniorem,

115 3107 247 3156 secure
283 3083 561 3168 committimus,
590 3105 665 3177 que
703 3082 751 3156 ad
787 3083 988 3159 comodum
1025 3083 1181 3158 aliorum
1220 3099 1259 3157 et
1295 3083 1345 3156 ad
1379 3101 1443 3156 tue
1478 3084 1614 3158 mentis

113 3209 280 3305 quietern
309 3208 465 3281 tendere
493 3206 745 3282 dinoscantur.

195 3331 330 3406 Petitio
356 3331 509 3428 quidem
541 3349 605 3405 tua
637 3355 756 3427 nuper
787 3332 894 3406 nobis
926 3332 1090 3408 exhibita
1117 3331 1344 3418 continebat,
1382 3335 1486 3429 quod
1518 3334 1614 3408 inter

112 3459 334 3556 magistrum
362 3457 563 3531 Iohannem
591 3455 730 3532 dictum
758 3456 998 3530 Labacalaria
1024 3473 1065 3530 et
1092 3457 1313 3555 magistrum
1342 3457 1492 3531 Petrum
1522 3459 1614 3533 Ber-

115 3582 231 3666 nardi,
253 3583 452 3655 canonicos
479 3581 754 3667 Ruthenenses,
773 3605 887 3676 super
913 3606 960 3655 eo
980 3582 1083 3677 quod
1110 3581 1210 3656 idem
1238 3581 1423 3657 lohannes
1454 3585 1614 3657 auctori-

113 3723 190 3781 tate
209 3706 419 3780 litterarum
438 3721 649 3780 nostrarum
669 3731 711 3780 se
730 3706 865 3780 asserit
884 3707 919 3779 in
939 3707 1156 3780 canonicum
1171 3707 1326 3781 ecclesie
1346 3706 1610 3795 Ruthenensis,

114 3833 184 3906 sub
202 3833 464 3927 expectatione
482 3846 659 3905 vacature
680 3831 881 3927 prebende,
911 3831 1085 3906 canonice
1113 3831 1230 3905 luisse
1248 3847 1452 3929 receptum,
1473 3833 1613 3907 dictus-

113 3982 186 4054 que
217 3955 351 4030 Petrus
379 3956 632 4052 receptionem
661 3957 872 4031 huiusmodi
910 3957 1020 4031 certis
1054 3982 1102 4031 ex
1138 3957 1259 4030 causis
1291 3958 1500 4056 impugnat,
1529 3974 1614 4032 orta

112 4081 270 4155 materia
307 4081 523 4176 questionis,
563 4096 602 4154 et
639 4083 675 4155 in
712 4105 824 4155 causa
861 4080 1082 4166 huiusmodi,
1113 4106 1183 4178 per
1208 4081 1498 4178 appeliationem
1526 4083 1614 4157 dicti

113 4205 212 4280 Petri
240 4205 290 4280 ad
336 4204 474 4294 Sedem
516 4205 774 4302 Apostolicam
812 4206 999 4289 devoluta,
1038 4230 1163 4281 coram
1201 4206 1391 4302 quondam
1430 4208 1612 4306 magistro

113 4331 286 4405 Nicolino
313 4330 361 4404 de
390 4329 556 4416 Camilla,
581 4330 769 4405 Canonico
797 4331 1052 4418 Ambianensi,
1084 4330 1276 4428 capellano
1305 4331 1402 4406 dicte
1432 4333 1540 4407 Sedis
1568 4357 1612 4405 ac

112 4455 322 4553 Apostolici
350 4456 476 4552 palatii
503 4456 673 4531 auditore
701 4481 908 4542 causarum,
938 4480 1006 4552 per
1023 4457 1184 4532 eandem
1213 4455 1350 4530 Sedem
1378 4456 1547 4530 auditore
1577 4458 1611 4529 in

112 4585 211 4657 dicta
249 4606 363 4656 causa
400 4581 610 4679 specialiter
646 4580 840 4677 deputato,
870 4607 985 4677 super
1021 4580 1144 4656 libello
1182 4607 1229 4654 ex
1256 4598 1364 4677 parte
1397 4581 1483 4655 dicti
1513 4583 1612 4657 Petri

111 4709 249 4795 oblato,
280 4707 343 4780 lite
372 4707 468 4782 inter
494 4722 759 4802 procuratores
785 4707 945 4803 partium
969 4705 1135 4804 legitime
1165 4723 1375 4781 contestata
1403 4707 1450 4779 de
1477 4707 1610 4780 calum·

112 4834 195 4928 pnia
235 4847 274 4905 et
308 4830 466 4906 veritate
503 4830 658 4904 dicenda
695 4831 862 4927 prestitis
899 4829 1114 4904 iuramentis
1152 4830 1235 4903 hinc
1267 4830 1362 4916 inde,
1393 4856 1437 4904 ac
1475 4831 1611 4906 dilecto

112 4956 182 5030 filio
211 4957 397 5054 magistro
416 4957 571 5030 Andrea
598 4953 646 5028 de
675 4955 845 5050 Pipern0,
871 4971 1115 5050 procuratore
1142 4955 1408 5053 magistrorum
1438 4955 1534 5029 Petri
1562 4957 1611 5030 de

114 5079 282 5168 Cabanis,
314 5080 563 5154 archidiaconi
582 5077 858 5154 Amelianensis
876 5079 912 5153 in
933 5079 1066 5153 eadem
1094 5077 1262 5163 ecclesia,
1284 5079 1495 5174 Raymundi
1515 5079 1611 5152 Pau-

113 5205 223 5295 chelii,
256 5223 345 5280 tunc
383 5205 549 5291 sacriste,
589 5203 807 5302 Berengarii
843 5203 891 5277 de
923 5203 1114 5278 Landerra
1141 5219 1180 5276 et
1208 5204 1401 5298 quondam
1431 5203 1610 5277 Bernardi

114 5331 157 5406 de
195 5331 377 5430 Ve'yrac0,
416 5331 676 5405 canonicorum
714 5330 812 5402 dicte
848 5329 1015 5416 ecclesie,
1053 5329 1116 5424 qui
1153 5327 1265 5402 etiam
1303 5341 1433 5402 contra
1470 5328 1609 5402 dictum
