3708 5918
233 337 284 396 108
331 323 332 328 ’
868 329 1004 390 soeculo
1023 329 1091 390 XV

229 527 418 602 audientia
445 527 519 626 legi
547 542 587 600 et
614 525 793 622 publicari
820 523 993 598 volumus
1020 539 1060 596 et
1086 524 1268 610 iubemus,
1298 547 1441 619 easque
1478 523 1726 620 praecipimus

230 654 278 727 ab
306 652 478 728 omnibus
505 649 764 726 inviolabiliter
791 648 994 724 observari.
1026 647 1077 720 Et
1103 648 1189 722 licet
1220 648 1280 722 sel.
1310 673 1382 723 rec.
1412 649 1595 723 lohannes
1615 647 1726 722 XXII

227 794 265 850 ct
294 777 504 875 Gregorius
533 775 596 858 Xl,
629 773 790 850 Romani
819 771 1015 848 Pontifices
1043 774 1359 870 praedecessores
1380 774 1508 858 nostri,
1531 773 1730 848 nonnullas

231 901 517 976 constitutiones
553 915 593 974 et
626 898 878 974 ordinationes
924 897 1020 972 circa
1057 898 1225 997 regimen
1267 913 1308 972 et
1343 897 1614 972 ordinationem
1652 897 1729 972 offi-

231 1024 374 1100 cialium
424 1041 464 1099 et
500 1023 705 1099 officiorum
740 1025 910 1097 eiusdem
948 1021 1084 1097 Curiae
1121 1022 1354 1097 laudabiliter
1395 1021 1598 1110 ediderint,
1641 1024 1730 1119 quia

231 1167 356 1224 tamen
384 1149 479 1234 illae,
517 1149 644 1222 mundi
680 1165 873 1223 crescente
910 1148 1060 1234 malitia,
1099 1163 1166 1221 aut
1202 1147 1328 1223 debite
1366 1172 1440 1222 non
1468 1149 1730 1234 observantur,

231 1291 296 1349 aut
324 1275 575 1350 additionibus
611 1273 762 1348 utilibus
799 1271 967 1370 indigere
1005 1286 1221 1358 noscuntur,
1261 1297 1330 1346 nos
1365 1297 1481 1369 super
1517 1273 1574 1346 his
1611 1272 1731 1347 inten-

231 1400 376 1488 dentes,
407 1415 520 1496 prout
547 1423 594 1472 ex
622 1398 750 1472 debito
777 1396 980 1493 pastoralis
1015 1397 1124 1470 officii
1160 1397 1381 1495 obligamur,
1421 1397 1621 1472 salubriter
1647 1423 1733 1494 pro·

231 1523 369 1610 videre,
391 1524 678 1598 constitutiones
702 1536 740 1595 et
764 1522 1018 1595 ordinationes
1042 1521 1225 1596 dictorum
1245 1522 1580 1617 praedecessorum
1600 1536 1732 1596 tenore

232 1648 486 1746 praesentium
514 1648 736 1722 auctoritate
765 1645 986 1741 Apostolica
1013 1646 1249 1733 innovantes,
1277 1671 1344 1720 eas
1372 1672 1455 1720 cum
1478 1644 1736 1721 additionibus

232 1771 484 1869 infrascriptis,
524 1796 620 1868 quas
656 1772 729 1844 vim
767 1786 974 1865 perpetuae
1011 1770 1287 1844 constitutionis
1314 1771 1454 1845 habere
1482 1771 1731 1856 decernimus,

232 1898 480 1994 praecipimus
510 1897 663 1970 firmiter
691 1895 895 1970 observari.
926 1893 1153 1970 Mandantes
1189 1918 1238 1970 ex
1268 1920 1363 1969 nunc
1399 1894 1600 1970 venerabili
1628 1894 1733 1970 [ratri

232 2039 361 2095 nostro
389 2021 542 2096 Iohanni
569 2020 759 2117 Episcopo
788 2020 957 2094 Ostiensi
986 2020 1023 2095 S.
1046 2019 1091 2097 R.
1109 2020 1153 2095 E.
1174 2019 1497 2107 Vicecancellario,
1518 2035 1557 2094 et
1576 2021 1612 2092 in
1632 2019 1735 2093 Can-

232 2146 379 2222 cellaria
421 2145 630 2242 apostolica
676 2146 913 2242 praesidenti,
957 2169 1165 2241 eorumque
1207 2145 1498 2231 successoribus,
1544 2159 1737 2242 quatenus

232 2271 311 2346 illas
339 2271 476 2346 saciant
502 2269 716 2370 diligentius
744 2271 950 2344 observari.
972 2268 1093 2363 Quae,
1115 2286 1157 2343 ut
1175 2269 1355 2344 attentius
1373 2269 1636 2356 observentur,
1656 2285 1735 2344 sta-

233 2395 369 2468 tuimus
411 2395 514 2490 quod
551 2394 687 2493 singuli
724 2392 834 2468 Sedis
860 2395 998 2491 Apost.
1030 2394 1174 2480 notarii,
1205 2408 1348 2467 ettam
1384 2392 1600 2491 praedictae
1633 2391 1735 2467 Can-

232 2516 413 2606 cellariae,
444 2542 556 2614 quam
586 2519 714 2593 Palatii
744 2518 953 2616 Apostolici
981 2542 1179 2592 causarum
1215 2517 1432 2604 Auditores,
1474 2518 1735 2604 CorrectoreS,

232 2645 454 2741 Scriptores,
484 2644 780 2718 Abbreviatores
808 2642 1016 2717 litterarum
1044 2641 1345 2739 apostolicarum,
1371 2642 1569 2730 Advocati,
1602 2642 1735 2716 Procu-

232 2787 388 2856 ratores,
419 2785 459 2843 et
487 2767 630 2843 Notarii
665 2793 863 2842 causarum
900 2768 988 2841 dicti
1023 2766 1162 2852 Palatii,
1202 2791 1347 2842 necnon
1386 2767 1635 2854 Senescallus,
1669 2767 1736 2864 qui

230 2911 358 2968 custos
387 2909 446 2967 est
474 2893 595 2966 dictae
615 2892 880 2976 Cancellariae,
903 2891 1191 2966 constitutiones
1218 2906 1258 2965 et
1284 2892 1497 2967 additiones
1521 2893 1738 2988 praedictas

231 3017 323 3093 inira
352 3042 520 3092 mensem
552 3043 574 3092 a
602 3018 662 3111 die
682 3016 942 3114 publicationis
970 3015 1224 3114 praesentium
1253 3017 1558 3114 computandum,
1580 3015 1736 3102 habere,
1843 3065 1844 3068 =

232 3143 346 3218 etde
375 3143 446 3217 hoc
473 3143 566 3217 inira
593 3140 705 3215 alium
743 3165 910 3214 mensem
943 3139 1158 3215 immediate
1192 3158 1426 3237 sequentem,
1458 3141 1596 3214 dictum
1625 3141 1737 3213 Vice-

232 3267 491 3342 cancellarium
519 3267 735 3352 certificare,
765 3283 804 3340 et
839 3267 911 3341 alia
938 3266 1035 3340 circa
1062 3265 1270 3363 praemissa
1302 3267 1435 3352 lacere,
1464 3281 1503 3340 et
1530 3268 1738 3340 observare

233 3409 441 3478 teneantur,
463 3409 575 3489 prout
594 3391 631 3466 in
649 3392 978 3467 constitutionibus
998 3391 1182 3465 dictorum
1210 3390 1546 3487 praedecessorum
1564 3415 1609 3465 ac
1627 3416 1736 3487 prae·

234 3520 404 3594 sentibus
431 3518 578 3614 plenius
604 3518 826 3592 continetur.

671 3709 731 3785 De
759 3712 899 3785 iustitia
926 3727 966 3784 et
994 3699 1175 3786 Ministris
1206 3713 1298 3788 eius.

313 3892 331 3987 ξ
361 3915 393 3983 3.
426 3889 486 3962 De
504 3888 737 3963 auditoribus
764 3904 891 3963 autem
920 3913 1117 3962 causarum
1138 3888 1266 3963 Palatii
1285 3887 1505 3986 Apostolici,
1528 3904 1567 3964 et
1589 3886 1670 3964 aliis
1698 3889 1735 3962 iu

236 4016 406 4090 Romana
434 4014 548 4088 Curia
575 4013 773 4108 Judicibus,
805 4037 1011 4111 eorumque
1035 4014 1199 4100 notariis,
1229 4013 1518 4089 constitutiones
1549 4015 1736 4088 dictorum

232 4139 567 4235 praedecessorum
597 4163 712 4234 super
735 4139 806 4212 hoc
833 4137 1069 4212 laudabiliter
1087 4137 1219 4225 editas,
1240 4138 1415 4212 volumus
1433 4138 1587 4212 firmiter
1604 4140 1735 4213 obser·

236 4264 323 4350 vari,
344 4287 440 4359 quas
458 4263 661 4348 auditores,
683 4279 722 4336 et
750 4264 882 4336 notarii
909 4262 1091 4359 praedicti
1113 4261 1216 4360 apud
1244 4287 1285 4338 se
1314 4288 1398 4337 cum
1426 4264 1584 4337 caeteris
1612 4263 1736 4338 huius-

233 4389 332 4463 modi
360 4405 569 4476 teneantur,
601 4404 642 4461 ut
668 4387 888 4485 praefertur,
911 4387 1059 4471 habere,
1089 4405 1128 4462 et
1146 4390 1242 4463 circa
1260 4387 1401 4463 illarum
1432 4353 1736 4463 obseivationem

236 4513 434 4612 diligenter
461 4515 668 4588 intendere.
698 4513 850 4592 Verum.
880 4513 911 4588 si
939 4514 1023 4609 quis
1050 4538 1098 4586 ex
1125 4512 1267 4587 eisdem
1294 4513 1529 4587 auditoribus
1557 4513 1605 4586 de
1624 4537 1737 4608 prae·

234 4641 432 4714 missarum
461 4638 769 4712 constitutionum
797 4637 1111 4736 transgressione,
1133 4663 1199 4711 seu
1228 4637 1277 4710 de
1296 4637 1603 4734 praecipitatione
1630 4637 1737 4712 iusti·

234 4765 318 4848 tiae,
350 4763 591 4862 negligentia,
624 4763 876 4860 corruptione,
913 4778 952 4836 et
988 4786 1183 4836 munerum
1219 4763 1439 4858 acceptione
1476 4778 1629 4838 notatus
1658 4761 1737 4836 sue·

236 4889 291 4974 rit,
321 4915 389 4962 seu
417 4913 550 4986 vagus,
581 4905 647 4962 aut
673 4888 766 4963 alias
796 4888 901 4970 male,
932 4888 992 4962 vel
1012 4887 1220 4974 inhoneste,
1241 4903 1413 4962 versetur
1432 4889 1468 4962 in
1487 4886 1586 4962 dicta
1607 4885 1735 4974 Curia,

235 5035 302 5108 per
337 5011 545 5108 praelatum
584 5011 946 5093 Vicecancellarium,
977 5010 1035 5084 vel
1064 5011 1145 5085 eius
1177 5012 1487 5110 vicesgerentem,
1517 5009 1736 5086 charitative

236 5155 443 5222 moneatur,
484 5153 525 5210 ut
566 5137 615 5212 ab
650 5137 707 5209 his
744 5161 786 5211 se
822 5137 1011 5212 abstineat
1047 5151 1088 5210 et
1121 5137 1309 5224 emendet,
1347 5137 1560 5233 bonamque
1597 5135 1735 5208 samam

234 5261 426 5357 acquirere
455 5261 616 5342 studeat,
638 5275 677 5334 et
705 5259 741 5334 in
772 5262 847 5334 vita
873 5260 1108 5336 laudabiliter
1136 5277 1365 5356 perseveret.
1387 5257 1475 5354 Qui,
1495 5259 1526 5332 si
1546 5258 1599 5333 sic
1618 5259 1738 5334 moni-

233 5403 305 5471 tus,
337 5409 379 5458 se
406 5384 608 5458 emendare
637 5383 847 5482 neglexerit
872 5400 911 5457 et
939 5407 1008 5480 per
1027 5401 1105 5458 tres
1126 5409 1275 5458 menses
1294 5384 1491 5460 continuos
1507 5380 1598 5480 'post
1621 5384 1737 5459 moni-
