3748 5914
750 327 917 386 Clemente
937 327 1004 388 VII
1568 327 1624 388 275

124 523 288 616 desuper
315 543 385 617 pro
421 535 595 617 tempore
632 521 790 619 signatis
823 520 999 616 apposite
1035 520 1222 620 derogari,
1252 547 1318 595 seu
1352 521 1412 596 illa
1445 523 1621 609 revocari,

121 645 271 732 cassari,
302 645 493 742 suspendi,
523 659 588 716 aut
615 645 651 718 in
679 646 805 742 aliquo
832 644 993 730 alterari,
1024 671 1091 718 seu
1125 661 1302 720 revocata
1339 671 1534 744 suspensa,
1565 646 1624 721 vel

121 770 290 856 alterata,
320 771 475 844 censeri.
505 770 586 842 Aut
612 770 718 866 ipsos
745 769 963 854 Auditores,
994 783 1040 843 et.
1061 769 1338 845 Locatenentes
1375 773 1446 846 sub
1481 771 1625 844 eisdem

121 895 297 969 clausulis
327 893 632 990 comprehensos,
663 893 722 968 vel
751 919 818 968 eos
837 893 981 968 illarum
1001 909 1185 990 pretextu,
1209 895 1278 967 nisi
1296 895 1332 967 in
1351 896 1494 970 eisdem
1513 895 1627 970 desu-

121 1043 189 1115 per
216 1043 287 1114 pro
324 1032 496 1114 tempore
529 1017 689 1115 signatis
724 1016 1058 1114 supplicationibus
1095 1017 1240 1091 illorum
1272 1019 1437 1092 omnium
1476 1021 1624 1093 nomina

122 1144 286 1240 propria,
315 1157 354 1217 et
382 1142 606 1240 cognomina
634 1141 806 1238 specifice
833 1164 1017 1238 expressa
1045 1141 1191 1228 suerint,
1220 1142 1376 1238 exprimi
1404 1167 1479 1217 non
1497 1169 1624 1240 posse,
1667 1223 1669 1228 ,

123 1267 191 1342 sed
219 1291 370 1363 semper
396 1269 550 1342 eosdem
579 1267 787 1341 Auditores
815 1284 854 1342 et
887 1267 1173 1362 Locatenentes,
1203 1293 1247 1341 ac
1282 1267 1319 1340 in
1356 1257 1410 1341 eis
1447 1295 1626 1344 concessa

122 1394 327 1490 privilegia,
358 1391 502 1466 indulta
530 1409 570 1466 et
597 1392 743 1466 litteras
770 1391 983 1466 huiusmodi
1010 1393 1059 1466 ab
1085 1391 1156 1465 illis
1175 1407 1367 1488 exceptos,
1388 1409 1428 1467 et
1454 1407 1624 1490 excepta,

122 1542 166 1591 ac
195 1515 399 1615 privilegia,
429 1515 580 1602 indulta,
612 1533 651 1590 et
678 1515 822 1590 litteras
850 1517 904 1590 eis
937 1540 1116 1591 concessa
1148 1518 1317 1613 predicta
1344 1516 1465 1590 valida
1493 1535 1533 1592 et
1552 1517 1626 1592 effi-

123 1643 224 1716 cacia
251 1642 424 1726 existere,
455 1655 495 1715 et
522 1641 614 1736 ipsis
641 1640 900 1727 Auditoribus,
914 1649 969 1714 ‘et
1005 1639 1323 1714 Locatenentibus
1351 1641 1559 1740 suffragari,
1588 1659 1627 1716 et

123 1764 307 1863 quidquid
335 1766 369 1838 in
408 1764 634 1839 contrarium
672 1790 742 1861 pro
776 1781 947 1862 tempore
988 1747 1127 1839 lactum
1160 1765 1280 1852 luerit,
1311 1791 1382 1863 pro
1418 1791 1493 1840 non
1529 1767 1627 1840 lacto

122 1891 263 1976 haberi,
292 1890 431 1964 debere
460 1915 527 1963 nec
556 1913 630 1962 non
658 1915 705 1964 ex
733 1905 822 1964 tunc
849 1888 898 1962 de
926 1913 1024 1964 novo
1052 1915 1099 1963 eo
1127 1890 1211 1986 ipso
1239 1916 1428 1978 concessa,
1460 1907 1499 1966 et
1521 1872 1626 1966 inno-

123 2032 221 2103 vata,
251 2041 296 2088 ac
324 2017 358 2088 in
387 2015 583 2111 pristinum
612 2030 752 2088 statum
786 2015 969 2100 restituta,
1008 2015 1182 2109 reposita,
1214 2032 1253 2088 et
1288 2017 1454 2112 plenarie
1490 2017 1627 2091 reinte-

123 2156 234 2238 grata
261 2165 360 2224 esse,
391 2160 430 2214 et
457 2138 611 2215 censeri.
1417 2136 1423 2155 '

205 2266 342 2361 Sicque
370 2265 407 2338 in
435 2264 627 2360 premissis
655 2264 828 2338 omnibus
857 2280 897 2338 et
924 2265 1081 2362 singulis
1100 2289 1170 2360 per
1193 2290 1452 2362 quoscumque
1471 2267 1624 2353 Iudices,

123 2408 162 2464 et
191 2389 491 2476 Commissarios,
521 2389 634 2462 etiam
664 2405 793 2463 sancte
822 2389 993 2464 Romane
1022 2389 1177 2462 ecclesie
1205 2390 1435 2476 Cardinales,
1474 2408 1513 2466 et
1540 2417 1627 2465 cau-

125 2541 251 2590 sarum
279 2513 408 2611 palatii
444 2514 656 2588 huiusmodi
691 2515 898 2588 Auditores
930 2515 966 2587 in
1002 2513 1168 2609 qualibet
1205 2539 1318 2588 causa
1359 2532 1399 2589 et
1437 2516 1624 2602 instantia,

125 2638 273 2715 sublata
300 2638 366 2722 eis,
396 2654 435 2712 et
463 2663 592 2712 eorum
621 2637 770 2712 cuilibet
787 2631 931 2735 ‘quavis
959 2637 1067 2712 aliter
1084 2638 1269 2712 iudicandi
1287 2655 1328 2713 et
1358 2639 1627 2738 interpretandi

123 2764 299 2838 facultate
333 2778 373 2838 et
405 2763 640 2846 auctoritate,
670 2762 823 2838 iudicari
859 2779 899 2836 et
933 2761 1078 2836 diffiniri
1114 2764 1264 2847 debere,
1303 2765 1446 2839 irritum
1474 2789 1628 2862 quoque

125 2906 163 2962 et
191 2888 311 2974 inane,
343 2889 373 2961 si
402 2913 511 2962 secus
538 2887 751 2983 superbiis
778 2911 802 2960 a
836 2911 1040 2984 quoquam,
1071 2887 1205 2983 quavis
1241 2891 1475 2978 auctoritate,
1514 2891 1626 2964 etiarn

125 3037 194 3109 per
221 3036 290 3086 nos
318 3025 358 3086 et
384 3012 514 3087 sedem
542 3012 761 3108 predictam,
793 3013 963 3098 scienter,
980 3010 1040 3086 vel
1059 3013 1287 3110 ignoranter,
1308 3017 1525 3111 attemptari
1543 3040 1626 3089 con·

127 3138 267 3235 tigerit.

206 3261 391 3355 Quocirca
419 3261 533 3338 Curie
560 3286 758 3338 causarum
788 3261 948 3336 Camere
982 3263 1200 3359 Apostolice
1236 3263 1403 3361 generali
1439 3265 1626 3352 Auditori,

125 3405 164 3462 et
201 3389 299 3462 dicte
338 3387 453 3461 Urbis
481 3387 747 3472 Gubernatori,
777 3411 821 3462 ac
862 3387 898 3461 in
941 3388 1074 3462 eadem
1117 3388 1221 3462 Urbe
1262 3405 1302 3464 et
1337 3389 1417 3464 eius
1458 3390 1627 3464 districtu

124 3531 257 3588 nostro
298 3513 335 3585 in
377 3513 630 3609 spiritualibus
662 3512 810 3588 Vicario
851 3513 1018 3610 generali
1059 3539 1129 3610 pro
1170 3530 1342 3611 tempore
1382 3515 1629 3590 existentibus

124 3663 242 3736 super
267 3639 474 3735 apostolica
501 3639 640 3734 scripta
664 3653 768 3711 motu
798 3638 905 3713 simili
923 3639 1157 3726 mandamus,
1178 3641 1354 3735 quatinus
1373 3640 1444 3738 ipsi
1463 3640 1522 3713 vel
1540 3640 1626 3729 duo,

123 3779 192 3836 aut
219 3787 317 3836 unus
345 3787 475 3836 eorum
503 3787 572 3859 per
599 3787 640 3836 se
668 3762 726 3836 vel
755 3761 879 3849 alium,
915 3789 981 3836 seu
1009 3764 1102 3838 alios
1135 3779 1332 3860 presentes
1360 3766 1516 3853 litteras,
1535 3781 1575 3839 et
1593 3767 1629 3840 in

124 3890 180 3962 eis
207 3901 384 3962 contenta
412 3911 659 3984 quecumque,
691 3887 753 3960 ubi
780 3901 820 3962 et
847 3888 1001 3982 quando
1028 3911 1125 3983 opus
1144 3889 1263 3976 suerit,
1289 3913 1333 3963 ac
1360 3891 1536 3987 quotiens
1558 3915 1629 3986 pro

125 4028 235 4109 parte
270 4011 453 4085 dictorum
492 4010 718 4086 Auditorum
745 4028 786 4086 et
823 4011 1143 4097 Locatenentium,
1183 4039 1248 4086 seu
1290 4013 1444 4089 alicuius
1486 4040 1626 4100 eorum,

124 4139 293 4232 desuper
318 4136 455 4210 fuerint
482 4136 662 4232 requisiti,
692 4136 909 4210 solemniter
937 4137 1180 4233 publicantes,
1211 4138 1343 4236 eisque
1370 4140 1406 4212 in
1436 4141 1630 4235 premissis

123 4261 287 4336 efficacis
328 4259 554 4335 defensionis
596 4260 761 4357 presidio
800 4261 1034 4344 assistentes,
1065 4262 1201 4336 iaciant
1240 4264 1464 4337 auctoritate
1501 4280 1630 4338 nostra

125 4386 282 4461 easdem
312 4402 519 4482 presentes,
551 4385 653 4460 etin
690 4388 746 4460 eis
783 4401 960 4461 contenta
988 4386 1211 4474 huiusmodi,
1242 4389 1397 4462 firmiter
1426 4388 1628 4474 observari,

124 4513 308 4607 ipsosque
335 4509 543 4585 Auditores
571 4525 610 4584 et
638 4510 915 4585 Locatenentes
943 4535 1039 4585 nunc
1068 4529 1107 4585 et
1133 4536 1204 4608 pro
1227 4530 1398 4608 tempore
1425 4513 1630 4587 existentes

125 4635 197 4708 illis
224 4633 379 4730 pacifice
406 4637 588 4733 gaudere,
619 4660 686 4710 nec
714 4659 789 4708 non
817 4635 958 4708 tructus
986 4635 1176 4731 predictos
1195 4638 1249 4709 eis
1268 4637 1371 4710 iuxta
1389 4635 1476 4709 dicti
1496 4637 1631 4712 indulti

125 4759 175 4834 de
197 4758 267 4833 illis
285 4759 534 4856 percipiendis
561 4759 598 4832 iu
626 4760 797 4834 absentia
826 4761 1038 4835 huiusmodi
1066 4777 1236 4836 tenorem
1255 4762 1401 4859 integre
1420 4763 1628 4850 ministrari,

126 4908 203 4957 non
232 4885 493 4980 permittentes
522 4909 588 4958 eos
617 4908 685 4981 per
707 4885 874 4959 locorum
902 4884 1121 4971 ordinarios,
1152 4902 1190 4959 et
1218 4885 1374 4960 dilectos
1402 4885 1495 4960 filios
1514 4887 1632 4961 eccle-

127 5007 268 5082 siarum
298 5009 549 5104 predictarum
579 5009 765 5106 Capitula,
796 5035 864 5084 seu
893 5035 1153 5107 quoscumque
1181 5011 1274 5084 alios
1306 5010 1355 5085 ad
1390 5011 1631 5086 residendum

126 5133 165 5206 in
192 5132 336 5205 eisdem
365 5133 541 5220 ecclesiis,
564 5159 631 5207 seu
649 5133 741 5208 locis
760 5133 941 5230 compelli,
962 5152 1028 5209 aut
1045 5135 1137 5209 alias
1157 5160 1273 5232 super
1291 5137 1484 5233 premissis
1502 5153 1632 5210 contra

126 5255 358 5353 presentium
388 5273 556 5333 tenorem
584 5258 869 5356 quomodolibet
895 5259 1059 5334 indebite
1088 5259 1290 5335 molestari.
1313 5259 1628 5345 Contradictores,

127 5379 395 5456 molestatores
423 5381 621 5480 quoslibet,
651 5397 691 5456 et
719 5381 877 5457 rebelles
896 5469 899 5480 ¹
912 5407 980 5480 per
1016 5406 1205 5468 censuras,
1235 5399 1274 5456 et
1301 5407 1419 5480 penas
1456 5383 1631 5456 ecclesia-
