3718 5918
891 319 1029 378 soeculo
1047 319 1080 379 X
1089 319 1152 380 VH

976 583 1066 663 333.

272 745 470 821 narrata
489 697 706 820 'asumma
734 744 913 844 nyma
938 746 1067 829 naua,
1096 746 1183 820 oum
1210 746 1328 820 Rom
1355 745 1554 820 Aurem
1581 791 1608 803 -
1637 747 1761 843 confer
1825 825 1826 834 Ν

353 871 474 947 Dacis,
504 895 589 967 252,
612 881 716 970 part.
746 894 804 968 19,
835 881 859 946 t.
891 873 922 959 I,
953 872 1219 948 Recenttimrm.

349 1029 464 1101 (Anca.
483 1026 571 1098 Rom,
594 1025 785 1086 ‹Diarium
803 1025 916 1086 Iacobr'
931 1024 1071 1084 Emerr'x
1084 1028 1119 1098 »).

727 1207 831 1282 Ven:
867 1229 911 1302 17
941 1209 1029 1283 dicti
1059 1207 1162 1306 (iunii
1196 1213 1320 1306 1678).

356 1392 439 1464 151.
471 1369 685 1445 Observavi
711 1369 747 1442 in
778 1367 904 1444 Causa
922 1368 1124 1445 Borwnien.
1146 1369 1437 1446 inler'commtssi
1450 1396 1577 1448 coram
1599 1373 1645 1449 R.
1661 1375 1697 1450 Ρ.
1714 1373 1756 1449 D.

269 1520 354 1570 meo
382 1495 487 1592 Taya
515 1494 620 1592 quod
647 1494 696 1568 ad
723 1494 1047 1590 comprobandum
1074 1494 1178 1591 quod
1206 1496 1356 1570 nomine
1380 1495 1539 1597 Collegii
1559 1497 1757 1574 Doctorum

266 1621 513 1696 communiter
548 1637 588 1694 et
625 1618 733 1717 quasi
770 1641 839 1715 per
874 1619 1176 1694 antonomasiam
1203 1616 1433 1718 intelligatur
1460 1635 1501 1696 et
1526 1624 1576 1697 ab
1612 1625 1758 1720 antiquo

267 1769 418 1842 semper
445 1742 673 1819 intellectum
700 1742 812 1818 fuerit
841 1741 1053 1841 Collegium
1083 1743 1293 1818 Doctorum
1320 1745 1413 1821 luris
1443 1745 1570 1821 Civilis
1589 1764 1630 1822 et
1648 1749 1758 1822 Cano·

266 1869 348 1956 niel,
377 1869 541 1944 exhibita
568 1868 636 1943 luit
663 1869 699 1942 in
727 1868 938 1944 Summario
968 1869 1122 1943 Antonii
1149 1886 1189 1944 et
1216 1867 1419 1944 Fratruum
1446 1870 1495 1946 de
1529 1869 1757 1971 Bolognettis

266 1994 447 2092 particula
482 1995 698 2068 testamenti
736 1995 803 2068 bo:
842 2017 922 2070 me:
953 1994 1124 2091 Dyonisii
1157 1995 1306 2080 Rattae,
1340 1993 1428 2069 olim
1457 1994 1581 2070 Rotae
1614 2013 1756 2072 nostrae

265 2119 471 2203 Auditoris,
502 2119 537 2192 in
567 2142 643 2215 qua
670 2119 707 2191 in
735 2117 883 2195 delectu
921 2117 1103 2194 linearum
1132 2118 1258 2194 Caroli
1286 2135 1326 2194 et
1353 2119 1512 2208 Alberti,
1550 2121 1617 2196 dat
1652 2122 1757 2197 lacul-

266 2260 381 2320 tatem
410 2243 603 2340 praedicto
633 2241 805 2342 Collegio
834 2243 1043 2316 Doctorum
1073 2243 1279 2320 Bononien.
1309 2244 1523 2319 nominandi
1551 2261 1630 2321 tres
1653 2247 1757 2323 Cives

267 2369 524 2444 Bononienses
553 2393 600 2442 ex
628 2369 766 2467 quibus
793 2368 1001 2443 Auditores
1030 2370 1154 2443 Rotae
1183 2385 1335 2444 nostrae
1364 2395 1434 2466 pro
1467 2386 1639 2466 tempore
1675 2397 1757 2471 pos·

267 2495 341 2569 sint
365 2509 406 2568 et
433 2495 596 2569 debeant
621 2493 764 2592 eligere
792 2492 893 2568 illum
922 2516 1036 2589 quem
1065 2493 1187 2592 magis
1213 2494 1411 2580 voluerint,
1440 2493 1589 2570 etiamsi
1621 2499 1656 2571 in
1687 2523 1757 2574 uno

264 2644 312 2693 ex
341 2620 539 2694 nominatis
574 2633 814 2694 concurreret
842 2632 963 2692 totum
1002 2619 1257 2716 supradictum
1295 2618 1506 2720 Collegium
1541 2619 1756 2699 Doctorum.

266 2744 316 2818 Et
349 2745 438 2841 quia
473 2745 563 2818 dum
599 2742 650 2816 sui
677 2743 953 2818 Thesaurarius
990 2743 1026 2816 in
1055 2742 1234 2818 Archivio
1263 2759 1394 2818 nostro
1431 2743 1570 2820 nullam
1607 2746 1654 2821 de
1689 2749 1756 2822 hoe

216 2857 218 2860 ⁵
266 2872 399 2968 repen'i
426 2871 655 2955 memoriam,
684 2869 771 2944 ideo
799 2867 977 2968 suggessi
1005 2869 1103 2942 inter
1130 2869 1336 2943 notandum
1371 2887 1412 2944 ut
1449 2869 1498 2944 D.
1529 2871 1675 2947 Ponens
1710 2874 1757 2946 de

263 2996 335 3070 hoc
363 2996 564 3094 specialem
591 2993 819 3069 mentionem
847 2994 989 3068 laceret
1016 2995 1052 3066 in
1080 2993 1291 3082 Deeisione,
1322 3010 1362 3069 et
1388 2978 1544 3092 in‘super
1569 2999 1621 3072 ad
1646 2999 1756 3073 abun-

263 3121 471 3196 dantiorem
500 3118 684 3194 cautelam
713 3118 803 3193 illud
830 3119 943 3193 etiam
972 3118 1030 3191 hic
1056 3118 1241 3193 adnotare
1268 3119 1379 3195 volui.

966 3347 1057 3428 334.

262 3513 428 3590 Auditor
454 3509 688 3586 Sanctz'ssimi
712 3509 773 3583 De
800 3510 904 3585 Luca
931 3510 975 3584 de
1004 3510 1230 3607 partialitate
1256 3520 1292 3585 et
1316 3512 1404 3586 alat-
1421 3511 1623 3586 Aua't'tores
1640 3513 1754 3588 Rotae

339 3636 582 3734 redarguit·
600 3635 661 3709 cui
677 3636 776 3710 Rota
793 3635 884 3732 quin
901 3634 1067 3708 acerbius
1084 3644 1297 3732 responsum
1314 3634 1434 3723 daret,
1453 3637 1596 3710 saletum
1609 3650 1754 3738 respon-

339 3761 425 3836 dere
452 3761 599 3836 censuit.

339 3918 454 3991 (Anca.
473 3916 560 3990 Rom,
584 3915 774 3975 ‹Diarr‘um
795 3913 905 3972 Iacobr'
921 3911 1060 3972 Emerr'x
1072 3915 1108 3986 ι).

729 4091 801 4166 Die
835 4096 881 4164 16
911 4090 1002 4164 Iunii
1030 4091 1117 4163 dicti
1146 4090 1295 4188 (1678).

345 4277 429 4348 152.
462 4254 510 4329 D.
541 4253 718 4328 Decanus
746 4250 883 4335 retulit,
915 4249 1139 4324 Auditorem
1168 4249 1287 4337 ssni,
1317 4251 1381 4349 qui
1409 4249 1522 4326 hodie
1549 4267 1611 4328 est
1642 4253 1751 4327 etiam
1825 4349 1826 4358 ἵ

258 4379 490 4455 Secretarius
519 4375 804 4462 Memorialium,
834 4375 903 4448 sibi
931 4374 1081 4461 dixisse,
1102 4373 1254 4449 Ssffrum
1271 4401 1388 4475 aegre
1415 4376 1513 4450 serre
1536 4377 1640 4473 quod
1666 4401 1753 4452 non-

258 4507 345 4581 nulli
373 4531 421 4580 ex
457 4502 627 4577 Dominis
662 4500 971 4586 commendarent
1003 4499 1148 4574 Causas
1183 4500 1221 4573 in
1258 4501 1359 4575 Rota
1398 4504 1675 4599 proponendas,
1710 4515 1752 4574 et

254 4631 349 4705 alios
377 4656 418 4704 se
439 4628 546 4703 nimis
565 4626 743 4724 partiales
761 4624 1017 4701 ostenderent.
1041 4625 1091 4698 Et
1109 4625 1196 4720 quia
1215 4626 1320 4700 multi
1339 4625 1615 4713 existimabant,
1636 4625 1753 4701 Audi-

256 4774 377 4830 torem
413 4755 484 4827 hoc
516 4753 651 4827 fecisse
688 4776 736 4825 ex
772 4751 927 4848 proprio
955 4774 1069 4823 sensu
1098 4765 1137 4824 et
1164 4775 1238 4823 non
1267 4775 1315 4824 ex
1346 4751 1527 4826 mandato
1563 4751 1671 4836 Ssffri,
1708 4765 1751 4824 et

254 4878 461 4954 secundum
490 4876 709 4952 relationem
737 4900 760 4948 a
789 4875 947 4948 Decano
975 4873 1109 4948 factam
1139 4875 1303 4950 Auditor
1339 4899 1414 4950 non
1450 4901 1493 4950 se
1521 4879 1751 4952 continuerat

254 5007 351 5079 iutra
378 5004 525 5079 debitos
553 5003 656 5084 fines,
686 4999 864 5074 volebant
892 5017 933 5072 ut
959 4997 1009 5072 illi
1037 4999 1192 5075 daretur
1219 5001 1390 5075 acerbius
1418 5027 1653 5098 responsum.
1672 4997 1750 5074 Sed

254 5129 352 5216 mihi,
382 5145 422 5202 et
447 5143 583 5223 postea
610 5125 858 5201 communiter
875 5125 989 5198 etiam
1007 5125 1100 5213 aliis,
1120 5127 1242 5223 magis
1262 5125 1411 5222 placuit,
1431 5129 1558 5223 potius
1577 5128 1750 5202 dissimu·
1825 5209 1826 5220 χ

252 5252 417 5341 landum,
447 5267 487 5326 et
513 5250 616 5348 quod
652 5249 689 5323 in
726 5266 923 5347 posterum
959 5273 1093 5323 omnes
1129 5251 1180 5324 ita
1212 5251 1430 5326 contineant
1461 5268 1503 5326 ut
1531 5227 1749 5328 removeant
1825 5257 1826 5338 ξ

254 5403 405 5452 omnem
433 5379 602 5452 umbram
631 5375 804 5449 sinistrae
832 5375 1068 5471 suspicionis.
