3720 5914
796 311 889 372 Sixto
906 309 962 370 IV
1569 308 1622 368 189
1680 316 1682 322 ’

34 496 43 527 ’
118 504 282 603 vilegiis,
310 519 349 578 et
377 502 529 576 indultis
561 504 871 600 quibuscumque,
911 504 1025 577 etiam
1061 502 1302 578 familiaribus
1339 503 1495 591 nostris,
1528 502 1621 577 alias

117 628 409 726 quomodolibet
437 627 637 723 descriptis
663 642 740 701 aut'
757 627 1022 712 describendis,
1049 653 1116 701 seu
1148 628 1199 702 ad
1226 628 1343 702 instar
1366 628 1619 724 predictorum

113 769 363 850 exceptorum
391 751 624 826 familiarium
645 768 859 827 nostrorum
889 753 1128 849 antiquorum
1152 753 1426 849 descriptorum
1455 753 1621 826 obtinen-

113 879 221 953 tibus
247 876 405 973 aliisque
432 876 606 972 personis
633 901 703 974 per
730 901 800 950 nos
829 901 895 950 seu
924 877 1216 972 predecessores
1234 893 1387 952 nostros
1405 893 1471 950 aut
1491 876 1621 950 sedern

116 1002 325 1099 predictam
344 1001 544 1094 concessis
571 1018 639 1075 aut
667 1001 914 1097 imposterum
943 1001 1207 1089 concedendis,
1227 1027 1297 1076 nec
1317 1027 1391 1076 non
1410 1001 1619 1090 unionibus,

116 1127 402 1213 annexionibus,
433 1125 798 1222 incorporationibus
817 1142 857 1199 et
884 1127 1214 1224 suppressionibus
1232 1152 1301 1224 per
1323 1151 1393 1202 nos
1412 1124 1472 1200 vel
1491 1126 1620 1201 sedem

117 1254 243 1348 ipsam
280 1250 387 1326 factis
428 1276 495 1324 seu
534 1251 711 1325 faciendis
753 1267 794 1324 ut
821 1250 1018 1346 prefertur,
1054 1250 1211 1347 aliisque
1249 1251 1454 1348 premissis,
1486 1251 1622 1347 quibus

117 1377 306 1463 omnibus,
323 1377 436 1450 etiam
456 1377 487 1449 si
506 1376 554 1449 de
573 1375 643 1449 illis
663 1399 870 1472 eorumque
889 1377 979 1449 totis
994 1377 1187 1450 tenoribus
1202 1373 1375 1473 specialis
1389 1392 1429 1450 et
1442 1399 1624 1474 expressa

11 1511 12 1604 ἦ
121 1528 166 1576 ac
185 1501 376 1574 individua
388 1501 530 1574 mentio
544 1501 720 1576 babenda
733 1499 840 1586 foret,
859 1515 963 1574 motu
978 1515 1018 1576 et
1032 1501 1187 1576 scientia
1202 1501 1381 1576 similibus
1396 1502 1523 1598 quoad
1536 1525 1622 1597 pre-

118 1628 236 1700 missa
255 1625 467 1723 specialiter
489 1642 529 1700 et
548 1603 729 1722 expresse
749 1625 989 1724 derogamus,
1010 1651 1184 1722 quasque
1203 1626 1238 1700 in
1253 1651 1299 1700 ea
1318 1642 1426 1724 parte
1441 1651 1517 1723 qua
1530 1625 1622 1723 ipsis

120 1751 371 1827 Auditoribus
412 1751 446 1824 in
484 1750 782 1826 Canonicatuum
819 1769 858 1824 et
885 1751 1161 1847 prebendarum
1190 1776 1234 1825 ac
1262 1752 1498 1851 dignitatum,
1536 1777 1621 1848 per-

120 1894 333 1961 sonatuum,
373 1875 752 1964 administrationum,
782 1877 999 1960 officiorum,
1030 1877 1370 1973 prestimoniorum,
1407 1879 1622 1974 portionum

119 2017 159 2076 et
186 2001 409 2098 simplicium
437 1999 673 2098 aliorumque
702 2001 965 2076 beneficiorum
993 1999 1247 2097 predictorum
1275 2005 1513 2077 assecutione
1541 2025 1622 2099 pre·

117 2126 295 2210 iudicent,
326 2139 392 2198 aut
429 2122 554 2220 aliquo
584 2123 697 2200 modo
726 2126 760 2198 in
789 2125 953 2200 futurum
982 2127 1216 2223 preludicare
1247 2129 1406 2224 possint,
1445 2144 1550 2203 motu
1584 2143 1624 2202 et

119 2247 277 2324 scientia
296 2247 487 2332 similibus,
508 2271 715 2332 cassamus,
736 2247 923 2322 irritamus
947 2263 985 2320 et
1012 2248 1247 2322 annullamus
1274 2273 1319 2323 ac
1346 2250 1485 2325 viribus
1504 2250 1623 2324 omni-

120 2375 193 2446 bus
219 2395 458 2456 evacuamus,
493 2396 562 2446 nec
599 2396 673 2446 non
709 2395 778 2467 pro
815 2375 946 2460 cassis,
981 2373 1092 2448 irritis
1128 2391 1167 2447 et
1205 2373 1314 2448 nullis
1351 2375 1482 2452 haberi
1517 2375 1623 2450 volu·

122 2521 208 2570 mus
241 2513 281 2571 et
312 2496 560 2570 mandamus:
599 2496 812 2593 ceterisque
839 2497 1035 2572 contrariis
1061 2497 1371 2595 quibuscumque.

202 2623 253 2694 Et
279 2625 331 2695 ita
358 2643 428 2716 per
442 2643 703 2718 quoscumque
732 2618 876 2694 ludices
906 2620 1186 2710 Commisarios,
1210 2622 1443 2698 Executores
1462 2639 1501 2696 et
1519 2623 1623 2698 dele·

117 2763 245 2845 gatos,
267 2759 344 2819 tam
364 2745 401 2818 in
420 2745 593 2820 Romana
622 2743 736 2818 Curia
754 2769 868 2841 quam
883 2762 990 2822 extra
1008 2770 1104 2834 eam,
1126 2730 1196 2844 pro
1215 2765 1387 2846 tempore
1407 2746 1620 2845 deputatos,

119 2870 361 2946 iudicandum
376 2870 455 2945 fore
474 2886 514 2943 et
531 2868 683 2944 iudicari
697 2871 847 2957 debere,
865 2871 1013 2948 sublata
1027 2873 1092 2959 eis,
1110 2888 1294 2948 eteorum
1308 2874 1469 2961 cuilibet,
1491 2875 1623 2969 quavis

118 2996 195 3070 alia
222 2997 320 3070 circa
349 2996 533 3091 premissa
558 2994 666 3070 aliter
694 2995 879 3070 iudicandi
899 3021 966 3071 seu
995 2999 1107 3072 etiam
1127 2999 1398 3093 interpretandi
1425 2999 1621 3074 facultate:

121 3124 373 3196 decernentes
401 3143 448 3192 ex
476 3143 572 3192 nunc
599 3120 741 3193 irritum
770 3136 810 3194 et
837 3122 955 3208 inane,
976 3123 1007 3196 si
1026 3147 1136 3196 secus
1155 3148 1271 3220 super
1289 3124 1358 3210 his,
1374 3148 1399 3197 a
1416 3147 1621 3220 quoquam,

120 3245 260 3343 quavis
272 3243 506 3330 auctoritate,
524 3244 685 3318 scienter
699 3242 757 3317 vel
777 3234 1005 3344 ignoranter,
1022 3247 1222 3345 contigerit
1235 3248 1463 3345 attemptari.
1481 3249 1624 3323 Eorun-

120 3373 210 3445 dem
240 3385 368 3445 autem
399 3367 632 3468 singulorum
667 3368 892 3444 Auditorum
922 3373 1080 3456 nomina,
1102 3373 1336 3470 cognomina,
1353 3371 1507 3470 gradus,
1531 3399 1624 3470 qua-

121 3495 249 3569 litates
286 3495 456 3568 civitates
493 3507 532 3566 et
568 3495 707 3568 dioces.
745 3495 859 3570 etiam
897 3497 1138 3592 presentibus
1175 3497 1303 3570 haberi
1342 3497 1517 3571 volumus
1556 3524 1623 3595 pro

121 3618 332 3715 expressis.

207 3741 307 3815 Nulli
322 3767 417 3842 ergo
431 3741 584 3816 omnino
599 3740 789 3816 hominum
808 3741 918 3818 liceat
939 3743 1033 3818 hanc
1048 3747 1225 3842 paginam
1241 3760 1465 3828 nostrarum,
1486 3745 1624 3819 consti-

120 3868 287 3951 tutionis,
318 3867 573 3952 ordinationis,
604 3867 867 3955 concessionis,
890 3869 1042 3956 decreti,
1063 3869 1335 3956 declarationis,
1353 3871 1621 3969 derogationis

119 3991 354 4073 cassationis,
384 3975 610 4076 irritationis,
640 3992 916 4080 annullatiouis,
935 3994 1199 4082 evacuationis,
1231 3995 1399 4069 mandati
1426 4011 1465 4069 et
1492 3997 1623 4068 volun-

123 4118 214 4192 tatis
243 4116 454 4215 infringere,
484 4115 543 4188 vel
572 4117 617 4202 ei,
647 4141 742 4191 ausu
772 4119 981 4205 temerario,
1012 4121 1216 4196 contraire:
1247 4121 1277 4193 si
1298 4123 1382 4218 quis
1406 4136 1531 4194 autem
1553 4119 1623 4193 hoc

117 4255 349 4337 attemptare
369 4239 651 4338 presumpserit,
669 4241 965 4340 Indignationem
984 4243 1253 4340 omnipotentis
1269 4244 1342 4319 Dei
1360 4270 1404 4318 ac
1421 4245 1621 4320 Beatorum

123 4367 223 4442 Petri
251 4380 290 4439 et
319 4364 422 4440 Pauli
450 4365 723 4462 Apostolorum
751 4367 831 4442 eius
859 4393 901 4442 se
930 4368 1076 4442 noverit
1103 4370 1347 4445 incursurum.

208 4489 350 4565 Datum
380 4491 511 4573 Rome,
542 4489 645 4588 apud
663 4490 701 4566 S.
724 4490 885 4579 Petrum,
907 4518 1005 4565 anno
1025 4493 1292 4567 lncarnationis
1312 4493 1494 4568 dominice
1513 4491 1624 4566 mille·

124 4615 224 4689 simo
260 4614 633 4713 quadringentesimo
669 4617 953 4714 septuagesimo
989 4618 1111 4702 tertio,
1149 4615 1221 4694 kal.
1261 4615 1346 4704 iulii,
1387 4615 1625 4714 pontificatus

125 4737 249 4813 nostri
276 4763 378 4812 anno
407 4739 586 4813 secundo

1302 4866 1345 4940 L.
1377 4865 1515 4942 Grifus

208 4951 352 5074 Gratis,
382 4988 430 5062 de
458 4986 639 5061 mandato
668 4987 747 5062 Sriri
775 4987 811 5061 d.
842 5015 877 5062 n.
906 5013 1016 5087 pape.

210 5113 264 5188 M.
295 5112 344 5186 de
373 5111 462 5186 Sole
