3720 5914
268 309 324 371 230
899 304 1037 366 Soeculo
1055 303 1123 366 XV

268 520 308 580 et
334 504 485 577 omnino
504 500 740 599 preferantur
757 525 801 574 ac
820 496 976 595 preferri
995 497 1172 584 debeant,
1193 497 1307 570 etiam
1327 497 1358 572 si
1376 512 1621 594 expectantes
1641 499 1765 572 huius-

269 628 370 704 modi
398 628 434 699 in
461 625 638 712 ecclesiis,
660 623 696 697 in
725 624 861 720 quibus
890 623 1144 698 Canonicatus
1172 637 1213 695 et
1238 623 1431 718 prebende
1450 622 1596 709 fuerint,
1618 640 1763 719 aposto-

269 751 338 826 lica
365 749 590 825 auctoritate
617 747 654 823 in
684 748 898 823 Canonicos
927 747 1003 820 sint
1029 745 1155 830 creati,
1186 744 1245 819 vel
1274 746 1426 844 recepti,
1456 762 1496 820 et
1532 746 1655 821 littere
1688 747 1767 844 ipse

268 891 372 952 motu
401 873 556 972 proprio
584 889 623 946 et
650 897 698 946 ex
718 889 821 946 certa
849 871 1002 947 scientia
1029 885 1069 945 et
1097 869 1146 944 de
1172 870 1403 968 plenitudine
1431 871 1633 968 potestatis
1651 897 1696 946 ac
1723 871 1767 944 de

268 999 422 1076 consilio
450 1014 489 1072 et
515 1023 675 1072 assensu
703 1012 833 1070 sancte
867 997 1038 1071 Romane
1070 994 1226 1069 ecclesie
1260 994 1513 1069 Cardinaliunr
1540 995 1654 1069 etiam
1682 1021 1767 1069 con·

268 1123 504 1199 sistorialiter
530 1146 711 1196 concesse
752 1122 900 1208 fuerint,
938 1143 1177 1217 quacumque
1213 1117 1405 1218 diligentia
1434 1144 1549 1216 super
1575 1139 1765 1218 presenta-

268 1250 370 1325 tione
399 1274 465 1324 seu
495 1247 718 1322 executione
745 1246 953 1321 litterarum
981 1243 1201 1320 earumdem
1230 1245 1327 1319 facta
1369 1269 1442 1319 non
1469 1245 1669 1333 obstante;
1703 1270 1765 1320 nec

267 1375 520 1474 prerogative,
550 1373 811 1456 antelationes,
843 1369 1128 1456 nominationes,
1151 1370 1442 1466 nominandique
1470 1386 1509 1444 et
1537 1370 1702 1468 eligendi
1727 1395 1766 1443 ac

266 1498 399 1594 quevis
426 1498 498 1573 alie
526 1497 724 1572 facultates
740 1495 934 1595 speciales,
956 1493 1243 1580 reservationes,
1265 1493 1538 1569 declarationes
1557 1510 1597 1570 et
1614 1495 1764 1578 indulta,

268 1622 442 1719 primarie
469 1648 602 1719 preces
629 1645 880 1718 quecumque,
896 1622 927 1694 si
954 1643 1030 1716 que
1058 1619 1095 1691 in
1113 1619 1280 1692 favorem
1299 1619 1583 1715 Imperatorum,
1606 1621 1765 1717 Regum,

268 1747 430 1835 Ducum,
449 1747 682 1844 aliorumque
704 1745 911 1842 Principum
930 1761 997 1818 aut
1015 1743 1247 1818 Prelatorum
1267 1744 1534 1840 cuiuscumque
1551 1742 1768 1818 excellentie

266 1872 327 1946 vel
355 1873 634 1969 preeminentie,
664 1888 731 1946 aut
756 1869 829 1944 alia
856 1869 991 1968 quavis
1018 1869 1274 1944 ecclesiastica
1291 1867 1351 1942 vel
1370 1869 1559 1944 mundana
1586 1869 1768 1968 dignitate
1847 1913 1848 1916 π

268 1997 500 2096 fulgentium,
531 2023 597 2072 seu
627 1996 891 2094 predictarum,
911 1994 971 2068 vel
991 1992 1147 2068 aliarum
1165 2018 1413 2090 personarum
1432 2017 1767 2092 quarumcumque,
1847 2065 1848 2070 ,

268 2122 380 2197 etiam
409 2137 513 2196 motu
543 2120 650 2195 simili
677 2137 744 2194 aut
771 2120 1070 2195 consideratione
1098 2119 1319 2192 eorumdem
1353 2118 1563 2217 Principum
1590 2119 1650 2193 vel
1684 2143 1770 2215 pre·

267 2245 438 2332 latorum,
470 2271 537 2320 seu
565 2247 667 2332 alias,
689 2248 761 2321 sub
788 2268 1027 2342 quacumque
1046 2245 1245 2317 verborum
1264 2243 1385 2316 forma
1403 2258 1508 2316 etex
1531 2266 1769 2339 quacumque

268 2395 382 2445 causa
409 2389 449 2445 et
476 2396 561 2445 cum
589 2370 783 2468 quibusvis
810 2371 1050 2468 presentibus
1078 2368 1137 2442 vel
1175 2367 1459 2464 quomodolibet
1495 2368 1642 2465 prefato
1682 2369 1769 2442 Col·

267 2494 368 2594 legio
398 2496 625 2572 Auditorum
655 2512 695 2570 et
722 2495 970 2570 Auditoribus
998 2494 1090 2591 ipsis
1121 2518 1165 2568 ac
1194 2493 1513 2568 Locatenentibus
1549 2494 1770 2568 eorumdem

265 2645 447 2718 expresse
475 2621 691 2695 nominatim
709 2637 750 2694 et
767 2622 803 2694 in
822 2620 1014 2694 individuo
1032 2618 1304 2718 derogantibus
1322 2643 1366 2693 ac
1394 2618 1646 2718 derogatoriis
1673 2619 1769 2695 clau·

266 2746 357 2819 sulis
384 2769 407 2818 a
436 2747 543 2820 nobis
572 2746 631 2821 vel
658 2747 794 2820 eadem
830 2745 922 2819 sede
957 2745 1140 2818 hactenus
1168 2759 1391 2819 emanarunt
1425 2758 1464 2817 et
1498 2743 1535 2817 in
1574 2759 1768 2842 posterum

266 2872 494 2946 emanabunt
521 2869 695 2968 cuiquam
722 2872 907 2945 adversus
926 2869 1171 2956 voluntatem,
1203 2869 1406 2956 decretum,
1437 2869 1714 2944 ordinationem
1732 2885 1770 2942 et

266 2996 549 3070 concessionem
585 2996 798 3071 huiusmodi
839 3011 1114 3093 presentesque
1151 3009 1301 3068 nostras
1329 2992 1474 3068 litteras
1501 2993 1766 3092 suffragentur.

267 3119 459 3216 Quodque
482 3145 551 3217 per
572 3144 832 3217 quascumque
850 3121 1117 3217 expectativas,
1145 3118 1456 3205 Constitutiones,
1475 3117 1638 3217 regulas,
1655 3119 1768 3193 nomi-

266 3244 449 3332 nationes,
480 3261 547 3320 aut
573 3245 789 3321 nominandi
818 3270 885 3318 seu
913 3245 1128 3319 conferendi
1146 3244 1194 3318 de
1214 3243 1334 3342 primo
1353 3243 1539 3318 vacaturis
1558 3244 1767 3331 facultates,

265 3369 324 3443 vel
351 3370 444 3444 alias
472 3369 656 3467 speciales
684 3369 973 3458 reservationes,
993 3385 1033 3444 ct
1059 3369 1107 3444 de
1136 3370 1188 3444 sic
1217 3369 1419 3444 reservatis
1438 3369 1654 3444 conferendi
1669 3395 1769 3444 man·

264 3492 352 3568 data
382 3520 426 3568 ac
455 3496 759 3591 suppressiones,
789 3493 957 3581 uniones,
988 3495 1229 3581 annexiones,
1251 3493 1571 3590 incorporationes
1589 3513 1629 3568 et
1656 3494 1768 3568 redu·

267 3616 411 3692 ctiones
439 3618 489 3691 ad
516 3619 573 3692 ius
591 3643 801 3706 commune,
822 3618 977 3716 gratias,
998 3619 1263 3692 concessiones
1291 3634 1330 3692 et
1357 3617 1510 3704 indulta,
1529 3617 1643 3692 etiam
1662 3618 1768 3692 inno-

266 3758 354 3816 vata
382 3757 421 3816 et
448 3741 669 3817 confirmata
696 3767 765 3839 per
792 3742 963 3816 diversos
994 3743 1189 3820 Romanos
1217 3743 1415 3817 Pontifices
1434 3767 1519 3817 curn
1538 3743 1768 3817 irritantibus

266 3865 430 3940 decretis
458 3881 498 3940 et
524 3889 763 3964 quacumque
789 3868 994 3941 verborum
1023 3867 1141 3941 forma
1170 3891 1254 3940 cum
1281 3867 1476 3963 quibusvis
1504 3867 1765 3965 prerogativis,

237 4025 241 4033 ·
265 3987 465 4077 favoribus,
487 3989 790 4077 antelationibus,
812 3991 1136 4078 declarationibus,
1158 3992 1271 4064 etiarn
1300 3991 1409 4065 Motu
1429 4005 1469 4066 et
1495 3991 1650 4066 scientia
1667 3990 1767 4064 simi-

266 4113 364 4188 libus
390 4139 435 4188 ac
462 4139 510 4188 ex
537 4115 837 4213 quibuscumque
865 4115 989 4189 causis
1013 4117 1084 4190 sub
1101 4116 1401 4212 quibuscumque
1420 4118 1620 4191 verborum
1640 4116 1766 4189 formis

266 4255 306 4312 et
337 4238 417 4312 aliis
450 4240 625 4315 clausulis
657 4238 986 4339 derogatoriarum
1014 4239 1263 4338 derogatoriis
1291 4238 1566 4336 quantumlibet
1598 4239 1766 4324 insolitis,

265 4363 380 4439 etiam
399 4363 546 4460 prefato
566 4362 739 4464 Collegio
758 4365 998 4450 Auditorum,
1014 4382 1054 4438 et
1069 4365 1161 4461 ipsis
1181 4364 1427 4472 Auditoribus
1446 4388 1490 4438 ac
1509 4365 1765 4440 Locatenenti-

264 4489 334 4564 bus
353 4506 392 4562 et
418 4487 659 4564 familiaribus
688 4489 827 4564 nostris
855 4489 1063 4586 descriptis,
1096 4489 1313 4565 nominatim
1341 4488 1624 4588 derogantibus,
1653 4490 1765 4564 etiam

266 4614 403 4688 talibus
432 4615 535 4709 quod
562 4614 632 4689 illis
660 4614 838 4712 derogari
856 4613 915 4688 vel
935 4613 995 4687 ille
1013 4614 1180 4689 revocari
1200 4631 1401 4712 nequeant,
1425 4616 1492 4689 nisi
1512 4615 1624 4689 certis
1643 4615 1764 4689 verbis

265 4737 460 4835 appositis,
481 4754 547 4812 aut
574 4739 672 4813 trina
693 4738 752 4812 vel
770 4737 941 4836 ampliori
959 4738 1167 4836 litterarum
1185 4739 1477 4836 apostolicarum
1498 4739 1606 4826 serie,
1634 4755 1701 4812 aut
1718 4739 1763 4812 de

264 4887 451 4938 consensu
475 4889 607 4938 eorum
630 4865 768 4960 quibus
791 4889 970 4940 concesse
990 4863 1127 4939 luerint
1145 4864 1342 4960 quibusvis
1360 4864 1535 4961 personis
1557 4865 1762 4938 cuiuscum-

264 5012 340 5085 que
358 4989 512 5087 gradus,
529 4990 733 5088 dignitatis,
751 4989 984 5078 conditionis,
1001 5004 1124 5063 status
1142 5004 1182 5063 et
1195 4990 1335 5063 ordinis
1349 4991 1522 5076 existant,
1539 4989 1652 5064 etiam
1669 4988 1763 5063 Scri-

265 5113 437 5209 ptoribus
456 5139 523 5188 seu
543 5113 785 5188 familiaribus
798 5112 989 5210 predictis,
1004 5112 1064 5187 vel
1079 5138 1211 5187 eorum
1228 5112 1419 5212 Collegiis,
1440 5113 1618 5200 ecclesiis,
1641 5113 1763 5187 Cano-

266 5237 449 5312 nicatibus
478 5254 517 5313 et
543 5237 756 5334 prebendis,
786 5237 1043 5336 dignitatibus,
1073 5239 1350 5337 personatibus,
1381 5237 1763 5312 administrationibus

263 5377 303 5438 et
330 5362 472 5447 officiis,
503 5363 756 5450 Monasteriis,
786 5387 994 5460 eorumque
1014 5363 1153 5437 mensis
1181 5365 1294 5439 etiam
1324 5361 1615 5460 Capitularibus,
1643 5363 1763 5438 cuius·
