3686 5916
705 332 870 392 Clemente
889 331 981 392 XIII
1532 333 1588 392 597

80 521 154 596 fiat
184 523 383 620 Expeditio
410 542 449 597 et
477 524 675 620 publicatio
704 529 922 608 sententiae,
945 551 1017 597 non
1042 539 1241 622 expectato
1260 527 1407 600 cumulo
1434 526 1587 600 aliarum

78 651 369 728 sententiarum.
402 675 468 723 seu
499 648 765 746 sportularum.

228 775 265 870 3)
297 775 429 846 Mense
457 775 601 848 octobri
631 773 763 847 saltem
794 799 889 847 unus
918 801 987 870 pro
1015 777 1156 849 cunctis
1176 775 1316 849 eisdem
1338 775 1480 849 Officiis
1499 803 1586 873 quo·

79 899 179 973 tidie
207 924 389 995 praesens
419 923 552 972 vacare
580 899 719 973 debeat
748 901 927 972 Notarius
955 917 993 973 et
1021 901 1116 974 alter
1139 927 1185 974 ex
1214 903 1365 996 reliquis
1397 901 1585 986 Ministris,

79 1049 220 1128 eorum
250 1025 401 1096 arbitrio
430 1023 651 1105 alternatim,
680 1039 794 1097 etex
822 1025 994 1098 condicto
1023 1025 1250 1124 seligendus,
1271 1028 1436 1122 exceptis
1466 1042 1589 1098 tamen

80 1149 224 1221 diebus
243 1147 445 1230 dominicis,
462 1148 619 1244 aliisque
639 1173 707 1245 per
726 1149 1000 1223 hebdomadam
1020 1151 1068 1223 de
1088 1167 1291 1247 praecepto
1307 1149 1458 1233 festivis,
1475 1164 1590 1246 atque

81 1273 203 1345 etiam
234 1273 366 1345 diebus
394 1272 502 1346 Iovis¹

228 1400 266 1488 4)
298 1396 505 1470 Citatioues
535 1424 659 1470 coram
689 1423 918 1494 unoquoque
947 1427 993 1472 ex
1014 1401 1059 1497 (Ρ)
1079 1399 1158 1473 Sac.
1184 1400 1304 1472 Rotae
1334 1399 1518 1473 Auditore
1543 1401 1591 1472 ab

82 1521 183 1617 ipsis
215 1521 379 1596 Notariis
397 1521 456 1595 vel
477 1523 689 1597 Substituto
718 1524 900 1622 legantur.
923 1524 1085 1621 alioquin
1107 1548 1174 1597 nec
1196 1525 1357 1597 Decreta
1375 1525 1424 1598 ab
1447 1525 1590 1597 eisdem

83 1646 339 1720 Auditoribus
364 1647 656 1742 interponentur,
680 1673 789 1722 neca
810 1649 975 1724 Notariis
996 1675 1170 1722 unacum
1193 1649 1373 1732 Partibus,
1396 1672 1470 1722 non
1490 1675 1589 1722 acce-

83 1771 266 1846 dentibus
296 1773 331 1844 in
360 1773 519 1846 termino
547 1774 743 1858 citationis,
773 1775 872 1872 exigi
901 1791 1079 1871 poterunt
1107 1773 1263 1850 Viatica.

230 1901 266 1992 5)
293 1897 399 1972 Taxa
429 1900 611 1972 Actorum
639 1913 678 1970 et
707 1899 1054 1972 Emolumentorum
1084 1900 1200 1996 Typis
1236 1899 1430 1995 impressa,
1463 1899 1591 1972 Curia·

84 2021 180 2092 lium
208 2037 248 2093 et
276 2023 516 2120 Litigantium
545 2023 801 2096 commoditati
830 2023 866 2096 in
894 2023 985 2118 ipsis
1006 2022 1202 2096 Rotalibus
1223 2023 1365 2098 Officiis
1385 2047 1535 2121 semper
1553 2039 1593 2098 et

88 2147 241 2239 publice
268 2146 379 2241 affixa
408 2147 623 2232 retineatur,
653 2171 836 2221 unacum
867 2149 922 2220 his
953 2147 1136 2222 Decretis.

804 2473 894 2552 470.

91 2633 219 2706 Series
245 2633 462 2707 decisionum
490 2633 681 2707 Rotulr'um
707 2634 747 2706 in
775 2631 953 2706 Archr'ut'e
982 2633 1191 2729 interrupta
1219 2633 1359 2706 desidia
1381 2632 1595 2707 Camerarz'i

175 2767 211 2830 et
236 2759 463 2832 Adeittorum
491 2786 516 2831 a
545 2758 697 2831 Studiis.

172 2913 288 2982 (Ancn.
307 2911 397 2984 Rom,
420 2911 609 2972 ‹Drnrt'um
629 2911 803 2974 Cammle
815 2917 851 2985 ι).

651 3091 746 3168 Ven.
778 3117 802 3185 4
830 3109 903 3165 oct.
933 3098 1043 3186 1765.

178 3257 395 3330 Notandum
428 3255 486 3328 hic
523 3253 731 3328 existimavi
769 3253 872 3347 quod
910 3251 946 3324 d.
980 3249 1179 3334 Herreros,
1219 3275 1325 3324 meus
1363 3254 1594 3326 Antecessor

92 3385 128 3455 in
163 3382 430 3466 Camerariatu,
457 3379 543 3452 mihi
573 3378 719 3475 reliquit
746 3379 780 3448 in
818 3375 956 3473 pluteis
995 3374 1155 3448 Archivii
1192 3376 1386 3450 informem
1426 3378 1594 3451 Massam

96 3507 339 3582 Decisionum
377 3507 426 3578 ab
466 3527 526 3578 an.
571 3523 669 3596 1739
714 3505 747 3572 iu
790 3517 914 3574 tomos
956 3498 1258 3597 colligendarum,
1302 3518 1344 3575 ut
1383 3503 1417 3575 in
1460 3500 1593 3576 eodem

93 3632 273 3705 Archivio
303 3630 432 3726 reponi
460 3629 605 3725 possint
623 3628 672 3699 ad
701 3626 1004 3723 prosequendam
1023 3625 1325 3699 antecedentium
1350 3626 1496 3702 seriem.
1520 3629 1594 3700 Eas

93 3782 228 3830 omnes
257 3755 397 3830 contuli
426 3779 509 3827 cum
532 3753 667 3825 Diariis
688 3751 884 3824 Rotalibus
904 3767 942 3822 et
961 3749 1081 3822 inveni
1102 3751 1260 3825 infinitas
1289 3751 1459 3836 deficere,
1481 3753 1593 3826 etiam

93 3911 141 3957 ex
172 3883 215 3955 iis
245 3907 342 3978 quae
366 3897 473 3952 erant
500 3879 717 3974 impressae.
742 3876 880 3950 Curavi
909 3892 950 3948 ut
970 3875 1105 3972 singuli
1124 3901 1171 3948 ex
1192 3877 1279 3952 DD.
1298 3877 1383 3949 mihi
1405 3877 1596 3951 traderent

96 4033 170 4081 non
201 4023 345 4080 tantum
375 4005 467 4090 illas,
489 4004 557 4077 sed
580 4028 646 4077 eas
665 4004 777 4076 etiam
807 4027 906 4098 quae
934 4002 1141 4096 impressae
1170 4025 1244 4076 non
1273 4018 1379 4083 sunt:
1410 4005 1477 4074 sed
1507 4003 1593 4098 quia

95 4132 154 4206 his
181 4131 295 4204 etiam
324 4130 497 4212 obtentis,
521 4129 642 4201 inveni
666 4127 961 4224 quamplurimas
980 4127 1092 4199 etiam
1113 4123 1283 4212 deficere,
1306 4127 1390 4199 ideo
1410 4128 1443 4199 in
1465 4127 1595 4200 iisdem

96 4257 210 4329 tomis
239 4280 358 4351 usque
388 4279 484 4326 nunc
503 4253 682 4327 coniectis
710 4253 758 4324 ad
789 4268 908 4325 totum
937 4275 1075 4324 annum
1112 4255 1208 4343 1763
1240 4251 1320 4325 loco
1348 4251 1595 4325 deficientium

98 4381 262 4478 colligari
292 4379 464 4453 mandavi
494 4380 529 4450 in
559 4379 635 4450 suis
656 4377 807 4452 sedibus
828 4375 913 4450 iolia
932 4402 1015 4448 cum
1038 4376 1153 4448 titulis
1172 4401 1321 4460 causae,
1344 4377 1491 4450 nomine
1512 4401 1598 4472 par-

100 4507 190 4577 tium
220 4521 259 4578 et
287 4505 487 4600 Rescripto
519 4501 638 4578 rotali.
672 4503 891 4575 Decisiones
924 4525 1022 4597 quae
1059 4499 1236 4574 deficiunt
1272 4525 1341 4574 eae
1377 4518 1466 4574 sunt
1502 4526 1596 4597 quas

100 4627 199 4702 nulla
218 4655 265 4702 ex
285 4621 454 4726 partibus
483 4627 685 4724 requisivit,
707 4629 793 4724 quia
822 4642 909 4722 post
936 4642 1084 4722 captam
1114 4625 1377 4700 resolutionem
1405 4625 1464 4699 vel
1483 4651 1598 4701 causa

99 4755 210 4840 siluit,
232 4753 289 4828 vel
319 4768 445 4852 partes
475 4752 791 4826 renunciationem
811 4752 1025 4826 emiserunt.
1049 4750 1190 4848 Negari
1214 4765 1338 4822 tamen
1367 4773 1439 4824 non
1470 4767 1596 4846 potest

98 4879 196 4952 hunc
223 4905 310 4954 esse
340 4905 412 4952 non
435 4878 619 4951 modicum
639 4879 821 4958 abusum:
845 4901 930 4948 nam
953 4876 1158 4948 Adiutores
1179 4872 1397 4948 Studiorum
1425 4891 1598 4972 tempore

97 5005 343 5090 vacationum,
365 5004 424 5076 vel
444 5003 598 5098 quando
629 5000 748 5073 minus
771 5017 1012 5096 occupantur,
1035 5013 1209 5074 tenentur
1232 4999 1451 5074 Decisiones
1471 5017 1597 5074 exten-

100 5131 189 5204 dere
217 5129 441 5225 ubicumque
468 5129 577 5201 adest
606 5124 799 5200 resolutio.
