3686 5916
690 329 856 390 Clemente
876 329 963 390 XIV
1515 333 1569 392 609

155 549 211 616 19.
244 525 378 620 Sicque
395 541 434 598 et
454 548 527 599 non
546 525 653 598 aliter
673 525 708 596 in
728 524 954 620 praemissis,
977 542 1016 599 et
1034 527 1130 600 circa
1148 551 1194 600 ea
1222 551 1291 621 per
1309 551 1568 623 quoscumque

66 649 226 730 ludices,
257 649 472 726 Tribunalia
500 650 613 724 etiarn
643 649 864 748 Collegialia
891 674 935 722 ac
963 651 1124 724 Sanctae
1154 651 1348 724 Romanae
1377 649 1567 726 Ecclesiae

63 772 283 869 praedictae
300 772 529 859 Cardinales,
548 773 661 846 etiam
676 775 724 847 de
738 773 855 847 latere
876 775 1052 872 Legatos,
1071 775 1352 871 Vite-Legatos
1371 775 1568 868 dictaeque

65 895 178 970 Sedis
209 899 384 984 Nuncios,
416 896 564 971 sublata
583 899 637 972 eis
657 915 844 972 eteorum
866 899 1014 972 cuilibet
1033 899 1165 994 quavis
1193 899 1300 973 aliter
1327 900 1511 974 iudicandi
1531 916 1569 974 et

65 1023 341 1118 interpretandi
360 1022 536 1096 facultate
564 1039 603 1096 et
630 1023 880 1112 aucthoritate
899 1023 1050 1096 iudicari
1069 1041 1108 1096 et
1128 1023 1269 1098 definiri
1291 1023 1439 1106 debere,
1470 1041 1509 1096 et
1538 1024 1568 1096 si

67 1173 179 1220 secus
202 1148 391 1243 superbis
411 1174 433 1221 a
454 1173 646 1243 quoquam
667 1150 800 1242 quavis
819 1148 1069 1222 aucthoritate
1089 1150 1261 1235 scienter,
1277 1147 1336 1220 vel
1352 1149 1570 1246 ignoranter
1664 1135 1667 1143 ’

64 1273 269 1368 contigerit
287 1271 474 1354 attentari,
501 1273 642 1344 irritum
662 1261 701 1345 et
719 1273 828 1344 inane
848 1273 927 1368 pari
946 1274 1170 1346 auctoritate
1189 1275 1298 1347 etiam
1320 1273 1566 1347 decernimus.

148 1421 211 1470 20.
232 1396 317 1469 Non
336 1398 576 1470 obstantibus
595 1411 783 1492 quatenus
803 1421 900 1491 opus
920 1397 969 1470 sit
988 1414 1118 1472 nostra
1138 1413 1176 1470 et
1193 1397 1448 1470 Cancellariae
1463 1399 1568 1492 Apo-

67 1521 224 1596 stolicae
253 1521 400 1618 Regula
429 1522 476 1593 de
505 1520 587 1592 lure
616 1524 790 1616 quaesito
819 1545 892 1596 non
922 1521 1100 1610 tollendo,
1131 1539 1169 1594 et
1199 1523 1248 1594 Pii
1279 1521 1327 1594 IV
1358 1525 1405 1596 de
1437 1523 1569 1618 gratiis

66 1648 251 1721 interesse
271 1645 456 1719 Camerae
477 1645 721 1740 Apostolicae
741 1647 1026 1741 quomodolibet
1044 1647 1353 1723 concernentibus
1373 1647 1408 1718 in
1434 1649 1567 1720 eadem

69 1772 232 1844 Camera
261 1771 517 1869 registrandis,
543 1786 582 1843 et
609 1770 850 1853 insinuandis,
871 1771 1028 1866 aliisque
1049 1770 1278 1867 Apostolicis
1298 1772 1454 1844 aliorum
1475 1795 1569 1865 quo-

69 1923 315 1993 rumcumque
347 1899 603 1971 Romanorum
633 1896 849 1970 Pontificum
881 1897 1216 1972 praedecessorum
1254 1898 1489 1984 Nostrorum,
1529 1914 1568 1970 et

68 2025 270 2119 praecipue
300 2022 505 2096 Clementis
527 2021 608 2096 Vlll
628 2037 667 2094 et
695 2021 900 2095 Alexandri
921 2021 998 2108 Vll,
1021 2049 1136 2115 super
1154 2023 1325 2096 examine
1345 2047 1568 2119 promoven-

67 2149 200 2222 dorum
232 2148 280 2222 ad
305 2148 554 2221 Ecclesiarum
575 2146 758 2242 regimina
777 2162 817 2218 et
834 2145 883 2218 a'd
903 2170 1031 2220 sacros
1051 2147 1212 2231 ordines,
1238 2170 1282 2218 ac
1311 2149 1346 2220 in
1376 2147 1569 2240 quibusvis

70 2275 245 2346 Conciliis
273 2274 384 2348 editis
414 2273 639 2366 specialibus
670 2271 1010 2346 Constitutionibus
1038 2290 1078 2345 et
1107 2272 1434 2347 Ordinationibus:
1457 2271 1568 2343 Privi-

68 2399 172 2495 legiis
210 2423 380 2494 quoque,
418 2395 582 2482 lndultis,
623 2413 661 2468 et
700 2397 848 2469 Litteris
882 2397 1112 2494 Apostolicis
1149 2396 1353 2492 quibusvis,
1385 2396 1569 2470 Tribuna-

69 2525 170 2606 libus.
202 2541 245 2596 et
275 2523 645 2620 Congregationibus
676 2522 837 2595 Sanctae
867 2522 1060 2594 Romanae
1089 2519 1281 2594 Ecclesiae
1302 2518 1566 2606 Cardinalium,

68 2674 109 2720 ac
137 2674 206 2744 pro
241 2664 410 2744 tempore
438 2646 614 2720 existenti
641 2647 676 2719 in
707 2645 810 2718 Urbe
829 2647 987 2741 eiusque
1008 2645 1189 2718 Districtu
1211 2645 1400 2719 Cardinali
1421 2645 1568 2718 Vicario

69 2772 101 2844 in
130 2772 387 2866 spiritualibus
415 2768 592 2867 generali,
623 2786 662 2844 et
691 2771 988 2866 quibuscumque
1019 2771 1211 2844 Romanae
1251 2771 1387 2842 Curiae
1422 2771 1567 2842 Praela-

71 2915 187 2970 torum
233 2897 438 2980 ordinibus,
473 2912 511 2968 et
549 2893 740 2992 Collegiis,
777 2910 816 2967 et
853 2894 1102 2992 singularibus
1141 2896 1316 2968 Personis
1349 2920 1416 2990 per
1452 2920 1567 2991 quos·

69 3049 230 3119 cumque
261 3021 455 3094 Romanos
485 3019 681 3094 Pontifices
712 3021 1028 3093 Praedecessores
1050 3021 1213 3093 Nostros
1241 3037 1280 3092 et
1309 3020 1445 3093 Sedem
1468 3023 1568 3116 Apo·
1688 3059 1691 3066 >

72 3148 238 3220 stolicam
269 3146 498 3242 praedictam
528 3147 599 3217 sub
627 3145 926 3240 quibuscumque
956 3145 1159 3226 tenoribus,
1190 3159 1229 3216 et
1256 3145 1384 3216 formis
1411 3170 1455 3217 ac
1484 3171 1567 3218 cum

71 3271 261 3366 quibusvis
291 3269 613 3366 derogatoriarunr
643 3269 892 3366 derogatoriis
919 3270 1078 3364 aliisque
1106 3269 1386 3354 efficacioribus,
1407 3285 1445 3342 et
1473 3270 1568 3342 inso-

72 3394 139 3468 litis
167 3395 355 3477 clausulis,
386 3417 530 3468 necnon
559 3393 799 3480 irritantibus,
827 3408 867 3467 et
895 3395 975 3466 aliis
1006 3393 1178 3466 Decretis
1206 3395 1243 3465 in
1270 3419 1412 3491 genere
1440 3395 1498 3466 vel
1531 3395 1566 3465 in

71 3521 191 3614 specie
210 3521 324 3592 etiam
345 3534 448 3592 motu
469 3519 633 3600 scientia,
655 3532 693 3590 et
713 3518 913 3614 potestatis
933 3517 1163 3614 plenitudine
1183 3518 1375 3604 similibus,
1396 3519 1568 3613 quamvis

70 3644 206 3718 iteratis
236 3645 377 3716 vicibus
406 3643 606 3727 concessis,
638 3643 874 3727 confirmatis,
906 3657 946 3716 et
973 3644 1175 3718 innovatis:
1206 3642 1353 3735 Quibus
1382 3645 1565 3728 omnibus,

70 3785 106 3838 et
134 3767 301 3866 singuiis,
333 3767 478 3839 etiamsi
507 3769 555 3838 de
583 3765 653 3839 illis
682 3791 889 3862 eorumque
918 3767 1006 3839 totis
1028 3768 1220 3840 tenoribus
1241 3768 1423 3861 specialis,
1444 3768 1564 3862 speci-

70 3891 144 3978 fica,
176 3915 369 3989 expressa,
400 3908 438 3963 et
466 3890 663 3975 individua,
696 3915 770 3964 non
798 3907 924 3964 autem
955 3917 1022 3987 per
1046 3890 1231 3964 clausulas
1250 3890 1449 3989 generales
1469 3891 1566 3963 idem

70 4019 315 4113 importantes
345 4017 484 4089 mentio
513 4042 580 4088 seu
610 4017 767 4110 quaevis
795 4015 867 4089 alia
894 4017 1090 4111 expressio
1119 4017 1301 4102 habenda,
1341 4033 1406 4089 aut
1442 4016 1566 4111 aliqua

69 4139 137 4214 alia
165 4142 350 4240 exquisita
380 4141 497 4214 [orma
525 4141 573 4213 ad
602 4141 672 4212 hoc
701 4141 887 4212 servanda
916 4141 1031 4224 loret;
1072 4159 1222 4216 tenores
1260 4141 1484 4224 huiusmodi,
1523 4167 1566 4214 ac

69 4266 98 4336 si
127 4267 173 4339 dc
203 4267 320 4338 verbo
348 4265 396 4336 ad
425 4269 580 4338 verbum
611 4265 696 4338 nihil
725 4266 874 4360 penitus
903 4267 1055 4348 omisso,
1085 4285 1124 4339 et
1148 4265 1265 4338 forma
1285 4266 1319 4336 in
1340 4265 1409 4338 illis
1431 4265 1566 4337 tradita

68 4395 278 4466 observata.
310 4393 570 4488 praesentibus
600 4393 726 4464 inserti
747 4391 878 4475 forent,
901 4390 1033 4464 iisdem
1056 4393 1316 4486 praesentibus
1337 4391 1474 4463 nostris
1496 4389 1566 4461 Lit-

69 4516 156 4588 teris
185 4541 256 4612 pro
285 4517 511 4589 sufficienter
539 4517 738 4611 expressis,
769 4533 807 4589 et
836 4515 986 4588 insertis
1015 4515 1208 4598 habentes
1231 4515 1300 4588 illis
1328 4514 1420 4588 alias
1440 4515 1475 4586 in
1497 4539 1567 4588 suo

71 4642 202 4714 robore
231 4643 497 4737 permansuris,
531 4641 580 4713 ad
608 4640 780 4714 ellectum
820 4641 1030 4724 validitatis,
1061 4655 1100 4712 et
1134 4655 1342 4734 perpetuae
1379 4638 1565 4712 firmitatis

69 4767 360 4857 praemissorum
398 4765 573 4848 omnium,
615 4782 654 4836 et
690 4764 934 4862 singulorum,
974 4764 1043 4835 hac
1080 4764 1160 4836 vice
1202 4761 1397 4835 dumtaxat
1434 4763 1565 4836 harum

68 4889 162 4962 serie
201 4888 423 4984 specialiter,
452 4910 491 4962 et
528 4913 709 4984 expresse
746 4889 985 4987 derogamus,
1017 4887 1175 4982 aliisque
1212 4887 1385 4962 omnibus
1417 4905 1456 4960 et
1492 4887 1568 4960 sin-

67 5013 174 5108 guiis,
197 5037 296 5108 quae
316 5016 489 5109 superius
508 5014 692 5088 enunciati
714 5015 1032 5088 Praedecessores
1052 5013 1182 5087 Nostri
1202 5014 1238 5085 in
1258 5011 1415 5110 singulis
1433 5035 1565 5086 eorum

69 5135 231 5230 Litteris,
247 5137 399 5216 indulta.
412 5138 616 5234 privilegia,
636 5139 931 5234 praerogativas,
946 5139 1216 5233 exemptiones
1234 5154 1272 5210 et
1286 5136 1428 5234 gratias
1444 5135 1566 5209 eidem

70 5259 267 5336 Auditorio
295 5263 467 5358 illiusque
496 5262 753 5340 Auditoribus.
786 5278 825 5334 et
863 5262 1220 5336 Locumtenentibus
1257 5260 1435 5334 attributa
1473 5285 1562 5333 con·

72 5388 307 5460 cernentibus
336 5387 533 5460 voluerunt
561 5413 634 5460 non
664 5389 829 5468 obstare,
861 5387 1054 5459 contrariis
1083 5384 1393 5483 quibuscumque.
