3708 5918
641 296 645 310 '
784 303 921 363 Socculo
939 293 1030 364 XIII
1042 335 1061 348 -
1080 303 1167 364 XIV
1277 339 1285 360 .

601 415 709 422 ---·--—
717 416 722 421 -
803 413 1348 422 -—--———-—--—-——--——---—
1353 413 1718 424 *mm-...m-

938 659 1000 736 47.

226 835 458 932 Bouz'facius'
482 837 587 911 VIII
616 834 778 938 (1294·1
789 860 838 930 30
842 839 879 934 3)
905 841 945 910 in
980 862 1092 911 causa
1118 838 1284 913 devoluta
1312 840 1545 936 Magistrum
1571 841 1722 939 Rayna-

303 962 403 1036 rium
439 963 483 1036 dc
520 962 652 1046 Virdio,
685 960 924 1061 capellanum
959 988 1067 1037 mum
1103 990 1147 1036 ac
1173 964 1394 1038 Audt'lorem
1429 989 1628 1040 causarum
1662 969 1725 1040 sui

295 1086 444 1185 palatzi',
464 1087 532 1160 dat
547 1087 766 1160 Auditorem
780 1116 792 1160 .·
810 1129 837 1141 -
857 1099 1050 1186 processus
1076 1113 1216 1174 causae,
1245 1087 1364 1162 habiti
1386 1115 1512 1165 coram
1532 1091 1722 1188 praedato

304 1211 497 1298 Auditum,
529 1219 793 1310 proponuntur
827 1237 952 1286 coram
986 1213 1095 1311 Papa
1132 1213 1199 1310 qui
1223 1223 1356 1310 partes
1392 1215 1486 1288 iuda
1525 1214 1603 1289 alta
1638 1225 1721 1290 acta

303 1363 426 1410 coram
452 1336 573 1410 eudem
590 1337 774 1411 Audz'tore
793 1337 1017 1435 proclum:
1043 1339 1133 1411 actis
1152 1337 1356 1436 productas,
1387 1365 1499 1414 causa
1524 1341 1656 1437 agitur
1680 1341 1721 1414 in

304 1463 513 1534 consistorio
541 1461 668 1559 Papae
696 1487 820 1536 coram
838 1462 959 1560 Papa,
979 1462 1048 1560 qui
1071 1488 1152 1536 cum
1177 1462 1440 1540 Cardinalibus
1461 1491 1540 1540 rem
1558 1465 1717 1539 absolvit.

303 1653 396 1724 (Rae.
415 1651 508 1722 er,
531 1652 587 1726 49,
612 1651 671 1724 fol.
691 1651 782 1724 159⁰,
810 1667 841 1710 n.
861 1652 922 1720 99,·
947 1649 986 1711 G.
1006 1652 1146 1727 Dromo,
1174 1651 1217 1712 M.
1236 1653 1376 1724 Fnucox,
1403 1661 1435 1712 et
1463 1655 1504 1713 A.
1521 1653 1665 1727 Txoxxs,
1686 1657 1723 1712 in

229 1741 414 1902 aggpmpp
434 1741 491 1800 aes
515 1721 629 1800 scores
659 1739 775 1814 franc.
801 1740 866 1799 Les
888 1740 1062 1814 negasses
1085 1741 1125 1800 ue
1150 1741 1314 1816 Bonane
1341 1741 1428 1816 vrrr,
1454 1743 1572 1808 Pars.
1589 1743 1678 1802 rear
1692 1768 1720 1816 ·,

225 1847 256 1888 n.
276 1871 296 1888 a
381 1873 387 1888 .

1225 1972 1303 2045 1299,
1322 1972 1477 2032 februarii
1498 1973 1539 2046 17,
1557 1971 1723 2032 Laterani.

307 2121 368 2194 Ad
396 2118 559 2193 futuram
585 2119 638 2192 rei
666 2119 896 2194 memoriam.
927 2118 1147 2216 Apostolice
1174 2119 1285 2194 Sedis
1312 2143 1421 2215 equa,
1443 2134 1482 2193 et
1500 2119 1721 2217 circumspe-

225 2263 285 2318 cta
313 2243 477 2341 provisio
505 2243 796 2339 uniuscuiusque
825 2258 1004 2342 satagens
1031 2244 1111 2317 iura
1138 2245 1245 2330 tueri,
1276 2269 1360 2317 cum
1386 2243 1610 2342 iurgantium
1638 2244 1723 2318 lites

225 2370 274 2445 ad
301 2371 382 2444 eius
409 2367 566 2466 perferri
594 2367 750 2466 contigit
778 2369 958 2456 auditum,
988 2386 1030 2442 ut
1057 2368 1196 2445 iustitia
1223 2369 1260 2441 in
1288 2367 1460 2442 iudicium
1483 2383 1726 2443 convertatur

226 2494 382 2591 provide
423 2494 551 2567 nititur
592 2491 739 2566 solvere
780 2517 849 2590 per
889 2493 1153 2567 exhibitionem
1193 2493 1343 2580 iustitie,
1383 2517 1479 2567 nunc
1520 2517 1589 2588 per
1623 2493 1723 2567 viam

225 2620 359 2718 rigoris
387 2619 486 2705 iuris,
518 2641 615 2692 nunc
643 2642 711 2715 per
729 2641 828 2714 eque
855 2618 1078 2714 provisionis
1104 2617 1320 2701 remedium,
1341 2617 1566 2692 circumcisis
1590 2643 1726 2715 super-

226 2744 429 2819 fluitatibus
458 2743 702 2829 voluntatum,
734 2740 838 2838 quod
865 2742 1140 2816 cavillationum
1168 2767 1293 2839 nequa
1321 2741 1516 2840 congeries
1544 2757 1584 2816 et
1605 2745 1727 2817 ambi-

224 2868 379 2969 guitatis
407 2867 605 2964 scrupulus
632 2868 869 2944 innodarunt.
900 2867 1010 2953 Sane,
1041 2868 1171 2941 audito
1199 2866 1341 2941 dudum
1360 2865 1463 2963 quod
1481 2867 1726 2942 canonicatus

224 3010 263 3067 et
296 2995 487 3100 prebenda
523 2993 680 3066 ecclesie
714 2991 982 3069 Lincolniensis
1019 3017 1088 3090 per
1124 3007 1282 3065 mortem
1324 2991 1515 3087 quondam
1552 2990 1713 3088 magistr

227 3119 433 3216 Sthephani
460 3119 508 3193 de
536 3117 712 3204 Thawell,
742 3118 859 3214 ipsius
887 3116 1043 3192 ecclesie
1071 3117 1246 3201 canonici,
1277 3117 1341 3213 qui
1374 3117 1411 3190 in
1439 3116 1588 3190 civitate
1618 3117 1726 3191 Basi-

226 3245 331 3318 liensi
359 3245 406 3318 de
435 3243 606 3317 Romana
635 3240 749 3316 Curia
778 3242 990 3316 recedendo
1018 3241 1247 3328 decesserat,
1286 3257 1375 3316 tunc
1407 3242 1602 3328 vacabant,
1640 3267 1725 3329 noS,

227 3369 398 3443 volentes
426 3365 603 3442 dilectum
631 3365 744 3440 filium
773 3366 995 3464 magistrum
1030 3365 1253 3440 Riccardum
1285 3366 1334 3441 de
1367 3365 1560 3464 Feringes‚
1599 3367 1727 3461 capel-

122 3588 128 3598 Ι
227 3495 350 3568 lanum
370 3508 551 3579 nostrum,
567 3491 784 3565 canonicum
800 3489 1106 3575 Lincolniensem,
1123 3491 1300 3590 gratiosis
1313 3489 1507 3565 aflectibus
1525 3489 1725 3578 honorare,

225 3617 482 3692 canonicatum
519 3617 635 3714 ipsius
675 3615 943 3691 Lincolniensis
971 3609 1159 3721 [ecclesie]
1188 3641 1272 3689 cum
1300 3613 1528 3712 plenitudine
1555 3615 1643 3688 iuris
1662 3639 1729 3688 ca-

228 3743 360 3830 nonici,
389 3759 429 3817 et
465 3741 696 3838 prebendam
734 3741 939 3839 predictam
977 3741 1029 3816 sic
1065 3756 1270 3824 vacantem,
1302 3741 1332 3814 si
1360 3739 1408 3814 de
1435 3742 1515 3813 iure
1544 3739 1631 3814 nulli
1662 3739 1728 3813 alii

227 3869 437 3955 deberetur,
467 3867 631 3964 alioquin
660 3867 890 3965 prebendam
917 3865 1038 3954 aliam,
1070 3867 1100 3939 si
1129 3890 1204 3961 qua
1232 3863 1320 3939 nulli
1347 3864 1406 3938 alii
1426 3865 1473 3938 de
1492 3864 1572 3938 iure
1597 3863 1729 3940 debita

204 4013 314 4069 ¹tunc
342 3995 500 4069 vacabat
527 3992 673 4078 ibidem,
704 4019 787 4068 cum
815 3993 988 4068 omnibus
1015 3992 1154 4066 iuribus
1181 4008 1221 4065 et
1238 3991 1472 4089 pertinentiis
1492 3991 1580 4078 suis,
1600 3989 1729 4065 eidem

227 4118 410 4216 magistro
443 4118 637 4205 Riccardo,
676 4117 882 4192 litterarum
919 4134 1131 4191 nostrarum
1168 4117 1391 4191 auctoritate
1424 4115 1648 4190 contulimus
1684 4132 1730 4189 et

231 4243 462 4342 providimus
490 4246 539 4318 de
566 4242 720 4318 eisdem.
752 4243 791 4317 Si
818 4267 908 4317 vero
937 4242 1037 4316 nulla
1063 4241 1148 4316 talis
1176 4242 1369 4337 prebenda
1396 4254 1484 4314 tunc
1510 4241 1670 4315 vacabat
1688 4243 1729 4314 in
1851 4309 1852 4316 ,

231 4370 389 4444 ecclesia
417 4368 640 4466 supradicta,
663 4393 733 4443 nos
761 4368 991 4466 prebendam
1019 4366 1191 4463 proximo
1219 4367 1255 4439 in
1283 4367 1415 4441 eadem
1433 4364 1592 4440 ecclesia
1613 4389 1732 4440 vaca-
1851 4373 1852 4380 ’

227 4511 351 4568 turam
380 4517 455 4589 que
483 4495 531 4566 de
556 4495 636 4568 iure
675 4492 763 4568 nulli
800 4492 860 4566 alii
896 4494 1106 4577 deberetur,
1141 4490 1405 4566 conferendam
1442 4490 1514 4588 ipsi
1543 4490 1732 4588 magistro

228 4620 411 4693 Riccardo
437 4643 521 4692 cum
548 4634 709 4702 vacaret,
740 4618 932 4693 donationi
960 4617 1180 4714 Apostolice
1208 4615 1382 4690 duximus
1401 4615 1667 4690 reservandam
1686 4633 1734 4689 et

227 4743 461 4818 decrevimus
487 4767 536 4816 ex
563 4759 651 4816 tunc
679 4743 822 4816 irritum
849 4759 889 4817 et
915 4744 1025 4816 inane
1053 4741 1085 4815 si
1112 4767 1221 4815 secus
1251 4765 1365 4836 super
1401 4740 1471 4813 hiis
1498 4764 1522 4814 a
1549 4763 1732 4836 quocum-

229 4893 303 4964 que
331 4867 566 4965 conting‘eret
602 4869 830 4964 attemptari,
861 4867 971 4941 certis
1004 4890 1118 4963 super
1146 4867 1218 4940 hoc
1254 4865 1323 4940 sibi
1358 4890 1427 4962 per
1453 4864 1546 4938 alias
1579 4880 1736 4938 nostras

228 4993 372 5067 litteras
399 4993 662 5067 executoribus
690 4983 903 5088 deputatis'

310 5116 554 5191 Postmodum
583 5141 684 5202 vero,
715 5116 804 5190 dum
832 5131 1054 5191 executores
1083 5115 1153 5212 ipsi
1172 5117 1273 5189 iuxta
1290 5115 1457 5202 sormam
1472 5115 1735 5209 predictarum

228 5243 434 5316 litterarum
461 5243 686 5317 directarum
714 5243 768 5316 eis
796 5240 843 5315 ad
863 5239 1075 5314 huiusmodi
1092 5238 1314 5336 provisionis
1332 5238 1590 5314 executionem
1610 5239 1735 5312 inten-

230 5368 372 5454 derent,
407 5368 586 5466 magister
612 5364 818 5442 Walterius
854 5368 901 5440 de
929 5343 1130 5453 Wictdnia
1163 5364 1444 5439 archidiaconus
1482 5363 1736 5462 Huntingdo·
