3720 5916
788 293 918 402 oruata
939 343 1023 404 vm
1594 355 1652 415 357

158 429 1650 466 Ἣ

147 539 189 598 et
215 526 431 602 excellentis
461 528 560 604 Dm.
591 529 741 604 Lazzari
770 531 887 607 Protti
915 559 984 631 pro
1013 538 1126 611 rebus
1153 553 1193 610 et
1220 542 1385 638 negociis
1406 543 1566 644 Collegii
1584 573 1654 644 per

145 650 259 726 dmm.
293 651 564 750 Cappellanum
601 657 771 730 eiusdem
810 657 969 758 Collegii
1012 661 1182 739 intimata
1222 665 1260 739 in
1303 692 1378 764 qua
1415 669 1649 769 infrascripti,

149 775 340 852 videlicet:
1354 793 1355 798 ’

151 937 238 1011 Dni.
269 939 428 1013 loannes
457 941 646 1016 Macrinus
1172 951 1275 1027 Felix
1303 956 1351 1030 de
1379 956 1488 1032 Totis

271 1062 449 1157 Quirinus
478 1065 613 1140 Farina
1169 1077 1303 1154 Petrus
1332 1081 1616 1158 Francisconius

271 1190 489 1265 Alexander
518 1192 704 1268 Palladius
1170 1201 1465 1301 Christophorus
1489 1207 1653 1283 Torrent

273 1312 453 1390 Clearcus
481 1318 626 1392 Buscus
1171 1329 1303 1404 Petrus
1333 1329 1560 1406 Buscarolus
1586 1348 1627 1406 et

273 1442 361 1516 Ant.
392 1441 567 1517 Laurent.
598 1443 645 1516 de
677 1443 809 1518 Blasiis
1171 1455 1256 1553 Ego
1284 1457 1497 1552 Astulphus
1527 1459 1650 1536 Mens.

271 1565 533 1664 Archangelus
564 1568 733 1642 Baronus

271 1691 459 1766 Antonius
488 1690 691 1768 Cartonius

231 1852 282 1924 Et
308 1852 344 1924 in
372 1853 471 1927 dicta
499 1851 809 1953 Congregatione
838 1877 962 1928 coram
992 1852 1127 1926 eodem
1156 1849 1358 1946 perillustri
1386 1866 1425 1925 et
1455 1849 1654 1926 excellenti

148 1977 199 2052 D.
218 1977 371 2065 Lazaro,
387 2003 411 2051 a
426 1978 523 2052 Rrilo
540 1978 588 2053 D.
613 1978 736 2053 Rotae
753 1979 909 2052 Decano
929 1979 1123 2072 deputatu,
1144 1991 1183 2048 et
1202 1975 1264 2048 dd.
1283 1975 1371 2050 DD.
1393 1977 1650 2076 congregatis,

148 2104 441 2178 commemoravi
481 2119 522 2176 et
557 2105 688 2199 repetii
722 2103 997 2200 expositionem
1034 2117 1073 2174 et
1105 2099 1386 2197 requisitionem
1423 2126 1493 2198 per
1528 2102 1651 2175 mein

147 2226 392 2324 praecedenti
425 2227 733 2328 Congregatione
776 2231 847 2303 sub
887 2228 948 2301 die
995 2230 1039 2301 18
1083 2225 1209 2322 aprilis
1250 2227 1419 2323 proxime
1459 2228 1651 2323 praeteriti

148 2352 286 2426 factam
316 2353 456 2426 tenoris
483 2367 553 2428 etc.
585 2352 720 2439 denuo,
751 2355 891 2427 dictum
919 2349 1081 2427 officium
1102 2351 1332 2438 Notariatus,
1355 2376 1423 2424 nec
1443 2376 1516 2425 non
1536 2353 1652 2448 depu-

148 2477 331 2551 tationem
359 2479 408 2550 ad
437 2475 689 2574 recipiendum
718 2477 898 2576 pecunias
926 2477 1112 2551 fructuum
1139 2475 1306 2549 locorum
1335 2477 1476 2550 Montis
1496 2477 1652 2550 subsidii

117 2697 121 2704 ¹
148 2602 294 2698 primae
322 2602 517 2676 erectionis
544 2627 614 2698 per
641 2601 821 2677 Notarios
849 2602 996 2676 debitas
1023 2602 1060 2674 in
1087 2601 1161 2673 mei
1178 2625 1341 2697 persona
1362 2601 1496 2674 iactam
1516 2617 1653 2698 sponte

148 2727 274 2800 dimisi
300 2751 345 2800 ac
372 2727 565 2811 instanter,
595 2727 808 2815 instantius,
837 2744 877 2801 et
902 2727 1170 2800 instantissime
1198 2727 1371 2799 hortatus
1400 2752 1482 2800 sum
1506 2751 1649 2814 omnes,

148 2870 190 2926 et
217 2851 405 2946 requisivi,
435 2851 657 2926 auctoritate
686 2853 783 2926 Rmi.
815 2852 863 2927 D.
895 2851 1049 2939 Decani,
1079 2867 1118 2924 et
1145 2850 1233 2923 dicti
1270 2850 1319 2926 D.
1358 2850 1488 2925 Lazari
1522 2851 1571 2924 ab
1605 2877 1652 2925 eo

148 2977 335 3073 deputati,
365 2975 530 3050 deveniri
557 2979 606 3050 ad
635 2979 856 3052 electionem
885 2977 971 3050 novi
998 2976 1183 3060 mensarii,
1205 2992 1245 3049 et
1263 2977 1544 3072 deputationem
1564 2975 1654 3050 alte·

150 3104 228 3176 rius
255 3103 306 3176 ad
334 3101 586 3197 recipiendum
615 3103 796 3200 pecunias
831 3103 894 3178 dd.
925 3102 1084 3175 fructum
1122 3127 1166 3176 ac
1207 3103 1359 3197 insuper
1400 3102 1482 3197 capi
1527 3101 1653 3198 provi-

151 3228 296 3302 sionem
324 3227 529 3301 officiorum
558 3226 697 3301 domini
727 3227 899 3302 Clearchi
929 3227 1066 3302 Buschi
1084 3227 1182 3314 mihi,
1205 3227 1258 3300 uti
1281 3228 1468 3301 mensario
1487 3225 1654 3324 generali

151 3353 224 3426 sub
250 3351 311 3424 die
342 3354 389 3424 28
420 3351 576 3425 Ianuarii
626 3359 723 3444 1640
770 3377 838 3449 per
866 3351 1212 3450 Congregationem
1241 3349 1456 3449 generalem
1489 3351 1538 3422 ad
1564 3350 1654 3424 effe-

151 3493 253 3551 ctum
282 3477 479 3549 dumtaxat
507 3474 567 3549 illa
594 3477 793 3550 exercendi
822 3479 858 3550 in
886 3479 1000 3552 domo
1033 3502 1116 3551 mea
1153 3502 1223 3573 per
1257 3501 1455 3572 personam
1495 3479 1544 3549 ab
1570 3475 1654 3572 ipso

155 3603 320 3675 Domino
348 3600 506 3675 Clearco
534 3601 752 3698 deputanda
790 3602 1105 3700 consignatorum,
1140 3619 1253 3698 prout
1289 3601 1400 3674 latius
1431 3602 1468 3674 in
1492 3587 1653 3674 'decreto

151 3729 224 3800 sub
250 3727 350 3799 dicta
378 3725 438 3799 die
467 3724 785 3825 Congregationis
812 3726 912 3800 facto
940 3727 1159 3814 continetur,
1190 3740 1229 3799 et
1256 3726 1345 3798 mihi
1374 3727 1545 3822 deputari
1566 3724 1653 3799 Cal·

151 3851 350 3936 culatores,
380 3875 447 3924 seu
478 3853 676 3948 revisores,
705 3851 769 3947 qui
796 3853 1019 3924 auctoritate
1039 3849 1355 3948 Congregationis
1385 3851 1546 3924 solident
1564 3849 1653 3923 mihi

152 3991 330 4071 computa
359 3991 435 4048 tam
464 3976 499 4050 d.
530 3976 779 4049 mensariatus
808 4001 922 4072 quam
950 3975 1071 4049 dictae
1113 3976 1366 4071 deputationis
1407 4000 1451 4047 ac
1487 3975 1651 4048 omnium

151 4101 394 4196 pecuniarum
423 4126 491 4196 per
518 4125 578 4174 me
606 4124 675 4198 pro
704 4100 767 4174 dd.
796 4100 975 4175 fructibus
1002 4101 1170 4174 locorum
1203 4101 1239 4174 d.
1269 4099 1407 4174 montis
1440 4124 1463 4172 a
1498 4099 1651 4173 notariis

151 4241 389 4322 receptarum
417 4241 455 4298 et
484 4227 692 4320 respective
720 4251 789 4322 per
816 4249 877 4298 me
905 4226 1143 4322 depositariis
1187 4226 1222 4300 d.
1268 4225 1409 4298 Montis
1445 4224 1651 4298 solutarum

150 4363 300 4424 attento
327 4349 431 4445 quod
458 4352 508 4424 ob
535 4374 659 4423 meam
687 4351 1012 4448 ingravescentem
1040 4365 1203 4423 aetatem
1224 4374 1297 4423 non
1316 4374 1472 4445 possum
1493 4347 1652 4444 amplius

150 4475 364 4548 incumbere
392 4475 559 4574 negociis
586 4474 674 4547 dicti
704 4473 875 4573 Collegii,
905 4491 943 4547 et
971 4473 1094 4548 officio
1122 4473 1208 4546 dicti
1242 4474 1490 4548 mensariatus
1526 4489 1564 4546 et
1605 4472 1654 4548 de

150 4599 255 4674 brevi
284 4623 368 4671 sum
395 4599 444 4672 ad
472 4625 595 4672 meam
625 4599 786 4672 Patriam
816 4623 1045 4672 recessurus.
1079 4597 1168 4672 ldeo
1196 4614 1267 4674 etc.

604 4827 825 4925 Sequuntur
852 4829 1004 4902 decreta
1034 4828 1207 4928 Collegii,

234 5008 285 5080 Et
311 5007 439 5080 audita
467 5008 722 5104 suprascripta
749 5009 1008 5104 propositione
1052 5008 1099 5083 D.
1132 5008 1322 5106 Astolphi,
1352 5023 1476 5082 stante
1519 5033 1653 5082 renun-

150 5132 310 5207 ciatione
338 5131 447 5206 officii
476 5133 724 5206 mensariatus
752 5157 821 5228 per
848 5133 970 5229 ipsum
1012 5133 1121 5221 sacta,
1164 5135 1296 5229 prim0,
1332 5132 1400 5208 luit
1439 5149 1563 5208 actum
1605 5135 1653 5208 de

150 5256 334 5332 electione
363 5257 447 5332 novi
475 5257 659 5343 mensarii,
690 5272 844 5354 etpost
872 5274 1058 5332 maturum
1088 5275 1289 5333 tractatum
1316 5274 1356 5332 et
1383 5259 1653 5334 discussionem

152 5382 305 5482 negotii,
336 5381 403 5456 suit
428 5381 513 5456 viva
541 5406 645 5470 voce,
676 5382 845 5480 vivisque
874 5385 1040 5458 omnium
1070 5383 1257 5482 suffragiis
1285 5383 1427 5459 electus
1464 5383 1500 5460 d.
1531 5384 1654 5460 Anto·
