3718 5918
708 306 900 368 Innocentio
919 305 974 366 XI

795 662 884 740 335.

100 807 191 880 Rota
218 809 257 880 in
284 808 370 883 ltsto
397 820 645 906 expensorum
672 807 728 880 ad
750 829 890 881 annum
908 829 1021 903 usqne
1040 807 1135 900 1678
1154 831 1225 880 non
1252 805 1432 880 consuent
1450 816 1589 905 ponere

171 931 356 1031 sportulas
390 957 453 1005 scu
489 931 671 1032 propinas
696 975 724 986 -
753 930 797 1004 id
827 941 947 1004 tomen
983 929 1048 1003 illo
1074 955 1172 1004 anno
1197 930 1329 1024 facere
1362 930 1514 1026 incoepit
1548 929 1588 1001 in

170 1059 408 1131 excentronem
436 1057 666 1130 resolutionis
696 1055 998 1155 Congregotiont's
1017 1055 1317 1150 Resormott‘onis.

166 1215 281 1288 (Auca.
300 1213 388 1288 Ron,
412 1213 601 1273 ‹Dtorr'um
614 1212 727 1272 Iacobr'
743 1211 883 1272 Emert'x
895 1214 931 1286 »).

597 1414 734 1492 Vener.
768 1439 816 1506 29
846 1412 924 1488 Iulii
959 1417 1070 1508 1678.

175 1561 258 1635 159.
300 1540 436 1626 Retuli,
467 1539 823 1639 'Congregationem
862 1539 1155 1614 Reformationis
1191 1538 1279 1612 mihi
1315 1539 1510 1614 ordinasse
1547 1553 1589 1614 ut

94 1664 338 1764 significarem
365 1665 632 1741 resolutionem
662 1681 812 1761 captam
841 1667 912 1739 sub
940 1665 1001 1738 die
1032 1686 1051 1759 7
1080 1664 1190 1739 huius
1219 1666 1369 1749 mensis,
1400 1683 1442 1740 ut
1472 1666 1589 1762 Spor-

93 1793 188 1864 tulae
218 1816 286 1864 seu
317 1791 500 1888 Propinae
527 1805 759 1888 ponerentur
785 1789 822 1863 in
851 1789 956 1864 Lista
973 1814 1244 1887 expensarum
1263 1806 1303 1864 et
1322 1789 1474 1864 Domini
1493 1791 1588 1866 ordi-

93 1931 224 1989 narunt
252 1933 294 1990 ut
321 1916 487 2013 desuper
514 1916 741 1990 extendatur
769 1915 985 2000 Decretum,
1014 1940 1061 1988 ex
1089 1938 1166 2010 quo
1194 1929 1362 2012 apparet,
1385 1914 1524 1990 Rotam
1553 1916 1589 1988 in

91 2043 349 2116 executionem
385 2040 507 2116 dictae
544 2041 810 2124 Resolutionis‚
847 2055 887 2114 et
919 2064 993 2114 non
1031 2056 1134 2113 motu
1163 2039 1328 2136 propri0,
1368 2041 1588 2114 immutasse

91 2165 283 2263 antiquum
319 2167 457 2263 stylum
494 2163 569 2241 non
605 2165 770 2264 ponendi
806 2164 843 2238 in
872 2165 977 2240 Lista
1004 2189 1255 2261 expensarum
1288 2163 1487 2262 Sportulas
1520 2191 1588 2239 seu

93 2287 306 2387 Propinas.¹

796 2537 887 2618 336.

93 2700 151 2772 De
177 2700 286 2775 Luca
313 2700 497 2776 Andrioro
525 2699 764 2788 Sanctr'ssimi,
794 2725 906 2775 conso
933 2701 1113 2800 qnondam
1139 2703 1248 2776 snnel
1272 2703 1312 2776 in
1340 2703 1438 2776 Rota
1457 2703 1586 2788 decisa

166 2854 190 2900 o
219 2829 320 2901 Rota
347 2835 523 2900 avocatur
549 2834 585 2900 et
610 2825 750 2900 Sacrae
779 2825 1067 2926 Congregotz'ono'
1093 2827 1247 2902 Concr'lt'i
1264 2828 1513 2908 committitur.

167 2984 285 3054 (Auca.
303 2981 391 3052 Ror,
416 2980 606 3042 «Dianium
625 2981 737 3042 Iacoot'
752 2981 893 3042 Emert'x
905 2983 940 3056 ι).

172 3185 259 3256 162.
290 3176 379 3253 Fuit
405 3177 462 3252 his
490 3177 624 3284 diebus
643 3193 802 3252 avocata
821 3203 844 3250 a
864 3177 964 3251 Rota
984 3177 1111 3252 Causa
1128 3178 1297 3256 Londrn.
1318 3178 1590 3254 Inrisdc'cttonis

88 3303 182 3378 inter
202 3303 436 3400 Episcopum
464 3319 505 3376 et
534 3299 745 3399 Collegium
775 3301 1052 3390 Germanicum,
1082 3327 1157 3377 non
1194 3305 1369 3379 obstante
1402 3305 1506 3401 quod
1542 3329 1588 3378 ea

88 3429 290 3502 commissa
318 3425 546 3523 reperiretur
571 3425 620 3502 de
647 3451 830 3523 expresso
852 3450 1037 3502 consensu
1058 3427 1235 3525 Episcopi
1262 3444 1302 3502 et
1329 3427 1588 3503 Protectorum

89 3549 248 3652 Collegii
277 3567 316 3626 et
334 3552 438 3648 quod
458 3551 529 3625 sub
546 3550 607 3625 die
633 3575 675 3626 12
699 3551 890 3626 Februarii
917 3557 1013 3647 1627
1038 3550 1249 3650 Collegium
1269 3577 1394 3628 coram
1415 3555 1461 3628 R.
1479 3553 1517 3630 P.
1535 3553 1585 3629 D.

86 3701 171 3750 meo
190 3677 299 3773 Taya
318 3675 542 3750 obtinuisset
563 3675 802 3751 Decisionem
822 3676 1064 3752 favorabilem
1084 3693 1123 3751 et
1141 3677 1276 3752 acriter
1294 3703 1337 3752 se
1355 3694 1588 3776 opponeret:

87 3801 187 3876 unde
216 3803 383 3899 quiade
411 3801 479 3876 hac
508 3827 547 3876 re
568 3800 683 3876 Curia
711 3823 785 3876 non
813 3803 910 3876 bene
938 3801 1174 3900 loquebatur,
1205 3818 1245 3876 et
1272 3828 1399 3880 rumor
1417 3828 1590 3900 praecur-

86 3941 187 4000 rerat
213 3928 279 4025 agi
305 3927 419 4000 etiam
457 3927 505 4000 de
539 3925 733 4000 avocanda
761 3926 892 4014 altera,
929 3927 1079 4003 Ianuen.
1115 3951 1251 4024 nempe
1278 3929 1590 4026 Archipresbyte·

85 4068 189 4126 ratus
218 4077 289 4150 per
316 4051 445 4148 plures
474 4051 696 4126 Decisiones
723 4051 849 4126 decisa
876 4076 1014 4126 coram·
1031 4052 1166 4127 eodem
1196 4052 1243 4129 D.
1274 4053 1390 4150 Taya,
1430 4055 1590 4129 accessit

84 4179 132 4250 ad
161 4203 225 4252 me
255 4202 354 4251 unus
389 4199 437 4251 ex
466 4175 634 4274 Collegis
671 4177 821 4262 nostris,
861 4174 986 4251 multis
1019 4202 1080 4282 me
1116 4178 1322 4253 obsecrans
1354 4194 1396 4252 ut
1431 4179 1480 4252 ad
1516 4179 1588 4253 hoc
1654 4230 1661 4251 .

84 4301 369 4400 impediendum
396 4300 517 4376 officia
546 4317 676 4376 nostra
703 4302 1039 4398 interponeremus.
1071 4303 1157 4402 Ego
1184 4302 1374 4400 respondi,
1413 4327 1484 4377 nos
1511 4303 1588 4377 sol-

83 4426 209 4503 licitos
238 4453 326 4502 esse
353 4428 504 4513 debere,
535 4443 577 4501 ut
607 4427 756 4502 Causae
784 4429 871 4501 dum
911 4429 945 4502 in
980 4429 1081 4503 Rota
1108 4426 1341 4514 deciduntur,
1382 4427 1588 4501 secundum

83 4570 213 4629 rectos
242 4553 332 4628 iuris
361 4553 530 4627 tramites
558 4553 792 4637 definiantur,
823 4568 972 4627 caetera
1002 4551 1246 4648 relinquendo
1275 4552 1374 4627 Suae
1394 4553 1590 4627 Sanctitati

83 4695 123 4754 et
151 4677 377 4754 officialibus
404 4703 564 4774 quorum
592 4703 709 4775 opera
737 4677 772 4751 in
802 4677 871 4752 illis
900 4679 1026 4766 utitur,
1057 4678 1302 4775 ipsorumque
1339 4702 1466 4751 curam
1503 4703 1591 4752 esse

83 4827 131 4878 an
160 4829 210 4878 ea
239 4822 341 4878 reete
369 4828 414 4876 ac
441 4803 538 4876 iuste
565 4801 667 4891 fiant,
695 4819 736 4876 et
761 4803 853 4899 quid
883 4793 998 4877 Curia
1026 4803 1073 4878 de
1112 4803 1183 4878 hoc
1218 4803 1355 4877 sentiat
1382 4801 1441 4876 vel
1479 4803 1588 4878 dicat.

84 4927 266 5025 Cumque
284 4942 419 5025 postea
437 4925 549 5002 alium
568 4953 723 5027 agerem
742 4953 827 5001 cum
846 4929 1032 5003 Auditore
1052 4925 1258 5002 domestico
1277 4926 1377 5002 Ssmi
1404 4943 1445 5002 et
1464 4952 1591 5001 sermo
1706 4969 1710 4978 ·

83 5054 132 5127 de
160 5053 224 5127 his
253 5053 453 5138 incidisset,
483 5053 642 5150 ipseque
670 5079 730 5126 me
750 5053 979 5149 persuadere
999 5053 1112 5127 vellet
1129 5052 1177 5125 de
1196 5052 1334 5126 iustitia
1355 5051 1591 5127 resolutionis

82 5177 119 5254 S.
153 5177 719 5277 CongregationisConciliiad
739 5177 992 5275 quamprimo
1013 5178 1110 5250 dicta
1131 5175 1257 5251 Causa
1284 5176 1405 5251 suerat
1432 5177 1590 5254 remissa

162 5405 172 5441 ¹
196 5403 339 5464 Textum
357 5403 487 5464 Decreti
506 5405 550 5464 ibi
569 5405 629 5464 sub
647 5421 678 5464 n.
700 5405 751 5464 160
769 5407 880 5480 legere
898 5413 955 5465 est.
