3684 5920
792 597 883 677 477.

77 757 248 832 Domino
273 758 318 832 dc
345 757 449 832 Salm
477 759 596 832 Rotae
631 758 847 832 valedicenti
879 759 1105 856 subrogatur
1139 757 1261 832 Comes
1296 758 1340 830 dc
1374 757 1576 846 strasoldo,

162 907 261 956 unrts
286 910 336 956 ex
362 882 517 957 Socratis
545 884 662 957 Rotae
689 927 716 938 -
745 883 906 958 Perusia
934 883 1072 956 dr'citur
1098 881 1353 982 comprehensa
1371 885 1411 957 in
1429 885 1577 981 regione

163 1011 378 1085 Aetrurz'as.

165 1163 262 1236 (Anu.
282 1163 368 1237 Ros,
393 1163 583 1224 ‹Diarium
603 1163 825 1238 Camerata).

600 1367 671 1442 Die
707 1391 751 1458 19
781 1366 922 1462 Aprilis
957 1369 1070 1460 1784.

164 1526 209 1600 R.
243 1527 280 1600 P.
312 1525 359 1601 D.
390 1527 437 1599 de
476 1526 575 1600 Salm
611 1526 661 1601 ad
691 1551 759 1600 nos
786 1526 929 1600 litteras
962 1526 1077 1612 dedit,
1106 1527 1243 1623 quibus
1280 1527 1459 1601 certiores
1496 1527 1582 1622 lacti

79 1677 224 1736 sumus,
256 1651 377 1746 ipsum
407 1651 503 1726 ultro
532 1679 573 1725 se
601 1652 834 1726 abdicavisse
872 1677 894 1724 a
931 1676 1085 1726 munere
1112 1653 1360 1726 Auditoratus
1389 1653 1512 1727 Rotae
1540 1669 1581 1726 ut

79 1776 117 1847 in
139 1773 342 1848 Germania
361 1801 504 1848 moram
525 1776 701 1849 traheret.
726 1775 823 1849 Hinc
842 1774 1020 1849 Summus
1041 1775 1208 1850 Pontifex
1232 1774 1408 1872 peculiari
1425 1793 1581 1872 accepta

81 1899 406 1972 commendatione
443 1900 492 1972 ab
527 1899 755 1995 Imperatore
792 1899 850 1972 hic
887 1916 1087 1996 praesente
1116 1901 1151 1973 in
1179 1901 1259 1973 eius
1286 1899 1408 1975 locum
1437 1900 1583 1974 suffecit

82 2023 271 2096 Comitem
301 2022 348 2097 de
376 2023 574 2097 Strasoldo
595 2025 740 2098 Romae
760 2025 961 2123 degentem
981 2039 1019 2099 et
1039 2042 1169 2099 nostro
1197 2023 1313 2098 Sacro
1341 2024 1424 2098 huic
1451 2025 1582 2099 Tribu-

81 2148 157 2220 nali
185 2147 384 2234 addictum,
416 2173 485 2245 pro
514 2175 589 2222 uno
616 2175 664 2228 ex
693 2149 856 2223 Secretis
875 2149 977 2245 apud
997 2149 1208 2224 Germanos
1224 2151 1346 2223 Rotae
1360 2149 1578 2235 Auditores,

82 2271 148 2370 qui
176 2272 245 2348 hac
274 2298 383 2348 mane
411 2290 555 2346 motum
584 2274 774 2370 proprium
804 2274 926 2350 Ssni:
959 2275 1053 2350 Diri:
1084 2275 1201 2350 nostri
1228 2275 1493 2372 praesentavit.

164 2398 203 2469 In
232 2397 353 2471 locum
382 2399 452 2472 bo:
482 2424 563 2473 me:
594 2395 792 2472 Mannelli¹
822 2399 1000 2473 suffectus
1028 2415 1088 2474 est
1115 2425 1162 2473 ex
1190 2399 1327 2496 placito
1347 2398 1460 2474 Ssriri:
1483 2399 1579 2474 Dm:

83 2521 214 2596 Nostri
247 2521 388 2596 Comes
425 2522 646 2596 Franciscus
682 2522 835 2598 Cesarei
875 2524 1075 2598 Perusinus
1112 2524 1262 2598 intimus
1300 2523 1578 2612 Cubicularius;

82 2664 198 2744 atque
227 2673 363 2722 munus
391 2648 460 2723 hoc
489 2648 522 2722 ei
550 2648 725 2722 collatum
754 2649 823 2723 luit
850 2666 1041 2746 tamquam
1062 2649 1234 2736 Etrusco,
1256 2673 1332 2745 qua
1356 2650 1390 2720 in
1411 2649 1581 2746 Regione

84 2772 236 2846 Perusia
264 2773 604 2870 comprehenditur.

792 3071 882 3152 478.

86 3237 193 3334 Papa
221 3235 383 3309 Domino
410 3234 595 3332 Flangini
618 3235 828 3308 dilationem
855 3235 1106 3310 commorandi
1130 3235 1284 3310 Venetits
1290 3235 1490 3330 facultatis
1507 3263 1580 3310 non

162 3359 329 3445 concedit,
359 3359 436 3433 nisi
453 3359 568 3458 prius
594 3359 723 3433 audita
752 3360 852 3433 Rota
884 3403 899 3414 -
932 3385 1026 3457 quac
1052 3359 1278 3457 litigantium
1296 3360 1475 3434 commodo
1485 3373 1580 3461 pro·

162 3487 270 3584 spicit
293 3484 470 3580 formio
505 3484 797 3582 subrogationem
833 3509 1032 3559 causarum
1071 3485 1185 3558 eidem
1217 3485 1379 3559 Domino
1415 3489 1578 3562 commis-

164 3635 306 3686 sarum.

163 3767 282 3840 (Anca.
300 3766 387 3839 Rom,
411 3765 602 3825 ‹Dtorium
622 3765 796 3825 Camerata
809 3769 847 3838 »).

558 3967 630 4040 Die
662 3989 710 4056 29
740 3967 954 4040 novembris
989 3969 1109 4060 1784:

88 4233 257 4308 Alterum
286 4250 357 4320 est,
386 4235 489 4332 quod
517 4235 691 4308 nunciata
719 4234 825 4309 nobis
854 4234 922 4307 suit
950 4233 1122 4331 Epistola
1150 4235 1198 4307 ad
1227 4233 1359 4308 Rr'r‘rm:
1385 4232 1579 4307 Decanum

88 4359 223 4434 tradita
250 4359 298 4432 ab
326 4359 511 4432 Auditore
540 4357 654 4434 Ssriri:
685 4360 816 4454 inqua
844 4359 874 4431 is
902 4361 1127 4432 sententiam
1146 4357 1357 4432 Tribunalis
1376 4360 1582 4453 quaerebat

88 4485 134 4558 de
162 4485 336 4558 dilatione
365 4484 483 4581 petita
501 4510 570 4579 per
603 4485 647 4558 R.
669 4485 708 4558 P.
740 4483 786 4557 D.
807 4483 986 4580 Flangini‚
1009 4501 1052 4558 ut
1080 4483 1247 4557 Veneriis
1274 4501 1484 4556 moraretur
1511 4509 1580 4580 pro

89 4609 312 4706 quibusdam
346 4609 423 4682 suis
462 4609 634 4706 negotiis.
664 4607 800 4682 Sentiit
827 4606 982 4682 Sacrum
1011 4607 1189 4684 Tribunal
1226 4625 1268 4682 ut
1301 4624 1430 4706 grates
1468 4608 1581 4681 refer-

90 4751 217 4807 rentur
253 4733 409 4808 Summo
447 4731 613 4807 Pontifici
651 4733 699 4806 de
736 4758 882 4806 summa
910 4735 989 4806 eius
1027 4733 1257 4808 humanitate
1286 4733 1321 4804 in
1349 4732 1582 4828 exquirenda

88 4875 216 4933 nostra
257 4857 468 4944 Sententia,
511 4856 711 4953 eidemque
753 4859 949 4944 diceretur,
998 4856 1211 4932 Praesulem
1251 4857 1427 4932 eumdem
1472 4857 1582 4932 valde

89 4983 239 5080 dignum
267 5007 354 5056 esse
383 4983 500 5078 petita
527 4981 724 5058 dilatione:
755 4983 899 5056 censuit
928 4999 1052 5057 tamen
1072 4981 1150 5056 fieri
1170 4983 1476 5080 subrogationem
1500 5009 1582 5056 cau-

90 5133 212 5182 sarum
241 5105 274 5180 ei
303 5107 588 5182 commissarum
617 5132 662 5180 ne
691 5107 819 5182 dilatio
846 5125 950 5182 esset
978 5107 1199 5206 litigantium
1228 5107 1464 5182 detrimento.

164 5337 172 5370 ¹
192 5335 370 5398 Detunctus
388 5335 440 5396 die
461 5335 494 5394 14
511 5337 625 5412 aprilis
645 5337 722 5396 1784.
741 5335 796 5396 toi.
