3708 5918
237 323 289 383 134
879 325 1016 418 soeculo
1035 325 1103 384 XV

231 536 362 593 cantes
389 521 542 617 insuper
573 519 727 618 prefatis
754 521 1013 609 Auditoribus,
1035 523 1138 618 quod
1162 525 1193 595 si
1225 519 1411 594 mandatis
1443 515 1580 592 nostris
1608 514 1731 588 huius-

232 646 335 719 modi
371 669 447 719 non
484 646 677 741 paruerint
705 670 788 717 cum
816 645 962 733 effectu,
998 661 1173 742 pretextu
1202 645 1298 720 forte
1327 669 1400 719 non
1433 640 1730 718 concurrentium

232 769 465 846 habilitatum
492 773 528 845 in
557 795 759 868 personam
787 773 956 846 eiusdem
993 772 1178 860 Iohannis,
1208 773 1313 868 ipsos
1351 770 1586 844 nihilominus
1621 790 1733 863 repu-
1847 845 1848 848 ,

232 899 394 970 tabimus
422 896 635 971 huiusmodi
664 896 781 971 nostri
809 898 974 972 mandati
1002 912 1317 994 transgressores,
1339 920 1421 968 cum
1451 894 1500 968 de
1528 893 1606 966 suis
1633 890 1733 964 habi-

230 1020 397 1095 litatibus
417 1020 594 1094 fuerimus
613 1047 635 1094 a
654 1021 938 1118 quamplurimis
957 1021 1156 1119 fidedignis
1183 1021 1349 1118 plenarie
1376 1018 1575 1100 informati,
1596 1017 1734 1112 ipsum-

233 1170 308 1240 que
353 1169 423 1240 pro
466 1146 579 1220 habili
614 1161 654 1220 et
693 1147 843 1242 ydoneo
876 1146 925 1221 ad
962 1146 1059 1220 sacri
1099 1145 1297 1243 apostolici
1333 1143 1459 1240 palatii
1495 1143 1734 1218 auditoratus

229 1267 392 1343 officium
419 1295 467 1344 ex
494 1285 598 1344 certa
626 1285 756 1344 nostra
788 1271 944 1344 scientia
971 1271 1207 1344 declaramus
1239 1293 1308 1365 per
1335 1280 1546 1365 presentes.
1576 1266 1616 1338 ln
1643 1286 1735 1338 cou-

230 1395 385 1467 trarium
423 1395 642 1470 facientibus
680 1420 754 1469 non
791 1395 1029 1471 obstantibus
1070 1397 1394 1492 quibuscumque:
1432 1418 1516 1467 cum
1558 1387 1735 1465 clausulis

231 1520 468 1614 opportunis.
498 1518 627 1592 Placet
651 1528 749 1592 motu
770 1519 930 1619 proprio
955 1520 997 1594 T.

950 1908 1014 1988 80.

233 2086 414 2160 Nicolm
441 2090 477 2161 V
498 2087 770 2186 adpetitionem
798 2087 955 2160 Antonii
981 2085 1097 2171 Petri,
1128 2085 1325 2158 Auditorir
1344 2084 1462 2157 Rotae
1483 2083 1592 2170 electi,
1620 2081 1735 2155 Meni

312 2210 613 2309 dispensationem
631 2213 795 2308 impertit
818 2221 930 2308 super
955 2210 1094 2305 defectu
1121 2209 1328 2284 studiorum
1356 2209 1510 2282 triennii
1532 2210 1573 2281 in
1585 2207 1735 2307 publica

312 2337 555 2410 Universitate
581 2347 616 2410 et
641 2337 876 2411 ducentorum
894 2335 1131 2434 florenorum
1158 2336 1257 2411 anri.

315 2528 432 2598 (Auen.
452 2528 538 2601 Rom,
564 2507 814 2587 ‹Adrnt'sstones
827 2553 852 2598 »‚
869 2533 956 2602 part.
975 2527 1003 2598 I,
1022 2527 1159 2586 Nicotao
1177 2526 1204 2598 I,
1224 2544 1256 2586 n.
1274 2528 1319 2599 5).

1343 2669 1420 2741 1449,
1440 2669 1520 2726 iunii
1539 2668 1584 2743 20,
1603 2669 1736 2728 Romae.

315 2873 535 2948 Beatissime
563 2873 683 2948 Pater.
713 2917 729 2930 -
758 2871 945 2946 Sanctitas
973 2887 1100 2946 vestra
1128 2898 1176 2946 ex
1209 2872 1410 2946 clemencia
1437 2887 1478 2948 et
1504 2872 1735 2970 benignitate
1847 2909 1848 2922 κ

232 2997 363 3080 solitis.
380 2997 559 3071 devotum
575 2997 695 3070 virum
711 2997 944 3071 Anthonium
959 2997 1068 3080 Petri,
1082 2998 1356 3092 presbyterum,
1371 2997 1602 3072 Canonicum
1618 2997 1733 3094 Sego·

230 3123 381 3202 bricen..
417 3123 611 3218 utriusque
646 3121 737 3194 iuris
764 3122 971 3210 doctorem,
1005 3122 1040 3194 in
1080 3120 1354 3219 Cappellanum
1392 3121 1492 3196 sedis
1528 3121 1736 3218 apostolice

232 3269 276 3318 ac
304 3246 420 3319 vestri
448 3271 477 3320 s.
507 3245 634 3342 palatii
670 3245 868 3340 apostolici
896 3270 1095 3320 causarum
1123 3247 1349 3320 Auditorem
1382 3245 1496 3340 recipi
1522 3260 1562 3319 et
1588 3246 1737 3321 admitti

231 3368 359 3454 voluit,
390 3385 428 3444 et
456 3371 657 3445 mandavit.
680 3370 732 3444 Et
749 3369 846 3455 licet,
870 3371 980 3444 Pater
1001 3370 1235 3455 Beatissime,
1257 3372 1379 3445 dictus
1399 3370 1613 3445 Anthonius
1633 3372 1737 3445 iuxta

233 3519 386 3576 morem,
409 3485 702 3569 consuetudines
726 3511 765 3568 et
788 3495 1052 3570 observancias
1081 3497 1215 3592 prefati
1244 3495 1370 3592 palatii
1389 3495 1585 3592 apostolici
1604 3495 1735 3594 ipsius,

233 3619 459 3693 Auditorum
489 3621 588 3694 Rote
617 3620 904 3694 constitutiones
937 3635 976 3692 et
1002 3621 1259 3696 ordinationes
1287 3646 1431 3707 omnes,
1460 3622 1574 3694 etiam
1605 3636 1737 3696 aucto-

234 3743 343 3817 ritate
379 3744 588 3840 apostolica
625 3745 876 3831 confirmatas,
907 3745 955 3818 de
983 3745 1063 3819 aliis
1101 3745 1356 3821 habilitatibus
1391 3747 1523 3842 credat
1554 3744 1736 3818 sufficien-

234 3883 291 3939 ter
318 3867 503 3954 docuisse,
542 3894 672 3942 verum
701 3871 790 3966 quia
818 3869 939 3942 dictus
968 3869 1184 3943 Anthonius
1211 3895 1281 3967 per
1308 3885 1386 3942 tres
1404 3893 1525 3943 annos
1545 3870 1581 3942 in
1600 3869 1736 3943 studiis

232 3993 471 4088 generalibus
501 4018 575 4066 non
593 3992 685 4091 legit
712 4019 756 4066 ac
774 3995 888 4067 etiam
908 3995 944 4066 in
973 3994 1181 4068 redditibus
1210 4018 1285 4068 non
1314 3995 1451 4068 habeat
1480 3992 1546 4068 CC
1571 3992 1736 4068 florenos

232 4116 314 4190 auri
349 4116 399 4191 de
435 4143 583 4192 camera
620 4118 689 4191 sed
725 4119 869 4192 circiter
907 4116 973 4192 CL
1007 4119 1170 4193 florenos
1207 4122 1255 4193 de
1290 4133 1452 4203 moneta,
1491 4119 1736 4214 quemadmo-

232 4243 322 4315 dum
351 4243 387 4314 in
415 4243 523 4316 dictis
556 4243 884 4318 constitutionibus
913 4259 951 4316 et
983 4245 1281 4318 ordinationibus
1309 4244 1433 4318 caveri
1461 4245 1614 4332 dicitur;
1645 4269 1737 4341 sup-

231 4366 346 4462 plicat
373 4367 486 4464 igitur
522 4367 562 4440 Β.
593 4367 638 4442 V.
670 4367 792 4442 dictus
821 4369 1037 4442 Anthonius
1056 4383 1256 4463 quatenus
1273 4368 1342 4443 sibi
1362 4385 1519 4466 paterna
1537 4369 1737 4444 clementia

231 4493 473 4578 consulendo,
491 4493 658 4587 prefatos
687 4493 855 4566 defectus
885 4494 1041 4590 perinde
1070 4493 1104 4566 in
1134 4495 1305 4568 omnibus
1325 4512 1364 4568 et
1391 4519 1460 4591 per
1491 4495 1617 4568 omnia
1650 4519 1737 4591 sup-

233 4616 373 4714 plendo
400 4642 444 4689 ac
477 4619 507 4690 si
540 4618 662 4691 dictus
691 4619 906 4692 Anthonius
935 4643 1004 4715 per
1033 4637 1111 4693 tres
1139 4643 1259 4692 annos
1287 4619 1322 4692 in
1351 4618 1459 4692 dictis
1488 4619 1621 4692 studiis
1648 4633 1735 4692 actu

231 4743 376 4839 egisset
403 4768 447 4816 ac
476 4742 512 4814 in
541 4743 751 4818 redditibus
786 4742 853 4818 CC
892 4745 1055 4819 florenos
1084 4745 1165 4818 auri
1193 4745 1241 4818 de
1269 4769 1420 4818 camera
1454 4719 1736 4819 haberet.⁰Nec

232 4890 306 4940 non
335 4892 420 4940 cum
448 4869 583 4942 eodem
613 4867 806 4943 Anthonio
839 4894 954 4965 super
990 4868 1145 4965 prefatis
1182 4868 1391 4944 defectibus
1428 4869 1648 4965 dispensare
1686 4868 1738 4940 di-

230 4995 395 5090 gnemini
423 4995 471 5068 de
500 4995 623 5092 gratia
648 4993 813 5088 speciali.
836 4992 1178 5069 Constitutionibus
1197 5011 1237 5068 et
1264 4995 1559 5069 ordinationibus
1587 5009 1738 5090 aposto·

234 5117 322 5204 licis,
353 5117 559 5194 defectibus
588 5117 766 5214 predictis
795 5111 998 5194 ac'eorum
1031 5117 1215 5193 dictorum
1244 5119 1471 5193 Auditorum
1500 5118 1600 5192 Rote
1637 5115 1737 5214 stylo

232 5241 370 5340 palatii,
391 5244 602 5339 ceterisque
629 5242 826 5318 contrariis
854 5264 927 5317 non
956 5243 1193 5318 obstantibus
1221 5246 1530 5340 quibuscumque.
1550 5241 1671 5316 -Fiat
1696 5252 1740 5315 ut

225 5369 371 5466 petitur
395 5367 438 5442 T.
