3688 5924
223 307 260 366 46
588 337 591 342 -
846 302 983 362 Soeculo
1001 301 1092 361 XIII

223 405 583 415 ——------...-..—--—--—
1171 401 1339 408 -----.-.---..
1351 402 1358 408 -
1365 403 1371 406 -
1579 401 1713 410 .—

215 501 251 573 in
280 501 529 574 instrumento
555 496 705 595 publico
736 496 823 591 inde
851 495 1032 592 conlecto,
1051 493 1215 592 sigillato
1244 493 1365 594 sigillo
1393 493 1481 566 dicti
1508 493 1716 578 cardinalis,

219 625 365 723 plenius
394 623 605 698 continetur
638 675 1582 697 ...............
1619 653 1647 694 “.
1709 677 1716 692 .

223 805 633 824 .......
690 745 816 822 Tenor
842 744 1080 820 instrumenti
1111 744 1278 840 predicte
1315 743 1507 819 diffinitive
1534 742 1720 817 sententie

222 874 308 950 talis
336 889 415 950 est:
1636 879 1638 886 ’

307 999 385 1070 ‹ln
415 996 565 1070 nomine
599 994 752 1068 Domini
780 997 915 1068 Amen.
947 993 1049 1068 Olim
1085 979 1242 1067 vacante
1279 992 1535 1088 prebendain
1561 991 1721 1066 ecclesia

218 1123 337 1197 sancti
365 1121 547 1218 Stephani
567 1122 602 1194 in
625 1117 750 1194 brolio
774 1118 1050 1193 Mediolanensi
1068 1143 1137 1216 per
1155 1132 1315 1192 mortem
1335 1119 1546 1214 presbyteri
1565 1116 1718 1196 Oldriei,

218 1247 409 1345 quondam
449 1245 548 1320 dicte
586 1242 742 1318 ecclesie
770 1242 958 1328 Canonici,
998 1257 1158 1339 ortaque
1200 1243 1297 1318 inter
1338 1241 1540 1317 Riboldum
1580 1241 1721 1315 dictum

218 1373 427 1457 Murenam,
456 1371 504 1444 de
535 1355 682 1445 Merate
715 1385 754 1444 et
782 1368 982 1443 Albertum
1010 1368 1058 1442 de
1088 1366 1282 1452 Buxinate,
1312 1365 1540 1440 ordinarium
1578 1364 1722 1440 Medio-

217 1497 380 1574 lanensis
416 1494 584 1582 ecclesie,
612 1495 710 1568 dicte
748 1493 903 1567 ecclesie
942 1490 1067 1566 Sancti
1103 1490 1286 1587 Stephani
1314 1489 1537 1576 Canonicos,
1567 1489 1724 1564 materia

219 1621 435 1718 questionis
457 1619 542 1692 licet
569 1643 638 1715 per
664 1615 956 1714 appellationem
984 1631 1260 1712 proponeretur
1288 1615 1481 1712 negotium
1509 1613 1558 1688 ad
1590 1613 1724 1688 sedern

218 1745 465 1844 apostolicam
506 1743 737 1826 devolutum,
777 1757 903 1816 tamen
941 1741 1040 1814 bone
1078 1739 1257 1812 memorie
1294 1739 1469 1814 dominus
1505 1738 1726 1812 Alexander

219 1894 320 1968 papa
338 1869 401 1943 llll
421 1867 677 1966 supradictum
700 1862 936 1966 [Albertum]
958 1864 1022 1961 qui
1042 1865 1179 1938 dictam
1208 1863 1440 1959 prebendam
1460 1889 1507 1938 ex
1525 1863 1726 1938 collatione

220 1994 371 2092 capituli
398 1993 515 2088 ipsius
542 1993 698 2066 ecclesie
725 1991 844 2066 sancti
876 1988 1059 2084 Stephani
1095 1989 1297 2074 detinebat,
1328 1987 1584 2084 peremptorie
1620 1988 1726 2060 citari

220 2120 307 2194 iecit
335 2136 376 2192 ut
402 2117 496 2193 infra
522 2132 666 2192 certum
695 2114 892 2190 terminum
921 2138 990 2210 per
1008 2138 1050 2186 se
1069 2113 1127 2186 vel
1147 2137 1216 2208 per
1235 2127 1516 2209 procuratorem
1534 2113 1726 2208 ydoneum

220 2245 432 2341 apostolico
473 2269 514 2318 se
551 2242 769 2339 conspectui
805 2253 1053 2336 presentaret,
1093 2253 1315 2334 recepturus
1357 2261 1473 2333 super
1507 2237 1579 2312 hoc
1621 2237 1728 2333 quod

221 2370 360 2446 iustitia
387 2367 576 2444 suaderet.
607 2365 925 2462 Comparentibus
956 2365 1070 2464 igitur
1109 2363 1211 2438 dicto
1239 2363 1402 2438 Riboldo
1438 2363 1476 2436 in
1505 2361 1619 2436 Curia
1654 2385 1727 2458 pro

223 2521 277 2582 se,
306 2511 345 2570 et
372 2493 537 2570 Iohanne
566 2491 749 2578 Ferrario,
779 2491 957 2565 canonico
985 2491 1034 2562 de
1063 2487 1328 2587 Gorgoncolla,
1358 2503 1603 2584 procuratore
1638 2487 1728 2560 dicti

224 2621 380 2706 Alberti,
410 2644 481 2717 pro
507 2617 593 2715 ipso
619 2617 789 2702 Albert0‚
820 2615 979 2690 termino
1005 2615 1212 2712 assignato,
1244 2613 1416 2688 dominus
1444 2626 1574 2687 noster
1602 2610 1730 2686 Urba·

224 2771 295 2820 nus
325 2769 425 2840 papa
453 2742 516 2816 llll
553 2741 756 2816 discretum
787 2741 907 2815 virum
943 2739 1170 2837 Magistrum
1205 2736 1433 2835 Gregorium
1466 2735 1516 2811 de
1553 2733 1726 2832 Neapoli,

226 2867 472 2967 Capellanum
491 2893 612 2952 suum,
632 2866 787 2940 indicta
806 2870 919 2940 caus'a
941 2863 1128 2938 concessit
1154 2863 1325 2958 partibus
1343 2861 1564 2937 auditorem.
1587 2860 1729 2935 Coram

225 3021 302 3094 quo
330 2997 453 3069 dictus
481 2992 665 3067 Riboldus
692 2989 857 3067 libellum
885 2989 1022 3066 obtulit
1049 2989 1086 3063 in
1114 2989 1213 3062 hunc
1241 2989 1411 3063 modum:

312 3151 331 3192 ‹
352 3121 491 3194 Coram
510 3119 627 3204 vobis,
649 3116 802 3192 domino
822 3115 1009 3214 Gregorio
1037 3116 1085 3188 de
1114 3113 1285 3210 Neapoli,
1307 3113 1446 3187 domini
1474 3136 1574 3209 pape
1594 3109 1730 3206 Capel-

234 3277 250 3318 c
269 3246 365 3331 lano,
397 3245 567 3340 partibus
594 3241 766 3316 auditore
793 3264 975 3316 concesso
998 3266 1042 3314 ac
1061 3263 1259 3314 causarum
1277 3237 1417 3312 domini
1437 3261 1537 3334 pape
1555 3235 1729 3309 auditore

235 3371 448 3469 «generali,
477 3369 565 3443 dicit
591 3383 632 3441 et
658 3366 837 3464 proponit
864 3365 1048 3439 Riboldus
1077 3365 1236 3439 Morena
1263 3362 1311 3438 de
1332 3363 1490 3450 Merate,
1515 3361 1729 3438 Canonicus

233 3525 250 3565 a
269 3495 425 3569 ecclesie
444 3493 563 3567 sancti
582 3490 764 3587 Stephani
783 3491 818 3562 in
840 3489 965 3563 Brolio
985 3487 1289 3574 Mediolanensis,
1315 3504 1446 3562 contra
1460 3485 1660 3561 Albertum
1680 3487 1730 3560 de

235 3649 252 3690 ι(
273 3619 468 3705 Buxinate,
490 3616 716 3691 ordinarium
745 3613 901 3688 ecclesie
930 3613 1238 3700 Mediolanensis,
1259 3629 1298 3686 et
1316 3613 1397 3686 eius
1416 3611 1620 3708 quemlibet
1639 3635 1731 3706 pro-

234 3759 482 3817 ‹curatorem
518 3741 623 3837 quod
657 3742 739 3836 ipse
767 3738 951 3812 Riboldus
981 3739 1151 3823 Morem,
1187 3737 1276 3812 olim
1311 3738 1360 3811 ab
1391 3736 1601 3833 apostolica
1634 3736 1728 3810 sede

236 3868 416 3942 <litteras
444 3891 559 3962 super
586 3889 655 3938 sua
692 3863 908 3958 receptione
935 3881 973 3936 et
1001 3863 1215 3958 provisione
1253 3863 1288 3934 in
1325 3861 1450 3956 aliqua
1487 3858 1730 3936 ecclesiarum

237 3992 444 4066 <Civitatis
471 3991 532 4065 vel
559 3989 719 4063 diocesis
749 3987 1042 4062 Mediolanensis
1069 3988 1151 4062 ad..
1174 3986 1409 4082 Prepositum
1436 3982 1592 4060 ecclesie
1612 3986 1731 4060 sancti

235 4116 464 4190 «Ambrosii
501 4115 807 4199 Mediolanensis,
846 4113 1019 4199 obtinuit,
1050 4137 1208 4210 quarum
1244 4113 1470 4186 auctoritate
1506 4111 1605 4185 idem
1642 4135 1731 4206 pre·

237 4239 437 4315 abendam
472 4266 546 4338 que
585 4240 621 4312 in
660 4239 775 4312 dicta¹
793 4237 950 4312 ecclesia
986 4237 1106 4310 sancti
1140 4236 1324 4333 Stephani
1352 4235 1499 4312 vacavit
1534 4259 1603 4332 per
1634 4261 1730 4308 mor-

237 4382 351 4440 ‹tem
380 4365 589 4462 presbyteri
616 4363 770 4448 Oldriei,
800 4363 991 4458 quondam
1013 4361 1192 4435 Canonici
1219 4361 1335 4458 ipsius
1363 4361 1531 4446 ecclesie,
1560 4357 1729 4443 contulit,

241 4492 475 4587 «ipsumque
513 4491 561 4564 de
597 4513 642 4564 ea
678 4489 854 4562 investire
890 4488 1043 4572 curavit,
1075 4503 1114 4560 et
1146 4487 1181 4559 in
1214 4487 1295 4560 eius
1327 4487 1608 4581 possessionem
1642 4510 1730 4557 eum

238 4616 362 4691 ‹secit
389 4615 523 4725 induci,
553 4641 596 4688 ac
624 4639 710 4689 eum
740 4613 825 4688 lecit
843 4637 866 4686 a
886 4611 1061 4707 Capitulo
1091 4611 1170 4685 sive
1189 4610 1387 4685 Canonicis
1416 4609 1584 4685 eiusdem
1612 4609 1733 4684 eccle-

239 4742 329 4814 ‹sie
363 4741 398 4812 in
430 4739 661 4814 Canonicum
698 4754 738 4811 et
774 4738 810 4810 in
847 4737 1001 4810 tratrem
1038 4735 1217 4832 recipiet
1253 4735 1410 4810 admitti.
1449 4733 1528 4808 Sed
1563 4735 1733 4830 prelatus

241 4865 459 4940 ‹Albertus
491 4865 651 4939 eandem
689 4862 919 4959 prebendam
956 4861 1079 4935 illicite
1110 4861 1309 4956 occupavit
1344 4885 1387 4933 ac
1424 4861 1568 4934 detinet
1601 4874 1732 4934 contra

241 4991 455 5062 «iustitiam
494 5003 715 5084 occupatam
748 5004 788 5061 et
819 4986 959 5059 fructus
991 5011 1035 5058 ac
1071 4999 1277 5082 proventus
1314 4985 1474 5082 percipit
1504 5009 1551 5058 ex
1582 4982 1728 5068 eadem,

242 5117 315 5185 «in
351 5115 468 5209 ipsius
497 5114 542 5188 R.
572 5112 815 5208 preiudicium
843 5129 883 5185 et
909 5135 1124 5209 gravamen.
1147 5107 1287 5201 Quare,
1317 5134 1401 5183 cum
1429 5109 1513 5205 ipsa
1540 5108 1733 5203 prebenda

242 5271 259 5310 ‹
278 5238 329 5312 ad
355 5239 516 5313 eundem
545 5239 591 5314 R.
613 5239 829 5313 dinoscatur
847 5237 1054 5334 apostolica
1072 5235 1296 5310 auctoritate
1324 5249 1508 5331 spectare,
1530 5235 1626 5332 petit
1652 5234 1735 5329 ipse

241 5365 324 5438 «R.
355 5362 590 5438 collationem
624 5379 665 5437 et
697 5363 953 5437 investituram
990 5387 1034 5434 ac
1070 5360 1322 5435 inductionem
1361 5359 1563 5458 premissas
1597 5383 1734 5455 appro-
