3686 5916
275 329 331 388 582
888 325 1025 383 Soeculo
1043 324 1076 383 X
1084 323 1167 382 VIII

272 523 417 619 absque
445 519 518 595 ulla
547 537 729 605 taxarum,
760 535 798 594 et
827 519 1165 592 emolumentorum
1193 542 1236 590 ac
1264 518 1377 590 etiam
1405 517 1579 591 dimidiae
1605 533 1769 600 annatae,

272 661 312 720 et
334 645 595 740 communium,
613 669 657 718 ac
671 647 897 718 minutorum
917 642 1153 717 servitiorum
1175 665 1318 715 necnon
1337 640 1494 714 aliorum
1513 666 1771 738 quorumcum-

273 795 348 866 que
376 771 508 844 iurium
537 768 734 856 solutione,
764 785 803 843 et
831 771 1036 848 exactione,
1068 769 1137 840 sed
1164 767 1294 864 gratis,
1315 782 1354 839 et
1372 790 1442 862 per
1469 767 1567 838 viam
1596 781 1770 839 secretam

274 896 441 992 expediri
471 896 652 982 debeant;
682 895 745 968 Ad
774 918 933 989 quorum
971 893 1154 978 eflectum,
1186 892 1334 987 stylum,
1366 917 1433 964 seu
1471 891 1771 964 consuetudinem

276 1021 503 1095 concedendi
532 1022 568 1092 in
597 1001 835 1094 Consistorio
863 1043 932 1114 pro
960 1017 1079 1113 prima
1108 1017 1343 1112 promotione
1365 1017 1532 1112 ipsorum
1551 1015 1772 1088 Auditorum

276 1147 326 1218 ad
355 1145 543 1219 Ecclesiae
571 1144 794 1240 praedictae,
824 1143 1005 1215 indultum
1035 1142 1250 1214 retentionis
1280 1141 1403 1214 Officii
1431 1141 1639 1226 Auditoris,
1662 1141 1772 1211 hacte

278 1295 348 1344 nus
376 1286 568 1343 servatum
606 1270 822 1364 probantes,
853 1267 1031 1361 deinceps
1069 1291 1222 1362 quoque
1257 1266 1400 1338 servari
1431 1265 1624 1338 volumus:
1655 1264 1711 1336 lta
1741 1278 1773 1334 ut

279 1393 349 1489 ipsi
378 1395 583 1467 Auditores
611 1392 646 1464 in
676 1393 794 1488 prima
823 1391 1058 1486 promotione
1086 1389 1134 1463 de
1163 1414 1292 1462 eorum
1323 1389 1496 1462 Personis
1514 1390 1562 1462 ad
1593 1386 1773 1462 Ecclesias

279 1521 489 1615 praedictas
521 1517 740 1614 Apostolica
768 1518 989 1590 auctoritate
1018 1516 1195 1598 iacienda,
1227 1535 1265 1586 et
1293 1516 1327 1586 in
1357 1514 1594 1609 expeditione
1623 1513 1775 1585 Littera·

278 1669 361 1718 rum
390 1643 693 1740 Apostolicorum
723 1667 837 1738 super
864 1642 998 1715 eadem
1027 1642 1146 1736 prima
1184 1639 1420 1736 promotione
1458 1639 1773 1717 conficiendarum,

278 1770 400 1843 adhuc
417 1769 621 1842 Auditores
636 1783 675 1842 et
704 1768 1021 1842 Locumtenentes
1039 1765 1075 1837 in
1096 1765 1196 1840 dicto
1216 1765 1415 1838 Auditorio
1434 1765 1578 1838 censeri
1598 1762 1774 1836 debeant:

279 1894 330 1968 Et
358 1894 511 1989 insuper
539 1893 752 1968 Venerabili
781 1891 903 1965 Fratri
931 1891 1074 1965 Nostro
1104 1890 1242 1966 Carolo
1271 1890 1430 1965 Alberto
1459 1888 1776 1985 Episcopo'Alba·

279 2043 365 2092 nen.
394 2019 432 2091 S.
464 2019 510 2093 R.
541 2018 584 2090 E.
616 2015 825 2090 Cardinalis
855 2015 1072 2090 Guidoboni
1109 2014 1324 2088 Cavalchini
1359 2032 1584 2109 nuncupato,
1621 2012 1776 2085 Pro-Da-

280 2141 374 2216 tario
405 2143 558 2251 Nostro,
589 2157 629 2216 et
658 2141 815 2214 Dilectis
844 2141 925 2214 filiis
954 2141 1105 2215 Nostris
1135 2139 1273 2213 Carolo
1302 2138 1416 2211 Tituli
1445 2136 1572 2210 Sancti
1592 2135 1775 2210 Laurentii
1830 2129 1831 2132 ¹

280 2267 315 2340 in
347 2267 517 2340 Damaso
544 2267 714 2341 eiusdem
743 2266 780 2342 S.
812 2267 856 2341 R.
888 2266 931 2340 E.
965 2267 1188 2361 Presbytero
1227 2262 1414 2337 Cardinali
1453 2265 1662 2336 Rezzonico
1701 2285 1776 2334 nun·

280 2406 429 2486 cupato,
462 2391 605 2466 Nostro
633 2392 838 2464 secundum
868 2414 1017 2464 carnem
1046 2415 1093 2462 ex
1111 2388 1226 2462 fratre
1244 2411 1426 2485 germano
1451 2387 1602 2482 Nepoti,
1623 2403 1666 2459 et
1684 2409 1776 2481 prae·
1830 2409 1831 2476 3

207 2553 208 2556 ¹
283 2515 404 2588 dictae
433 2515 471 2590 S.
503 2517 547 2590 R.
579 2516 621 2588 E.
653 2514 975 2598 Vicecancellario,
1014 2539 1057 2587 ac
1095 2513 1305 2586 Literarum
1342 2513 1650 2607 Apostolicarum
1683 2510 1776 2583 Sum·
1830 2547 1831 2614 ἦ

282 2641 426 2724 matori,
457 2654 496 2713 et
524 2639 680 2713 Nicolao
704 2631 817 2713 Tituli
837 2639 1060 2712 Sanctorum
1081 2636 1205 2724 Nerei,
1226 2651 1266 2709 et
1284 2637 1466 2711 Achillaei
1485 2636 1608 2710 dictae
1629 2637 1777 2710 Sanctae
1830 2657 1831 2724 ᾗ

283 2764 478 2840 Romanae
506 2763 697 2838 Ecclesiae
725 2763 949 2860 Presbytero
978 2761 1167 2836 Cardinali
1194 2759 1386 2834 Antonelli
1414 2777 1631 2856 nuncupato
1650 2759 1776 2834 Litera·
1830 2751 1831 2754 '

284 2914 366 2962 rum
393 2889 698 2985 Apostolicarum
727 2889 763 2961 in
790 2889 907 2962 forma
937 2887 1068 2960 Brevis
1096 2911 1119 2958 a
1146 2886 1312 2971 secretis,
1344 2910 1488 2959 necnon
1516 2886 1663 2959 dilectis
1699 2907 1776 2979 quo

283 3038 358 3110 que
386 3014 467 3087 filiis
494 3013 711 3088 earumdem
741 3014 949 3087 Literarum
979 3011 1305 3095 Pro-Summatori,
1326 3026 1366 3083 et
1385 3009 1613 3084 Plumbatori
1636 3010 1774 3086 Nostro.

282 3163 327 3213 ac
353 3139 572 3213 earumdem
600 3139 791 3212 literarum
819 3138 1125 3233 Apostolicarum
1157 3135 1338 3231 Scriptori
1374 3151 1523 3208 secreto
1561 3149 1775 3230 nuncupato,

284 3289 491 3360 eorumque
519 3265 555 3336 in
584 3263 727 3337 Officiis
755 3263 966 3354 huiusmodi
994 3260 1285 3336 Successoribus
1318 3285 1387 3357 pro
1419 3276 1592 3355 tempore
1629 3261 1776 3333 existen·
1830 3285 1831 3288 ¹

286 3391 397 3476 tibus,
427 3389 462 3463 in
491 3390 627 3463 virtute
655 3403 808 3462 sanctae
827 3387 1064 3463 obedientiae
1082 3386 1249 3459 districte
1266 3385 1533 3482 praecipiendo
1553 3387 1776 3464 mandamus,

284 3529 327 3588 ut
354 3515 435 3613 ipsi,
465 3531 503 3588 et
531 3540 662 3589 eorum
690 3512 846 3610 quilibet
882 3536 1140 3608 quascumque
1176 3512 1322 3584 Literas
1358 3510 1570 3606 praedictas
1598 3535 1670 3606 per
1697 3509 1776 3590 Nos,
1830 3567 1831 3630 p

283 3656 323 3714 et
351 3639 600 3714 Successores
629 3637 792 3713 Nostros
822 3639 1014 3711 Romanos
1044 3634 1242 3710 Pontifices
1269 3661 1339 3732 pro
1366 3647 1539 3732 tempore
1571 3635 1777 3711 existentes,
1830 3641 1831 3724 l

285 3765 322 3838 in
350 3764 514 3838 savorem
542 3764 762 3836 eorumdem
791 3761 1017 3834 Auditorum
1046 3776 1086 3834 et
1113 3759 1462 3834 Locumtenentium
1490 3785 1534 3831 ac
1560 3783 1693 3831 eorum
1716 3757 1779 3828 sin·

284 3889 470 3987 gularium
499 3887 759 3974 Personarum,
790 3903 831 3960 ut
859 3887 1069 3982 praefertur
1105 3885 1366 3958 concedendas
1394 3908 1463 3979 per
1488 3884 1665 3956 eamdem
1694 3883 1778 3953 viam

286 4030 470 4086 secretam
509 4011 634 4099 modo,
663 4029 701 4086 et
738 4013 856 4087 forma
891 4011 1107 4107 praemissis
1143 4008 1346 4104 expediant
1382 4025 1421 4081 et
1457 4009 1638 4093 relaxent,
1678 4023 1779 4100 atquc

285 4135 452 4232 expediri
480 4151 520 4209 et
547 4137 705 4210 relaxari
733 4138 962 4234 permittant,
993 4151 1031 4209 et
1058 4136 1203 4210 saciant.

368 4261 591 4335 Praesentes
619 4278 746 4336 autern
773 4259 914 4347 literas,
942 4276 982 4334 et
1009 4261 1045 4332 in
1073 4261 1128 4334 eis
1164 4274 1341 4346 contenta
1369 4283 1640 4355 quaecumque,
1681 4258 1777 4331 etiam

286 4411 334 4459 ex
361 4411 420 4469 eu,
452 4387 555 4481 quod
584 4387 808 4482 quicumque
836 4385 871 4458 in
900 4385 1128 4480 praemissis,
1158 4383 1217 4456 vel
1246 4383 1392 4457 illorum
1423 4383 1549 4478 aliquo
1585 4383 1777 4479 quomodo·

286 4510 376 4584 libet
403 4512 587 4584 interesse
615 4511 807 4596 habentes,
838 4535 905 4582 seu
935 4509 1074 4583 habere
1092 4523 1282 4604 putantes,
1305 4508 1354 4582 ad
1373 4509 1443 4582 hoc
1462 4508 1584 4581 vocati
1611 4525 1652 4582 et
1677 4503 1777 4580 auditi

288 4660 361 4711 non
391 4636 536 4718 luerint,
565 4652 631 4708 aut
658 4660 705 4708 ex
732 4633 926 4732 quibusvis
952 4634 1034 4708 aliis
1062 4634 1195 4717 causis,
1226 4633 1274 4706 de
1302 4633 1565 4728 subreptionis.
1596 4633 1657 4707 vel
1689 4635 1778 4705 obre·

288 4762 435 4858 ptionis,
466 4777 531 4834 aut
560 4759 738 4834 nullitatis
766 4759 868 4846 vitio,
906 4785 973 4833 seu
1009 4759 1223 4832 intentionis
1260 4776 1423 4842 nostrae,
1453 4757 1512 4830 vel
1551 4759 1687 4852 quovis
1720 4755 1776 4828 alio

288 4886 436 4960 defectu
465 4885 595 4972 notari,
626 4883 686 4958 vel
722 4885 943 4983 impugnari,
974 4898 1040 4958 aut
1076 4883 1167 4956 alias
1205 4883 1363 4978 infringi,
1404 4907 1470 4955 seu
1508 4881 1778 4977 quomodolibet

287 5011 489 5096 retractari,
521 5011 713 5106 suspendi,
743 5011 927 5108 restringi,
958 5009 1116 5092 limitari,
1146 5008 1206 5082 vel
1233 5008 1267 5081 ei
1295 5008 1331 5080 in
1358 5006 1484 5102 aliquo
1512 5007 1689 5104 derogari
1717 5000 1777 5077 nul·

289 5136 436 5210 latenus
465 5159 630 5231 unquam
659 5149 791 5231 posse,¹
814 5159 956 5229 easque
982 5133 1134 5208 omnino
1164 5135 1236 5207 sub
1263 5132 1457 5228 quibusvis
1476 5131 1671 5204 contrariis
1698 5129 1777 5202 Con

290 5260 557 5345 stitutionibus,
579 5259 890 5345 revocationibus,
912 5259 1230 5357 derogationibus,
1252 5255 1598 5340 modificationibus,
1619 5252 1776 5333 decretis,

288 5385 348 5460 vel
375 5383 689 5459 declarationibus
717 5385 965 5482 generalibus,
997 5401 1035 5456 et
1064 5383 1297 5480 specialibus,
1326 5385 1440 5456 etiam
1479 5398 1594 5466 motu,
1627 5377 1776 5456 scientia.
