3684 5920
730 257 890 328 Gregorio
909 257 937 315 X
949 257 995 316 VI

1020 357 1177 364 --—----
1183 354 1298 363 ——n—
1312 355 1318 361 -

811 601 901 679 548.

109 749 228 822 Rotae
258 747 534 822 Conslz'ttttz'ones
560 771 652 818 onus
678 771 750 818 non
792 746 1020 842 imponebant
1049 747 1166 818 electis
1202 747 1255 817 in·
1280 745 1481 818 Audt'tores
1513 743 1611 817 nobi-

190 873 328 947 litatem
350 874 501 970 genert's
526 873 589 944 sui
606 871 804 970 probandi.

189 1031 305 1102 (Anca.
324 1029 409 1100 Ror,
433 1028 559 1087 «Liber
577 1044 692 1086 sacrae
710 1027 825 1098 Rotae,
844 1028 907 1098 4»,
924 1035 1000 1102 pag.
1019 1027 1102 1098 351).

650 1229 720 1300 Die
753 1251 771 1321 7
803 1229 925 1300 martii
960 1232 1070 1320 1842.

192 1370 288 1443 Cum
318 1373 541 1456 resciverim,
573 1370 763 1444 Novitium
799 1373 896 1469 de.
937 1372 983 1444 de
1023 1372 1132 1444 Petro
1171 1373 1405 1446 documentis
1435 1373 1606 1446 omnibus

109 1497 268 1570 Notario
296 1496 469 1569 exhibitis
496 1495 546 1568 ad
574 1475 775 1592 processus
804 1497 1096 1580 instructionem,
1129 1497 1297 1592 impense
1329 1497 1531 1583 instetisse,
1567 1514 1608 1570 ut

107 1621 179 1694 sibi
208 1645 411 1716 processus
448 1619 616 1692 eiusdem
655 1617 846 1716 exemplar
874 1622 1096 1704 traderetur,
1136 1621 1245 1694 officii
1286 1625 1358 1694 mei
1396 1647 1482 1695 esse
1520 1621 1608 1694 duxi

111 1747 339 1818 documenta
369 1746 526 1840 primum
555 1770 752 1840 occupare,
783 1770 826 1817 ac
856 1745 1034 1842 Collegas
1054 1747 1137 1818 dein
1167 1745 1371 1820 admonere
1401 1771 1607 1842 eorumque

106 1867 302 1943 consilium
331 1872 365 1942 in
395 1895 434 1942 re
464 1895 610 1965 rogare,
642 1870 776 1941 eodem
806 1893 896 1942 uero
925 1883 1094 1964 tempore
1123 1895 1190 1942 eos
1218 1871 1428 1943 sciscitatus
1457 1895 1606 1943 suman

107 1995 360 2066 necessarium
390 2009 565 2088 putarent
594 1993 859 2065 documentum
900 1993 1053 2088 aliquod
1088 2018 1111 2065 a
1150 1993 1302 2067 Novitio
1342 1995 1538 2088 exquirere
1572 1995 1606 2066 in

107 2119 369 2213 probationem
401 2117 601 2190 nobilitatis
621 2119 782 2214 generis.
806 2119 854 2190 Et
873 2118 920 2188 ad
950 2120 1232 2213 primumquod
1259 2119 1402 2202 attinet,
1426 2117 1606 2215 Collegae

106 2245 322 2339 depositum
353 2245 661 2316 documentorum
691 2245 793 2338 apud
823 2269 882 2316 me
913 2246 1128 2337 probarunt,
1159 2261 1197 2318 et
1226 2245 1462 2316 iniunxerunt
1502 2245 1599 2330 mihi,

105 2393 155 2440 ne
186 2369 243 2440 illa
274 2371 472 2452 traderem,
504 2369 572 2440 nisi
601 2369 730 2464 paucis
759 2369 891 2442 diebus
920 2385 1122 2464 antequam
1151 2371 1343 2455 terminus,
1374 2394 1443 2465 pro
1478 2369 1567 2442 cons
1586 2413 1602 2426 ·

105 2495 231 2566 ctione
268 2517 469 2587 processus
505 2493 764 2588 praestitutus,
805 2491 1029 2570 elaberetur.
1069 2491 1335 2585 Quoad-vero
1371 2495 1540 2577 alterum,
1584 2521 1605 2567 a

109 2619 264 2690 Novitio
293 2618 340 2691 de
370 2619 480 2690 Petro
508 2618 635 2690 inutile
663 2620 851 2692 duxerunt
880 2619 1108 2692 nobilitatem
1138 2621 1289 2716 generis
1327 2605 1488 2693 intimius
1524 2645 1603 2716 per·

104 2761 275 2816 scrutare
308 2745 446 2837 quippe
475 2742 540 2839 qui
567 2758 729 2840 agnatus
759 2745 885 2816 stricte
914 2744 1147 2841 dignoscitur
1189 2759 1266 2816 tum
1305 2744 1602 2840 praeclarissimo

104 2867 296 2940 Cardinali
324 2868 372 2940 de
404 2867 522 2951 Petr0,
545 2885 622 2941 tum
653 2867 817 2941 Praesuli
848 2867 1005 2940 Camillo
1034 2869 1081 2940 de
1103 2867 1224 2952 Petro,
1247 2869 1333 2940 olim
1355 2871 1472 2942 nostri
1493 2869 1606 2942 Ordi-

102 2993 173 3075 nis,
204 3015 300 3065 nunc
329 3016 419 3065 vero
450 2993 577 3089 Beryti
606 2993 903 3089 Archiepiscopo
931 3012 968 3066 et
997 2993 1143 3066 Nuncio
1172 2993 1209 3067 S.
1240 2993 1350 3069 Sedis
1379 2996 1427 3068 ad
1457 2995 1603 3090 Regem

105 3117 408 3212 Neapolitanum,
440 3118 599 3192 maxime
627 3143 710 3192 cum
732 3118 832 3192 haud
860 3125 1041 3216 expresse
1060 3143 1082 3191 a
1103 3118 1443 3194 Constitutionibus
1463 3120 1601 3216 indago

104 3241 318 3316 huiusmodi
346 3244 532 3338 exigatur.

814 3489 903 3567 549.

101 3631 266 3706 Exltibct
294 3633 441 3704 nomano
470 3631 667 3704 Adiutoris'
693 3659 716 3702 o
745 3631 887 3704 Studiis
914 3642 949 3704 et
973 3629 1201 3704 Secretorum
1230 3631 1329 3727 de.
1360 3633 1518 3704 loannes
1543 3632 1603 3705 Dc

186 3759 309 3830 Petro.

182 3913 298 3982 (Ancn.
317 3910 403 3982 Rom,
428 3911 599 3985 ‹Capsula
621 3912 697 3982 A·).

1231 4086 1308 4160 1842,
1328 4086 1405 4146 maii
1423 4087 1449 4154 6,
1470 4087 1602 4146 Rornae.

656 4200 724 4273 Pro
753 4199 887 4272 Studio
917 4198 1053 4274 Rotali.

183 4363 346 4435 Adiutor
363 4387 385 4434 a
403 4359 546 4433 Studiis
569 4361 614 4433 D.
639 4360 820 4456 Octavius
841 4359 1075 4432 Scaramucci
1103 4357 1246 4455 origine
1267 4357 1465 4442 Nursinus,
1487 4358 1601 4431 domi-

96 4489 185 4562 cilio
224 4488 425 4570 Romanus,
466 4485 602 4557 aetatis
640 4509 821 4557 annorum
859 4484 1012 4579 triginta
1047 4499 1221 4577 quatuor,
1262 4483 1353 4554 luris
1392 4481 1601 4578 Utriusque

99 4615 258 4694 Doctor,
289 4611 361 4682 iam
390 4607 486 4682 alter
512 4633 559 4680 ex
587 4607 751 4682 Secretis
781 4609 826 4684 R.
857 4608 894 4681 P.
919 4607 965 4680 D.
989 4604 1212 4692 llluzzarelli,
1236 4606 1534 4680 Advocationem
1566 4609 1600 4680 in

98 4739 273 4812 Romana
302 4734 415 4806 Curia
443 4756 625 4805 exercens
653 4734 701 4805 ab
730 4757 829 4807 anno
864 4735 975 4828 1835.

182 4861 324 4933 Primus
352 4885 400 4930 ex
428 4857 591 4930 Secretis
619 4858 714 4932 Rev.
745 4859 792 4932 D.
825 4855 1049 4930 Laurentius
1078 4855 1174 4928 Nina
1205 4856 1474 4940 Recinetensis,
1496 4872 1600 4929 aeta-

96 4991 146 5062 tis
176 5007 357 5059 annorum
387 4983 548 5080 triginta,
574 4981 822 5056 Beneficiatus
852 4981 1033 5054 Basilicae
1062 4981 1100 5055 S.
1123 4981 1312 5054 Laurentii
1333 4980 1369 5052 in
1390 4979 1596 5056 Damaso.¹

181 5243 189 5276 ¹
210 5241 407 5300 Laurentius
431 5241 521 5314 Nina,
547 5257 639 5300 sacra
664 5240 813 5314 Purpura
838 5242 1072 5314 cohonestatus
1097 5257 1117 5300 a
1141 5241 1281 5300 Secretis
1303 5241 1413 5302 Status
1438 5242 1494 5302 suit
1519 5241 1600 5303 Leo·

96 5332 152 5392 nis
171 5329 252 5404 Xlll,
272 5331 373 5390 Rotae
392 5329 561 5390 Tribunali
580 5331 706 5388 silente.
