3686 5916
729 378 896 438 Clemente
914 377 1001 437 XIV
1559 379 1615 440 ⁶oe

113 599 202 647 num
232 573 471 672 egregiorum
499 573 678 656 delectus,
709 573 770 668 qui
800 572 999 652 laboribus.
1030 596 1075 644 ac
1108 572 1240 646 studiis
1269 573 1346 647 suis
1379 599 1491 669 opem
1525 599 1613 648 con-

112 699 235 772 ferant
262 715 302 772 et
315 698 491 771 auxilium
510 699 696 773 Iudicibus
715 697 866 794 optimis
893 697 929 770 in
958 695 1224 793 multiplicium,
1245 723 1289 772 ac
1307 699 1613 796 gravissimarum

110 822 325 896 Causarum
352 823 523 896 examine
560 838 600 896 et
636 821 862 905 definitione,
892 819 1080 895 Volumus
1117 838 1331 918 propterea,
1362 824 1613 919 praecipimus

106 973 156 1022 ac
185 949 418 1033 mandamus,
448 948 580 1045 utqui
610 973 730 1044 nuper
757 947 872 1032 luere,
902 945 960 1018 vel
989 961 1099 1020 erunt
1126 946 1161 1020 in
1191 965 1386 1042 posterum
1415 949 1450 1021 in
1490 949 1613 1022 Rotae

109 1073 320 1147 Auditores
348 1072 465 1156 electi,
497 1073 637 1168 quique
665 1073 737 1145 iam
774 1072 823 1144 de
861 1095 930 1144 sua
966 1070 1129 1166 quisque
1163 1063 1351 1145 electione
1383 1071 1612 1147 Pontificium

109 1197 262 1271 Motum
294 1198 486 1294 Proprium
507 1197 709 1271 Auditorio
737 1195 982 1281 exhibuerint,
1013 1195 1138 1292 aliquo
1181 1212 1352 1293 tempore
1394 1198 1613 1294 priusquam

107 1323 280 1419 publicas
310 1323 597 1418 Disputationes
624 1348 691 1396 seu
723 1321 994 1394 Conclusiones
1031 1322 1237 1408 habuerint,
1269 1323 1418 1395 tradere
1459 1323 1612 1397 omnino

106 1463 312 1528 teneantur
338 1447 455 1543 ipsius
477 1447 661 1520 Auditorii
691 1446 846 1520 Decano
867 1445 1044 1530 notulam,
1068 1447 1104 1518 in
1124 1471 1200 1542 qua
1220 1471 1366 1531 nornen,
1387 1472 1610 1545 cognomen,

108 1589 155 1646 et
192 1573 313 1646 Patria
349 1573 571 1646 inscribatur
599 1573 706 1658 illius,
736 1597 849 1668 quem
888 1595 1008 1644 novus
1036 1573 1196 1668 quisque
1233 1574 1397 1647 Auditor
1427 1565 1610 1660 asciverit,

107 1715 228 1792 atque
256 1712 386 1792 aptum
416 1714 454 1770 et
481 1697 658 1770 idoneum
686 1696 874 1769 censuerit
901 1697 949 1769 ad
979 1695 1206 1792 implendam
1234 1721 1390 1792 operam
1410 1714 1449 1772 et
1477 1725 1612 1772 munus

107 1823 171 1896 sui
197 1823 234 1894 in
263 1820 396 1895 Studio
425 1821 631 1906 Adiutoris,
649 1845 723 1895 una
751 1845 835 1895 cum
865 1820 1087 1894 authenticis
1115 1821 1400 1917 probationibus
1430 1822 1612 1897 infrascri-

108 1962 261 2044 ptarum
291 1946 511 2043 qualitatum
531 1963 570 2020 et
590 1947 854 2044 requisitorum
873 1947 1009 2042 quibus
1038 1945 1097 2018 ille
1126 1946 1319 2042 praeditus
1343 1973 1429 2021 esse
1453 1949 1609 2023 debeat:

109 2070 301 2168 Quaeque
329 2088 438 2145 erunt
464 2073 513 2145 ab
540 2073 674 2145 eodem
706 2072 862 2144 Decano
892 2067 1037 2144 summa
1056 2069 1247 2169 diligentia
1265 2099 1309 2146 ac
1328 2073 1453 2170 rigore
1476 2099 1613 2170 expen-

109 2199 247 2280 denda,
278 2213 319 2270 ut
348 2221 393 2270 ea
420 2197 555 2270 deinde
586 2197 721 2269 reserat
750 2199 783 2268 in
813 2195 925 2292 pleno
944 2196 1155 2282 Auditorio,
1178 2197 1234 2269 cui
1263 2198 1409 2295 integra
1429 2199 1478 2272 sit
1505 2216 1613 2296 pote-

111 2339 195 2395 stas
224 2339 263 2395 et
289 2321 481 2396 arbitrium
510 2320 730 2395 admittendi
759 2336 1050 2416 praesentatum,
1080 2336 1276 2418 utsupra,
1306 2320 1365 2395 vel
1384 2325 1495 2396 etiam
1525 2349 1611 2396 eum

110 2446 331 2543 repellendi,
360 2461 548 2543 quatenus
576 2445 627 2518 ita
655 2445 690 2518 in
721 2446 886 2520 Domino
913 2445 1109 2532 censuerit,
1139 2447 1239 2519 omni
1267 2448 1413 2522 sublata
1442 2450 1490 2522 ab
1530 2451 1612 2522 eius

111 2570 248 2645 iudicio
278 2570 487 2644 recurrendi
508 2595 551 2642 ac
571 2570 796 2644 reclamandi
815 2569 1010 2657 facultate;
1039 2570 1182 2643 censeri
1196 2571 1292 2644 enim
1313 2573 1464 2645 omnino
1484 2575 1608 2661 debet,

111 2721 188 2768 non
217 2697 286 2768 nisi
313 2695 420 2768 iustis
462 2721 509 2769 ex
551 2696 683 2780 causis,
722 2721 766 2768 ac
803 2695 1024 2793 urgentibus
1052 2695 1352 2792 prudentissimis
1394 2699 1609 2784 rationibus,

110 2820 260 2894 silentio
297 2819 409 2892 etiam
429 2819 656 2916 quandoque
677 2819 911 2916 obtegendis,
933 2821 981 2893 ab
1010 2820 1250 2917 integerrimo
1269 2819 1460 2894 Tribunali
1486 2823 1611 2895 exclu-

110 2947 258 3018 sionem
286 2944 470 3018 eiusmodi
489 2945 647 3019 decerni.
680 2945 876 3039 Requisita
895 2969 984 3018 vero
1003 2945 1095 3018 haec
1114 2969 1200 3018 esse
1219 2939 1434 3036 debebimt3
1462 2973 1608 3044 nempe,

111 3069 304 3143 Natalium
333 3069 532 3144 honestas:
561 3070 681 3142 Aetas
710 3093 784 3142 non
813 3070 933 3142 minor
963 3069 1069 3142 annis
1112 3070 1279 3166 triginta:
1312 3069 1543 3146 Doctoratus
1572 3073 1607 3147 in

111 3193 426 3290 Archigymnasio
468 3194 682 3290 Sapientiae
722 3192 832 3266 buius
873 3192 1007 3266 Almae
1050 3193 1164 3267 Urbis
1208 3210 1360 3267 nostrae
1388 3213 1606 3293 susceptus:

111 3320 286 3392 Studium
316 3319 403 3392 iuris
431 3317 622 3414 expletum
651 3319 687 3391 in
715 3320 847 3392 eadem
868 3317 981 3392 Alma
1019 3318 1124 3391 Urbe
1152 3334 1239 3392 octo
1265 3319 1397 3392 saltem
1426 3344 1607 3395 annorum

110 3445 246 3541 spatio,
279 3443 336 3516 vel
365 3446 466 3539 apud
494 3443 656 3539 aliquem
685 3469 732 3517 ex
760 3443 890 3517 iisdem
920 3444 1176 3529 Auditoribus,
1199 3459 1265 3517 aut
1293 3444 1610 3521 Locatenentibus

108 3573 146 3642 in
177 3568 329 3652 Secreti,
361 3585 403 3642 ut
429 3583 575 3654 vocant,
605 3567 798 3643 officinae
831 3593 995 3654 munere,
1026 3567 1088 3642 vel
1124 3593 1208 3640 cum
1250 3570 1334 3665 quis
1376 3572 1479 3666 apud
1516 3571 1609 3646 alios

110 3694 228 3768 Urbis
256 3692 398 3766 ludices
427 3692 661 3775 ordinarios,
696 3710 762 3766 aut
789 3693 1014 3768 celebriores
1043 3694 1264 3768 Advocatos
1297 3695 1465 3768 sedulam
1494 3712 1609 3793 atque

109 3818 240 3892 utilem
268 3843 422 3914 operam
442 3843 509 3912 per
538 3819 636 3891 idem
664 3836 815 3913 tempus
836 3820 1036 3890 navaverit.
1059 3815 1322 3910 Quae-autem
1342 3820 1456 3892 ruodo
1484 3822 1605 3894 decer·

109 3943 233 4014 nimus
262 3967 347 4014 esse
377 3943 563 4015 servanda
591 3967 660 4036 pro
688 3942 854 4039 legitima
882 3940 1111 4015 admissione
1140 3943 1226 4015 novi
1253 3942 1287 4014 in
1328 3944 1453 4017 studio
1491 3946 1609 4018 Adiu-

108 4066 216 4153 toris,
246 4067 387 4139 servari
417 4067 557 4162 pariter
588 4067 779 4140 debebunt
816 4065 939 4152 toties,
972 4067 1121 4162 quoties
1158 4065 1255 4139 alter
1296 4069 1331 4140 in
1372 4068 1493 4142 locum
1537 4071 1608 4144 iam

108 4193 264 4266 admissi
305 4193 376 4266 erit
408 4191 504 4264 sorte
541 4194 590 4264 ab
632 4215 861 4288 unoquoque
903 4217 951 4264 ex
993 4192 1240 4265 Auditoribus
1279 4196 1529 4267 assumendus
1570 4210 1610 4268 et

111 4319 390 4415 subrogandus.

198 4466 254 4516 10.
287 4443 348 4514 Ab
376 4466 490 4514 onere
518 4455 643 4513 tamen
672 4441 856 4536 probandi
886 4441 1064 4537 requisita
1092 4467 1180 4514 mox
1208 4443 1380 4538 exposita
1411 4460 1609 4540 exemptos

110 4591 198 4640 esse
227 4566 461 4638 declaramus
489 4590 533 4638 ac
561 4565 735 4638 volumus
762 4590 831 4638 eos
859 4590 1003 4650 omnes,
1032 4567 1096 4661 qui
1123 4567 1247 4639 editae
1277 4567 1386 4640 huius
1420 4568 1610 4643 Constitu·

109 4693 221 4763 tionis
253 4707 433 4785 tempore,
465 4714 582 4785 penes
609 4689 771 4785 aliquem
792 4715 839 4762 ex
857 4690 1060 4785 praedictis
1074 4690 1321 4764 Auditoribus
1341 4717 1475 4766 munus
1496 4693 1609 4766 Adiu-

108 4817 203 4888 toris
232 4816 268 4886 in
297 4815 430 4887 Studio
459 4814 517 4886 vel
546 4831 630 4886 actu
661 4829 837 4888 exercent
865 4814 923 4887 vel
951 4814 1044 4886 alias
1075 4813 1312 4888 laudabiliter
1339 4835 1608 4892 exercuerunt:

110 4941 225 5014 Sicuti
254 4939 396 5035 pariter
424 4963 546 5035 neque
575 4938 659 5011 huic
687 4939 781 5036 Legi
819 4941 1009 5012 subiectos
1050 4965 1216 5035 unquam
1258 4966 1344 5013 esse
1382 4941 1611 5016 intendimus

108 5066 207 5139 duos
235 5063 318 5137 illos
342 5067 479 5158 (neque
507 5061 606 5136 enim
635 5061 762 5158 plures
790 5088 875 5136 esse
905 5066 1057 5160 debent)
1085 5065 1149 5158 qui
1182 5065 1253 5138 sub
1282 5065 1424 5138 Secreti
1462 5068 1610 5140 nomine

107 5214 131 5263 a
159 5188 315 5286 singulis
347 5187 590 5260 Auditoribus
619 5187 655 5259 in
683 5188 802 5262 maius
836 5188 1026 5283 quoddam
1056 5187 1187 5276 Studii,
1209 5215 1252 5262 ac
1272 5188 1411 5263 laboris
1439 5192 1609 5264 levamen

109 5330 364 5388 assumuntur.
395 5311 584 5407 Optamus
612 5327 738 5384 autem
767 5313 837 5385 hos
865 5337 1018 5409 quoque
1055 5313 1248 5408 praeditos
1289 5339 1387 5400 esse,
1426 5333 1608 5412 quantum

112 5437 190 5511 fieri
224 5439 373 5536 poterit,
405 5436 592 5523 natalium,
622 5438 767 5523 aetatis,
799 5463 842 5510 ac
880 5463 1037 5526 morum,
1078 5439 1345 5535 doctrinaeque
1375 5441 1609 5539 praerogati-
