3708 5918
769 351 917 412 Martr'no
942 351 972 412 V
1556 355 1607 414 101

102 542 274 616 notarios
310 542 446 617 iaciant
481 543 685 618 examinari
718 541 930 643 diligenter,
970 569 1040 618 nec
1075 545 1348 642 cuiuscumque
1376 546 1509 620 notarii
1550 547 1610 621 vel

102 667 258 740 alterius
288 666 456 740 relationi
484 665 660 754 credant;
691 692 759 742 nec
786 667 835 742 ad
864 667 1135 744 sententiarum
1162 667 1412 766 prolationem
1431 673 1468 744 in
1487 673 1610 746 causis

104 791 320 866 huiusmodi
346 793 565 888 procedant,
583 792 754 890 registris
782 793 984 889 praedictis
1003 818 1072 889 per
1090 818 1168 880 eos,
1191 811 1233 868 ut
1251 795 1514 892 praemittitur,
1536 820 1609 870 non

106 916 197 989 visis
225 933 264 990 et
291 915 490 1015 diligenter
516 915 749 993 examinatis.
778 915 884 990 llaec
911 918 1024 992 etiam
1053 918 1226 992 volumus
1254 944 1324 1015 per
1350 943 1610 1017 quoscumque

107 1041 248 1114 iudices
275 1053 316 1114 et
343 1041 619 1116 commissarios
647 1042 683 1114 in
712 1042 811 1116 dicta
830 1041 945 1116 Curia
976 1059 1209 1138 praesentes,
1231 1043 1399 1118 similiter
1425 1062 1611 1143 perpetuo

109 1167 316 1240 observari.
348 1165 396 1238 Et
424 1165 660 1240 nihilominus
688 1167 792 1263 quod
821 1167 852 1240 si
878 1167 964 1263 quis
991 1193 1040 1241 ex
1067 1168 1300 1243 auditoribus
1328 1168 1439 1244 luerit
1459 1185 1611 1244 notatus

108 1292 156 1364 de
183 1290 492 1388 praecipitatione
510 1291 684 1379 iustitiae,
707 1291 946 1390 negligentia,
968 1317 1035 1366 seu
1057 1315 1130 1366 non
1149 1294 1445 1390 promptitudine
1465 1293 1609 1380 iun'um,

109 1431 265 1510 propter
283 1437 358 1488 non
376 1415 692 1490 continuationem
719 1415 899 1504 laborum,
928 1431 994 1490 aut
1020 1415 1125 1504 alias,
1154 1433 1194 1490 et
1221 1417 1431 1513 specialiter
1458 1418 1506 1491 de
1533 1443 1612 1492 cor·

109 1541 284 1636 ruptione
310 1554 351 1613 et
385 1541 604 1635 acceptione
633 1565 840 1626 munerum,
879 1565 946 1615 seu
984 1564 1105 1638 vagus
1141 1541 1261 1629 buerit,
1292 1566 1358 1615 seu
1396 1542 1488 1616 alias
1516 1542 1613 1617 male

109 1680 283 1738 versetur
309 1663 347 1734 in
370 1663 468 1736 dicta
489 1661 614 1746 Curia,
632 1688 700 1762 per
717 1665 926 1760 praelatum
946 1663 1295 1740 Vicecancellarium
1314 1667 1374 1740 vel
1393 1667 1475 1740 eius
1492 1667 1613 1740 vices-

109 1805 305 1887 gerentem
325 1787 541 1862 charitative
570 1789 750 1863 reddatur
767 1804 931 1875 attenus,
957 1808 999 1865 ut
1025 1792 1137 1866 abiis
1157 1816 1198 1866 se
1216 1791 1404 1866 abstineat
1428 1806 1468 1866 et
1485 1816 1613 1866 emen-

110 1914 185 2000 det,
205 1905 430 2009 bonamque
466 1913 603 1987 lamam
646 1915 826 2009 acquirat,
865 1930 905 1988 et
941 1917 977 1989 in
1011 1939 1058 1989 ea
1094 1931 1322 2012 perseveret.
1362 1913 1478 2009 Quod
1510 1917 1542 1990 si
1570 1941 1613 1990 se

108 2038 313 2112 emendare
337 2035 556 2134 neglexerit,
577 2053 617 2111 et
644 2062 713 2134 per
740 2053 818 2112 tres
846 2063 997 2113 menses
1025 2039 1223 2113 continuos
1251 2054 1340 2136 post
1366 2041 1611 2114 avisationem

109 2163 333 2249 huiusmodi,
355 2161 487 2235 eadem
508 2179 598 2236 nota
622 2163 679 2237 vel
708 2162 856 2238 infamia
884 2189 1082 2260 respersus
1100 2165 1230 2248 luerit,
1252 2190 1320 2262 per
1348 2165 1488 2240 dictum
1508 2164 1613 2239 Vice-

109 2285 369 2362 cancellarium
399 2303 465 2362 aut
502 2287 583 2361 eius
625 2289 923 2386 vicesgerentem
965 2288 1249 2364 commissiones
1291 2289 1361 2363 sibi
1402 2289 1613 2364 nullatenus

4 2410 7 2416 '
109 2414 402 2488 committantur.
443 2412 493 2484 Et
525 2411 556 2484 si
591 2437 659 2508 per
694 2411 788 2488 alios
830 2429 907 2487 tres
940 2439 1089 2488 menses
1124 2415 1232 2490 simili
1260 2431 1351 2488 nota
1377 2413 1437 2488 vel
1466 2415 1613 2488 infamia

110 2553 265 2612 notatus
293 2537 402 2610 luerit
428 2551 467 2609 et
496 2535 643 2612 notorie
670 2562 713 2612 se
750 2562 823 2614 non
851 2539 1119 2626 emendaverit,
1149 2557 1237 2614 tunc
1269 2539 1484 2638 praedictus
1503 2537 1613 2624 Vice-

108 2660 362 2746 cancellarius,
405 2677 471 2734 aut
511 2661 763 2760 vicesgerens,
806 2688 891 2738 cum
932 2665 1081 2739 duobus
1122 2663 1365 2750 auditoribus
1405 2663 1614 2760 praemissa

110 2787 236 2883 Papae
274 2785 412 2860 relerre
449 2802 630 2872 teneatur,
670 2787 734 2883 qui
771 2787 967 2884 provideat
1005 2803 1117 2885 prout
1153 2787 1351 2864 salubriter
1386 2788 1496 2862 luerit
1529 2813 1613 2887 pro·

110 2912 328 2998 videndum.

189 3037 210 3133 ᾗ
244 3057 301 3126 19.
332 3035 472 3110 Verum
502 3036 533 3109 si
561 3036 754 3136 contingat
782 3037 878 3110 inter
905 3040 1059 3112 easdem
1089 3063 1272 3136 personas
1291 3053 1329 3112 et
1349 3063 1463 3136 super
1481 3038 1614 3112 eadem

110 3187 150 3236 re
178 3159 338 3234 diversis
364 3158 598 3234 auditoribus
626 3160 789 3257 aliquam
817 3185 968 3237 causam
997 3164 1190 3251 committi,
1215 3165 1246 3238 is
1275 3166 1332 3238 cui
1360 3165 1482 3261 primo
1504 3162 1614 3238 luerit

110 3300 354 3383 praesentata
393 3287 617 3372 commissio,
649 3310 763 3382 super
803 3311 918 3362 causa
958 3288 1170 3362 huiusmodi
1212 3305 1405 3364 remaneat
1445 3289 1612 3362 eiusdem

110 3435 249 3484 causae
276 3410 399 3485 iudex.
430 3408 546 3503 Quod
573 3410 603 3482 si
631 3410 680 3484 de
716 3411 968 3486 iurisdictione
994 3411 1151 3487 alterius
1191 3416 1354 3488 extiterit
1394 3439 1464 3511 pro
1506 3427 1614 3511 parte

110 3535 273 3608 adversa
308 3534 398 3608 data
426 3533 611 3630 exceptio,
642 3551 731 3608 tunc
759 3535 862 3609 cuius
894 3536 1005 3610 luerit
1041 3537 1245 3612 iurisdictio
1274 3539 1445 3634 primitus
1472 3561 1614 3635 cogno-

112 3674 249 3744 scatur,
280 3671 320 3732 et
356 3659 386 3732 si
423 3659 578 3734 ulterius
615 3659 843 3757 procedatur
876 3675 965 3734 ante
998 3662 1249 3759 cognitionem
1285 3660 1508 3749 huiusmodi,
1539 3685 1614 3735 non

112 3783 237 3858 valeat
262 3807 465 3878 processus
493 3800 532 3858 et
559 3783 672 3858 iudex
704 3799 877 3859 teneatur
914 3785 1012 3882 parti
1041 3785 1092 3859 ad
1126 3785 1400 3861 restitutionem
1429 3809 1615 3883 expensa-

112 3932 193 3982 rum
224 3908 309 3981 inde
328 3907 522 3996 laetarum,
544 3933 731 4005 suumque
759 3909 954 3984 interesse.
978 3910 1157 3985 Notarius
1185 3935 1286 3998 vero,
1317 3913 1381 4008 qui
1412 3935 1528 3984 ausus
1555 3926 1615 3983 est

112 4033 226 4108 talem
261 4032 563 4107 commissionem
590 4050 773 4130 appetere
802 4051 960 4131 propter
986 4035 1129 4108 lucrum
1158 4037 1376 4132 scripturae,
1398 4036 1513 4112 totius
1532 4059 1615 4108 cau-

112 4183 177 4232 sae
206 4158 447 4233 commodum
475 4159 624 4255 perdat,
656 4173 905 4254 teneaturque
933 4159 1011 4233 suis
1039 4161 1218 4257 expensis
1245 4162 1343 4258 parti
1371 4163 1472 4246 dare,
1511 4161 1615 4257 quod

112 4281 293 4380 expendit
319 4281 356 4354 in
383 4305 498 4356 causa
525 4282 748 4358 huiusmodi.
769 4281 884 4376 Quod
906 4285 936 4357 si
964 4283 1076 4359 iidem
1098 4286 1248 4360 auditor
1264 4301 1304 4360 et
1332 4285 1498 4360 notarius
1525 4308 1616 4359 con-

111 4408 267 4482 trarium
294 4407 457 4494 iecerint,
480 4425 639 4504 uterque
659 4407 825 4505 ipsorum
845 4411 1070 4484 sententiam
1089 4411 1482 4485 excommunicationis
1499 4411 1618 4484 incur·
1638 4489 1643 4498 ,

114 4549 208 4619 rant,
239 4557 366 4628 aqua
395 4533 646 4629 nonpossint
678 4533 823 4610 absolvi
860 4535 981 4608 donec
1013 4560 1129 4631 super
1160 4537 1204 4609 iis
1241 4537 1333 4610 satis
1369 4534 1534 4622 fecerint,
1574 4552 1616 4609 ut

114 4657 333 4752 praefertur.
365 4656 415 4730 Et
452 4658 523 4731 hoc
560 4658 671 4731 etiam
706 4661 755 4733 ad
792 4683 1053 4756 quoscumque
1085 4660 1226 4735 iudices
1263 4676 1303 4734 et
1337 4659 1616 4735 commissarios

114 4807 156 4856 ac
192 4807 324 4858 eorum
354 4783 521 4857 notarios
545 4785 582 4857 in
610 4785 711 4858 dicta
744 4784 859 4858 Curia
892 4800 1113 4881 praesentes
1145 4811 1214 4882 pro
1243 4801 1413 4882 tempore
1441 4786 1615 4860 duximus

113 4906 406 4983 extendendum.

190 5035 209 5130 ξ
241 5056 301 5109 20.
334 5031 542 5119 Praeterea,
573 5035 773 5108 statuimus
801 5051 841 5109 et
868 5037 982 5109 etiam
1018 5035 1244 5123 ordinamus,
1275 5035 1378 5133 quod
1415 5035 1536 5110 nullus
1568 5061 1615 5110 ex

113 5157 265 5232 notariis
303 5157 465 5232 cuiusvis
502 5183 550 5234 ex
585 5159 820 5235 auditoribus
856 5159 1057 5258 praedictis
1093 5187 1177 5235 cum
1214 5186 1261 5235 eo
1298 5185 1441 5236 moram
1470 5160 1613 5250 trahat;

111 5284 213 5380 quod
243 5283 275 5357 si
303 5282 429 5358 lorsan
455 5281 589 5379 aliquis
624 5309 672 5358 ex
702 5284 796 5381 ipsis
829 5309 912 5358 cum
950 5309 999 5359 eo
1035 5287 1171 5359 morari
1205 5285 1374 5370 voluerit,
1409 5309 1478 5384 pro
1511 5285 1615 5361 habi-

112 5409 253 5484 tatione
280 5405 418 5482 domus
445 5423 485 5482 et
512 5409 698 5505 expensis,
730 5410 827 5484 ultra
855 5409 958 5506 quod
991 5409 1130 5483 iustum
1158 5427 1197 5484 et
1224 5410 1390 5484 debiturn
1427 5409 1545 5498 suerit,
1576 5428 1615 5485 et
