3720 5914
879 299 1016 360 Soecuto
1035 301 1067 360 X
1075 301 1105 361 V

939 685 1026 764 114.

239 857 370 932 Sz'xtus
397 859 427 932 I
429 863 466 934 V
485 862 615 934 statuit
639 885 754 934 unum
771 862 895 935 virum
912 862 1092 950 itanum,
1113 862 1312 936 oriundum
1330 862 1374 935 de
1403 861 1549 934 Gallica
1574 862 1735 934 Natzbne
1856 873 1857 924 s

315 993 351 1056 et
375 983 543 1072 dominio,
565 1011 638 1058 esse
656 1011 808 1060 numero
829 996 864 1061 at
884 985 1041 1084 Collagr'o
1060 988 1286 1062 Auditorum
1301 987 1418 1072 Rotae
1436 986 1730 1084 aggregandum.

316 1158 431 1225 (Anctt.
450 1158 540 1232 Ros,
564 1159 817 1218 ‹Admissiones
830 1183 858 1234 ι,
872 1164 961 1233 part.
980 1160 1008 1234 J,
1025 1159 1119 1220 Sixto
1137 1160 1160 1219 J
1163 1161 1198 1234 V,
1215 1177 1248 1218 n.
1261 1161 1300 1232 7).

1555 1337 1633 1398 Sine
1650 1338 1736 1398 data.

316 1503 444 1578 Sixtus
472 1529 573 1600 papa
595 1505 664 1602 jjjj.
694 1501 881 1604 Quoniam
910 1529 958 1579 ex
986 1504 1096 1578 certis
1124 1521 1163 1578 et
1191 1503 1473 1580 rationabilibus
1501 1503 1623 1578 causis
1642 1502 1735 1577 deli-

235 1628 456 1715 beravimus,
497 1631 737 1702 unumvirum
765 1629 954 1724 ydoneum
983 1630 1047 1726 qui
1075 1630 1123 1703 de
1152 1629 1297 1703 Gallica
1324 1629 1476 1704 natione
1504 1643 1543 1702 et
1569 1628 1735 1702 dominio

235 1752 426 1826 Carissimi
454 1754 491 1826 in
521 1753 673 1828 Christo
709 1754 770 1829 filii
802 1754 982 1829 Ludovici
1019 1756 1138 1853 Regis
1168 1754 1324 1830 Francie
1361 1755 1543 1829 oriundus
1582 1755 1734 1842 existat,

234 1903 390 1951 numero
418 1895 458 1951 et
486 1876 660 1977 Collegio
688 1879 914 1954 Auditorum
945 1879 1073 1953 Palatii
1103 1879 1314 1976 Apostolici
1331 1904 1566 1978 aggregare:
1593 1879 1738 1954 ldcirco

233 2004 280 2076 de
310 2003 450 2076 meritis
478 2017 518 2077 et
543 2003 761 2098 ydoneitate
791 2004 914 2078 dilecti
942 2004 1004 2078 filii
1023 2002 1218 2078 Guillermi
1242 2005 1290 2079 de
1308 2006 1474 2100 pereriis,
1495 2005 1736 2078 decretorum

236 2127 423 2211 Doctoris,
445 2127 719 2227 fidedignorum
747 2127 927 2203 relatione
955 2128 1152 2214 informati,
1177 2153 1264 2203 eum
1294 2146 1397 2205 motu
1425 2145 1557 2204 nostro
1579 2131 1738 2226 proprio

235 2251 458 2326 Auditorem
487 2278 683 2328 causarum
712 2253 845 2348 prefati
876 2254 1004 2328 Palatii
1032 2257 1242 2330 creavimus
1269 2271 1309 2330 et
1337 2255 1499 2341 fecimus,
1521 2281 1565 2329 ac
1582 2280 1736 2350 presen-

233 2378 325 2451 tium
354 2391 485 2451 tenore
513 2401 684 2453 creamus
711 2394 750 2452 et
777 2379 942 2467 iacimus,
973 2379 1129 2455 Dilectis
1156 2382 1237 2455 filiis
1265 2380 1433 2455 eiusdem
1454 2377 1584 2453 Palatii
1601 2405 1737 2454 causa·

237 2529 318 2576 rum
345 2503 604 2588 AuditoribuS,
631 2504 737 2577 simili
766 2521 870 2579 motu
900 2504 1067 2580 districte
1106 2507 1347 2603 precipiendo
1380 2504 1613 2591 mandantcS,
1644 2531 1738 2602 qua-

236 2645 346 2702 tenus
390 2628 576 2724 prelatum
621 2627 868 2704 Guillermum
910 2657 995 2706 curn
1035 2633 1210 2706 omnibus
1242 2648 1281 2705 et
1322 2629 1479 2729 singulis
1516 2629 1735 2727 privilegiis,

234 2753 496 2851 prerogativis,
526 2753 666 2828 iuribus
694 2770 733 2828 et
761 2753 967 2830 honoribus
995 2756 1130 2830 debitis
1154 2770 1193 2829 et
1215 2755 1425 2842 consuetis*
1438 2754 1474 2827 in
1493 2752 1734 2840 Auditorem‚

235 2894 276 2950 ut
303 2879 417 2952 moris
453 2896 524 2965 est,
561 2879 740 2976 recipiant
774 2881 918 2976 pariter
948 2895 988 2955 et
1018 2881 1229 2955 admittant.
1261 2879 1602 2955 Constitutionibus
1631 2881 1735 2975 Apo·

232 3000 370 3075 stolicis
399 3025 443 3074 ac
470 3003 549 3076 aliis
578 3005 728 3078 statutis
756 3022 797 3078 et
824 3005 1122 3079 ordinationibus
1148 3004 1317 3079 eiusdem
1348 3002 1486 3090 Palatii,
1521 3004 1737 3099 ceterisque

235 3127 271 3198 in
299 3128 525 3201 contrarium
552 3128 772 3204 facientibus
809 3154 882 3204 non
911 3129 1149 3204 obstantibus
1180 3128 1491 3226 quibuscumque.
1520 3127 1611 3202 Futt
1636 3137 1736 3201 motu

231 3253 388 3350 proptor
415 3261 451 3324 ct
463 3253 528 3326 tta
554 3254 776 3326 mundamus
803 3254 848 3328 F.

888 3618 974 3696 115.

238 3815 432 3888 Particulu
459 3825 709 3914 computorum
737 3817 787 3890 R.
809 3828 851 3915 p.
881 3816 917 3891 d.
948 3815 1228 3890 Bartholomaei
1251 3817 1295 3890 de
1314 3817 1546 3903 Bellunum,
1575 3818 1613 3891 T
1608 3817 1737 3892 hasuu-

316 3941 427 4016 rarz'z'.
464 3983 482 3996 -
521 3940 677 4014 Gabriel
716 3939 943 4016 Contareuus
986 3939 1154 4040 Capellae
1195 3943 1308 4016 Rotae
1348 3941 1532 4040 quoddam
1572 3941 1735 4040 legatum

315 4065 474 4138 mort'eus
500 4065 714 4162 reliquerat.
745 4109 762 4122 -
788 4066 1013 4140 Famztium's
1040 4068 1089 4143 R.
1111 4077 1153 4164 p.
1184 4068 1219 4142 d.
1249 4067 1293 4140 de
1320 4068 1553 4143 Bellcucina't.

316 4237 433 4309 (Arca.
451 4236 538 4309 Rom,
562 4237 682 4296 «Libri
697 4239 871 4298 rationum
889 4240 972 4298 Rote
999 4238 1086 4313 Vn).

1402 4417 1421 4476 8
1439 4418 1634 4493 septembris
1654 4418 1734 4477 1477.

316 4581 493 4655 Introitus
529 4581 771 4676 pecuniarum
801 4598 893 4668 rote,
924 4582 1134 4679 incipiendo
1161 4607 1185 4656 a
1211 4607 1342 4658 mense
1374 4585 1599 4680 septembris
1633 4606 1731 4678 1477

238 4720 326 4801 post
354 4705 497 4779 obitum
526 4707 586 4780 bo.
619 4731 688 4782 me.
720 4705 755 4784 d.
786 4707 916 4782 nicolai
946 4707 993 4780 de
1023 4705 1193 4794 Ubaldis,
1223 4732 1300 4803 quo
1329 4725 1500 4805 tempore
1537 4711 1619 4805 cepi
1647 4735 1735 4783 esse

237 4829 495 4905 tesaurarium.

317 4956 379 5028 Ab
407 4954 608 5029 heredibus
636 4957 696 5031 bo.
726 4981 798 5031 me.
829 4957 864 5031 d.
895 4955 1026 5030 nicolai
1045 4957 1093 5030 de
1113 4955 1273 5030 Ubaldis
1300 4957 1414 5031 habui
1447 4960 1453 4989 ⁸

238 5078 358 5154 solum
378 5094 417 5152 et
431 5079 628 5153 dumtaxat
643 5081 801 5153 ducatos
817 5081 981 5176 quinque
1003 5098 1044 5155 et
1061 5080 1315 5180 bolog[ninos]
1334 5080 1411 5155 Lll.
1525 5102 1628 5178 dues·
1656 5099 1702 5176 V,

237 5222 275 5279 et
309 5203 483 5277 dixerunt
517 5221 694 5299 parentes
730 5204 909 5300 pecunias
951 5221 1034 5280 rote
1076 5231 1150 5278 non
1186 5206 1412 5280 remansisse
1501 5225 1630 5326 bolo}
1660 5226 1724 5298 [ΙΙ

236 5329 271 5404 d.
303 5327 447 5402 nicolao
475 5353 571 5424 quas
599 5328 686 5400 mihi
715 5329 949 5428 consignavit
973 5329 1008 5404 d.
1030 5331 1195 5426 baptista
1214 5329 1262 5404 de
1280 5329 1410 5427 Spe10.
