3708 5918
719 335 872 410 Eugem'o
890 337 911 396 I
916 337 945 397 V
1548 345 1601 404 125

92 528 343 603 sollicitudine
371 553 621 627 perurgemur
647 530 801 604 assidua
829 533 948 604 nostri
975 531 1098 606 taliter
1123 533 1299 630 amplecti
1333 551 1463 631 partes
1491 534 1602 610 officii

96 655 203 750 quod
229 653 443 749 potioribus
463 653 544 728 illos
563 655 736 730 attollere
754 654 951 760 videamur
968 656 1157 733 favoribus
1179 674 1220 734 et
1241 659 1383 758 gratiis,
1405 686 1503 757 quos
1525 685 1600 734 arn-

93 777 277 874 plioribus
306 777 386 853 fore
415 803 612 852 censemus
639 778 819 852 virtutum
847 780 989 854 meritis
1016 780 1225 880 insignitos.

178 901 334 976 Dudum
364 901 558 998 siquidem,
576 902 765 999 quondam
785 902 1005 978 Alexander
1026 904 1060 976 V
1079 906 1115 978 in
1144 931 1213 980 sua
1240 907 1455 982 obedientia
1483 911 1600 982 nomi-

97 1043 220 1112 natus,
243 1041 389 1101 attenta
407 1007 708 1102 consideratione
723 1027 989 1123 premeditatis,
1012 1029 1122 1105 valde
1140 1031 1345 1105 absurdum
1364 1047 1403 1106 et
1422 1033 1599 1106 indecens
1655 1025 1660 1034 ’

95 1151 186 1238 fore,
212 1151 314 1225 sedis
342 1149 550 1247 apostolice
570 1150 798 1248 Capellanos
817 1168 857 1226 et
880 1177 1078 1228 causarum
1107 1155 1233 1252 palatii
1261 1157 1457 1250 apostolici
1485 1157 1599 1232 Audi·

96 1291 201 1350 tores
226 1275 345 1350 litium
374 1276 602 1351 anfractibus
629 1275 777 1362 involvi,
818 1275 927 1351 Motu
964 1279 1128 1376 proprio,
1159 1303 1233 1353 non
1261 1280 1310 1354 ad
1337 1279 1493 1355 alicuius
1530 1282 1599 1356 sibi

95 1425 213 1497 super
239 1399 310 1474 boc
337 1400 462 1474 oblate
490 1399 682 1498 petitionis
709 1400 935 1489 instantiam,
965 1404 1032 1476 sed
1061 1403 1109 1477 de
1137 1429 1207 1478 sua
1234 1429 1337 1479 mera
1364 1405 1596 1494 liberalitate,

95 1524 215 1600 voluit
250 1549 294 1599 ac
322 1523 500 1622 predictis
529 1523 744 1622 Capellanis
772 1543 812 1600 et
839 1526 1089 1602 Auditoribus
1117 1529 1355 1625 presentibus
1388 1547 1427 1603 et
1468 1530 1599 1604 futuris

93 1673 303 1746 eorumque
332 1649 610 1724 successoribus
648 1674 717 1724 nec
745 1673 819 1725 non
847 1651 930 1725 loco
967 1651 1135 1747 ipsorum
1171 1654 1304 1750 positis
1340 1670 1379 1728 et
1415 1655 1599 1752 ponendis

94 1773 131 1848 in
151 1791 378 1871 perpetuum
396 1774 596 1859 concessit,
617 1775 721 1871 quod
740 1775 862 1849 nullus
882 1801 1109 1852 concurrens
1129 1802 1213 1852 curn
1228 1778 1329 1875 ipsis,
1348 1805 1415 1854 seu
1432 1781 1598 1876 ipsorum

92 1899 233 1995 aliquo,
261 1896 297 1970 in
326 1898 478 1972 datione
511 1899 645 1996 gratie,
674 1898 824 1976 cuilibet
851 1900 1018 1998 ipsorum
1047 1928 1069 1976 a
1098 1904 1189 1977 sede
1222 1905 1391 2000 predicta
1419 1929 1598 1981 concesse

93 2023 154 2096 vel
169 2023 206 2096 in
224 2037 417 2119 posterum
432 2022 682 2110 concedende,
704 2039 879 2120 pretextu
899 2026 1061 2100 cuiusvis
1080 2027 1336 2125 proventionis
1355 2054 1423 2103 seu
1442 2054 1599 2127 presen-

95 2147 249 2222 tationis
276 2145 485 2222 litterarum
522 2163 589 2222 aut
624 2147 774 2223 maioris
811 2150 908 2224 forte
944 2150 1135 2250 diligentie
1172 2153 1268 2227 circa
1295 2155 1598 2251 prosecutionem

94 2275 219 2373 gratie
233 2274 447 2349 huiusmodi
472 2275 570 2350 facte
598 2275 690 2372 ipsis
718 2276 754 2349 in
782 2277 1051 2373 assequutione
1082 2278 1451 2376 beneficiorumque
1487 2306 1597 2377 expe·

94 2413 243 2474 ctarent
278 2415 317 2474 et
354 2424 429 2495 que
463 2400 595 2498 vigore
631 2400 839 2476 litterarum
875 2403 1168 2499 apostolicarum
1204 2404 1295 2502 ipsis
1333 2429 1596 2481 concessarum

93 2523 187 2598 alias
214 2524 309 2598 infra
337 2541 487 2621 tempus
515 2525 722 2624 legitimum
750 2543 991 2624 acceptarent
1017 2552 1088 2624 pro
1117 2543 1288 2626 tempore
1315 2546 1355 2604 et
1383 2530 1432 2626 de
1459 2531 1596 2626 quibus

95 2651 164 2723 sibi
182 2649 350 2724 facerent
367 2649 566 2745 provideri,
588 2650 794 2726 dummodo
821 2652 906 2725 talis
929 2652 983 2726 eis
1002 2654 1039 2726 in
1067 2655 1189 2751 gradu
1219 2655 1337 2727 maior
1363 2653 1424 2729 vel
1451 2655 1596 2751 equalis

94 2797 169 2847 non
197 2773 389 2860 existeret,
419 2776 691 2870 quoquomodo
718 2793 851 2871 posset
877 2791 918 2851 et
944 2777 1102 2852 deberet
1127 2779 1323 2866 anteferri;

174 2914 214 2972 et
233 2899 518 2995 subsequenter,
539 2898 655 2974 felicis
683 2901 952 2976 recordationis
973 2903 1159 2978 Martinus
1179 2905 1244 3000 Pp.
1265 2903 1325 2992 V.,
1346 2907 1596 3002 predecessor

94 3038 236 3132 noster,
255 3023 305 3095 ad
323 3047 434 3098 omne
454 3048 644 3121 supereo:
661 3049 708 3098 an
727 3025 815 3100 dicti
834 3027 1040 3103 Auditores
1059 3027 1117 3102 sui
1135 3043 1174 3102 et
1192 3028 1449 3104 Romanorum
1470 3030 1596 3103 Ponti-

94 3147 205 3220 ficum
231 3171 303 3244 pro
330 3163 502 3245 tempore
528 3148 768 3224 existentium
797 3148 992 3247 Capellani
1019 3151 1292 3249 familiaresque
1320 3155 1514 3228 domestici
1551 3179 1595 3228 ac

93 3273 260 3348 continui
287 3271 557 3348 commensales
585 3274 715 3348 haberi
736 3276 941 3352 deberent?
961 3280 1221 3374 seponendum
1240 3279 1473 3354 hesitationis
1493 3305 1595 3354 scru-

94 3399 235 3495 pulum,
262 3417 365 3474 motu
395 3387 513 3486 simili,
530 3424 663 3474 omnes
690 3416 730 3474 et
757 3402 927 3500 singulos
955 3404 1160 3478 Auditores
1188 3403 1365 3502 prefatos,
1397 3419 1594 3504 presentes

93 3539 133 3599 et
168 3523 326 3611 futuros,
357 3523 533 3620 quamdiu
563 3527 599 3598 in
619 3525 791 3600 Romana
810 3525 924 3601 Curia
951 3545 1150 3624 presentes
1177 3543 1318 3615 essent,
1348 3530 1465 3627 ipsius
1493 3531 1594 3604 sedis

94 3649 273 3724 officiales
315 3674 360 3723 ac
396 3649 678 3746 predecessoris
721 3675 789 3726 nec
832 3677 906 3726 non
949 3653 1133 3750 pontificis
1169 3671 1208 3728 et
1245 3655 1345 3730 sedis
1381 3655 1593 3730 huiusmodi

93 3799 206 3849 veros
233 3771 449 3870 capellanos
476 3799 521 3847 ac
548 3775 747 3851 familiares
775 3777 1003 3852 domesticos
1030 3793 1069 3852 et
1095 3779 1293 3854 continuos
1321 3781 1593 3856 commensales

92 3899 171 3975 fore
199 3914 316 3996 atque
344 3899 488 3973 censeri
507 3899 656 3987 debere,
682 3903 905 3976 auctoritate
932 3903 1141 3999 apostolica
1155 3904 1378 3993 declaravit;

172 4047 228 4109 ac,
251 4022 397 4109 deinde,
419 4038 622 4120 postquam
651 4049 721 4099 nos
748 4041 853 4099 motu
873 4027 981 4101 simili
1000 4042 1263 4116 statueramus,
1285 4028 1593 4104 ordinaveramus

91 4171 134 4221 ac
171 4146 462 4221 decreveramus
490 4147 773 4245 quodquidam
811 4148 1009 4226 familiares
1047 4153 1209 4225 continui
1242 4154 1527 4242 commensales,
1555 4155 1591 4228 in

92 4271 324 4346 Cancellaria
351 4271 560 4368 apostolica
587 4272 778 4370 descripti,
798 4275 834 4347 in
861 4277 1098 4349 assecutione
1125 4277 1389 4352 beneficiorum
1417 4279 1592 4354 ecclesia·

90 4399 270 4472 sticorum
295 4421 378 4470 cum
407 4421 495 4470 cura
523 4411 563 4470 et
591 4397 670 4472 sine
697 4423 786 4473 cura
804 4399 1066 4496 quorumlibet,
1091 4401 1204 4476 etiarn
1226 4403 1256 4476 si
1284 4404 1525 4477 canonicatus
1553 4421 1593 4476 et

90 4521 298 4619 prebende,
336 4521 552 4619 dignitates,
587 4539 825 4619 personatus,
863 4524 1206 4600 administrationes
1246 4543 1286 4600 et
1321 4526 1443 4600 officia
1477 4527 1591 4601 etiam

89 4663 223 4722 curata
247 4660 287 4719 et
312 4643 469 4720 electiva
496 4647 532 4720 in
566 4647 844 4722 cathedralibus
870 4675 915 4722 ac
950 4648 1251 4745 metropolitanis
1288 4651 1347 4724 vel
1384 4651 1591 4750 collegiatis

89 4770 260 4847 ecclesiis
287 4769 421 4857 forent,
441 4795 517 4866 que
539 4773 669 4869 vigore
688 4774 905 4869 gratiarum,
927 4798 996 4870 per
1014 4797 1083 4848 nos
1103 4775 1174 4848 sub
1191 4775 1321 4849 datum
1335 4797 1405 4847 v111
1425 4775 1497 4851 kal.
1518 4780 1591 4851 mai

89 4895 331 4994 pontificatus
358 4895 476 4968 nostri
503 4917 603 4969 anno
630 4917 643 4968 1
671 4921 946 4981 concessarum,
976 4914 1231 4995 expectarent,
1252 4899 1332 4972 aliis
1360 4901 1533 4974 omnibus
1552 4916 1592 4974 et

90 5017 249 5120 singulis
276 5019 545 5116 cuiuscumque
571 5020 775 5119 dignitatis,
804 5023 947 5120 gradus
974 5021 1033 5096 vel
1065 5024 1287 5098 conditionis
1315 5023 1448 5110 forent,
1477 5025 1589 5099 etiam

90 5170 161 5242 per
186 5167 448 5242 quascumque
484 5144 724 5240 apostolicas,
752 5163 792 5220 et
824 5163 927 5220 motu
956 5173 1000 5222 ac
1036 5151 1108 5224 sub
1136 5149 1226 5221 data
1253 5146 1433 5222 similibus
1471 5149 1589 5222 factas

90 5271 245 5369 gratias,
276 5287 430 5343 etcum
461 5270 655 5364 quibusvis
683 5271 892 5346 studiorum
921 5273 1235 5358 universitatibus,
1262 5296 1328 5344 seu
1357 5272 1450 5346 alias
1478 5297 1587 5370 gene·

92 5393 217 5472 raliter
235 5411 302 5470 aut
325 5391 547 5489 specialiter.
578 5419 646 5491 per
673 5418 743 5471 nos
769 5397 830 5471 vel
857 5397 995 5472 dictam
1024 5397 1154 5470 sedem
1182 5413 1222 5470 et
1249 5413 1352 5470 motu
1382 5396 1490 5470 simili
1518 5399 1588 5473 sub
