3686 5916
230 297 285 356 534
843 293 980 354 Soeculo
999 293 1123 356 XVIII

232 488 443 563 Causarum
473 486 602 560 Palatii
632 485 842 584 Apostolici
871 487 1088 574 Auditores,
1120 513 1165 562 ac
1191 489 1361 564 eiusdem
1390 487 1427 564 S.
1459 489 1504 562 R.
1526 489 1570 564 E.
1602 487 1736 562 Cardi-

232 613 347 698 nales,
387 611 422 684 in
458 613 590 708 quavis
619 611 745 686 Causa
782 629 821 686 et
854 612 1041 694 instantia,
1079 611 1227 687 sublata
1262 614 1319 687 eis
1351 631 1391 686 et
1427 638 1556 687 eorum
1585 613 1736 686 cuilibet

229 737 364 834 quavis
378 737 487 812 aliter
504 737 702 822 iudicandi,
719 751 758 809 et
777 737 1048 834 interpretandi
1068 738 1257 823 facultate,
1274 755 1313 812 et
1331 742 1564 826 auctoritate,
1581 738 1734 812 iudicari

230 876 270 936 et
298 859 443 935 definiri
471 861 626 948 debere;
665 861 808 934 irritum
842 885 1008 958 quoque,
1038 877 1077 937 et
1111 864 1231 946 inane,
1262 864 1292 937 si
1330 887 1441 936 secus
1474 864 1675 959 superbis
1712 887 1735 936 a

231 1011 424 1085 quoquam
457 987 589 1082 quavis
621 987 845 1060 auctoritate
877 989 1038 1062 scienter
1069 988 1128 1062 vel
1162 988 1380 1086 ignoranter
1411 988 1636 1086 contingerit
1667 965 1736 1060 'at-

232 1113 381 1188 tentari.

312 1233 569 1330 Quamobrem
586 1234 735 1310 Dilecto
751 1235 843 1310 Filio
859 1237 1047 1334 Magistro
1058 1236 1242 1311 Clementi
1253 1237 1559 1336 Argenvillieres,
1578 1238 1737 1322 Nostro,

233 1376 272 1436 et
290 1387 360 1458 pro
380 1381 551 1457 tempore
570 1363 743 1436 existenti
764 1361 922 1435 Romani
943 1361 1130 1436 Pontificis
1150 1361 1334 1448 Auditori,
1356 1387 1425 1458 per
1451 1363 1606 1436 easdem
1625 1387 1740 1458 prae-

233 1503 362 1561 sentes
390 1486 657 1560 committimus
695 1503 734 1560 et
771 1485 1007 1584 iniungimus,
1037 1486 1185 1583 aliaque
1222 1487 1430 1583 praemissa
1462 1503 1650 1584 perpetuo
1686 1487 1740 1560 ab

232 1612 416 1697 omnibus,
447 1627 486 1684 et
513 1609 679 1710 singulis,
709 1610 758 1683 ad
785 1635 884 1708 quos
912 1626 1071 1706 spectat,
1093 1627 1132 1685 et
1159 1636 1228 1706 pro
1257 1627 1429 1709 tempore
1457 1611 1653 1706 spectabit,
1674 1609 1736 1682 fir-

234 1737 344 1809 miter
369 1753 409 1810 et
437 1736 695 1811 inviolabiliter
723 1737 926 1823 observari,
955 1753 994 1809 et
1021 1735 1218 1832 adimpleri
1244 1735 1365 1822 faciat,
1394 1751 1436 1810 et
1462 1737 1631 1810 mandet:
1661 1759 1739 1807 non

234 1862 458 1958 permittens
486 1887 564 1948 eos,
596 1885 756 1958 quorum
786 1861 950 1936 favorem
981 1861 1042 1934 illa
1070 1862 1278 1958 respective
1306 1839 1535 1937 concernunt
1561 1861 1597 1933 in
1627 1885 1739 1958 prae-

235 1985 358 2058 missis
385 1986 672 2081 quomodolibet
699 1985 862 2061 indebite
892 1986 1095 2061 molestari.

314 2109 400 2184 Non
430 2109 678 2196 obstantibus
709 2126 896 2207 quatenus
925 2136 1021 2208 opus
1049 2110 1109 2196 sit,
1131 2125 1270 2196 nostra,
1292 2126 1331 2184 et
1351 2109 1605 2184 Cancellariae
1635 2110 1738 2204 Apo·

235 2232 388 2308 stolicae
418 2235 548 2334 regula
576 2237 623 2308 de
660 2235 739 2309 iure
772 2237 945 2333 quaesito
981 2260 1053 2311 non
1092 2234 1270 2320 tollendo,
1300 2235 1458 2330 aliisque
1487 2233 1738 2307 Constitutio-

234 2360 352 2444 nibus,
382 2377 422 2434 et
450 2361 760 2436 Ordinationibus
788 2361 1032 2457 Apostolicis‚
1063 2385 1130 2436 nec
1159 2385 1233 2434 non
1262 2383 1586 2457 quorumcumque
1621 2357 1736 2432 Urbis

234 2483 443 2570 Curiarum,
475 2501 514 2560 et
541 2485 810 2573 Tribunalium,
840 2487 952 2560 etiam
983 2486 1168 2559 Auditorii
1187 2487 1346 2581 praefati
1375 2483 1587 2558 Causarum
1609 2481 1737 2556 Palatii

232 2613 351 2684 nostri
390 2610 610 2707 Apostolici,
650 2636 695 2685 ac
729 2611 971 2685 Notariorum
1007 2609 1186 2697 eiusdem,
1226 2624 1265 2684 et
1301 2609 1533 2706 Scriptorum
1571 2607 1737 2682 Archivii
1835 2673 1836 2692 2

234 2737 443 2833 respective
481 2734 748 2833 Collegiorum,
779 2737 892 2809 etiam
929 2735 1152 2822 iuramento,
1185 2734 1465 2809 confirmatione
1501 2732 1734 2828 Apostolica,

232 2861 292 2935 vel
321 2862 453 2957 quavis
482 2861 655 2935 firmitate
683 2860 753 2934 alia
774 2862 960 2935 roboratis
979 2859 1188 2956 respective
1213 2859 1374 2944 statutis,
1397 2857 1735 2938 reformationibus,

232 2985 391 3084 legibus,
423 2985 563 3072 usibus,
608 2985 713 3071 stilis,
750 3002 789 3060 et
830 2986 1175 3072 consuetudinibus,
1214 3001 1522 3082 quantocumque
1563 2997 1736 3077 tempore

233 3111 444 3185 observatis
473 3126 512 3183 et
540 3109 729 3197 toleratis;
765 3111 968 3209 privilegiis
1006 3135 1171 3218 quoque,
1212 3109 1378 3196 Induitis,
1417 3107 1733 3192 concessionibus,

233 3235 482 3318 facultatibus,
499 3251 537 3309 et
559 3235 693 3308 Literis
709 3235 940 3332 Apostolicis
959 3237 1153 3333 quibusvis
1174 3233 1439 3333 superioribus,
1455 3232 1732 3314 Tribunalibus,

233 3360 429 3447 ludicibus,
456 3377 495 3434 et
524 3360 708 3444 Personis,
730 3363 801 3436 sub
829 3361 1129 3457 quibuscumque
1149 3360 1340 3435 tenoribus
1358 3372 1398 3432 et
1424 3358 1566 3444 formis,
1587 3379 1734 3430 aecum

233 3485 428 3582 quibusvis
456 3486 570 3558 etiam
599 3487 924 3584 derogatoriarum
947 3483 1210 3585 derogatoriis,
1231 3483 1388 3580 aliisque
1407 3480 1679 3556 efficacioribus
1698 3497 1737 3554 et
1834 3501 1835 3578 ]

233 3609 390 3685 insolitis
418 3609 604 3694 clausulis,
635 3635 680 3684 ac
715 3610 962 3698 irritantibus,
988 3625 1027 3684 et
1063 3609 1142 3683 aliis
1171 3608 1332 3682 decretis
1369 3609 1404 3681 in
1442 3629 1582 3704 genere
1610 3603 1672 3678 vel
1699 3606 1734 3678 in

234 3737 370 3830 specie,
400 3735 513 3808 etiam
543 3750 657 3821 motu,
679 3734 832 3808 scientia
860 3749 900 3809 et
926 3735 1129 3832 potestatis
1157 3731 1389 3830 plenitudine
1408 3730 1600 3814 similibus,
1622 3729 1732 3803 etiam

234 3858 563 3943 Consistorialiter,
592 3882 635 3932 ac
662 3885 710 3933 ex
738 3857 846 3933 titulo
863 3882 1040 3947 oneroso,
1068 3874 1134 3933 aut
1160 3857 1253 3932 alias
1282 3854 1564 3953 quomodolibet
1591 3856 1627 3926 in
1647 3879 1733 3928 con·

233 3985 388 4059 trarium
406 3983 698 4079 praemissorum
719 3984 919 4071 concessis,
942 3985 1181 4068 confirmatis,
1196 3999 1236 4057 et
1249 3983 1450 4068 innovatis;
1466 3982 1601 4079 quibus
1615 3979 1732 4053 omni-

232 4110 304 4183 bus
332 4124 371 4182 et
398 4106 567 4205 singulis,
596 4109 742 4182 etiamsi
776 4133 847 4204 pro
882 4109 1026 4184 illorum
1056 4107 1251 4182 sufficienti
1285 4107 1544 4206 derogatione,
1574 4105 1623 4178 de
1651 4103 1729 4186 illis,

232 4255 441 4328 eorumque
469 4233 558 4306 totis
587 4235 779 4307 tenoribus
808 4232 991 4330 specialis,
1026 4231 1209 4330 specifica,
1243 4255 1436 4328 expressa,
1465 4245 1506 4303 et
1532 4228 1729 4312 individua,
1833 4307 1834 4310 Ἴ

234 4381 278 4430 ac
314 4355 363 4428 de
397 4359 515 4431 verbo
541 4355 591 4430 ad
627 4359 783 4433 verbum
822 4382 895 4432 non
932 4374 1060 4432 autem
1090 4381 1159 4454 per
1195 4355 1382 4431 clausulas
1408 4354 1607 4453 generales
1636 4354 1731 4428 idem

234 4485 490 4580 importantes,
523 4481 662 4556 mentio
700 4507 766 4556 seu
794 4485 951 4580 quaevis
979 4482 1052 4556 alia
1078 4483 1274 4579 expressio
1301 4482 1486 4569 habenda,
1514 4495 1581 4554 aut
1607 4478 1731 4577 aliqua

231 4609 303 4682 alia
330 4607 517 4704 exquisita
544 4607 663 4681 forma
689 4607 739 4682 ad
766 4608 838 4682 hoc
867 4609 1052 4682 servanda
1081 4609 1188 4693 foret,
1210 4623 1363 4682 tenores
1391 4604 1614 4690 huiusmodi,
1636 4630 1679 4678 ac
1703 4607 1733 4678 si

232 4733 280 4808 de
307 4733 425 4807 verbo
453 4731 501 4806 ad
538 4734 705 4819 verbum,
737 4732 823 4807 nihil
852 4733 1002 4830 penitus
1039 4733 1191 4821 omisso,
1220 4749 1261 4808 et
1288 4733 1406 4806 forma
1433 4733 1471 4805 in
1499 4731 1568 4804 illis
1596 4730 1734 4805 tradita

145 4915 148 4922 -
231 4860 444 4942 observata,
460 4857 588 4931 inserti
603 4856 735 4944 forent,
753 4857 1015 4954 praesentibus
1034 4883 1104 4954 pro
1119 4856 1228 4954 plene
1242 4874 1282 4932 et
1300 4857 1525 4932 sufficienter
1543 4857 1734 4952 expressis

233 4985 426 5068 babentes,
466 4982 535 5056 illis
571 4983 663 5056 alias
698 4983 732 5056 in
771 5007 841 5057 suo
879 4985 1014 5058 robore
1052 4983 1317 5080 permansuris,
1355 4983 1405 5057 ad
1438 4981 1731 5079 praemissorum

234 5106 411 5194 omnium,
441 5123 480 5181 et
516 5105 748 5205 singulorum
785 5107 969 5193 eflectum,
999 5107 1068 5182 hac
1100 5108 1181 5180 vice
1216 5107 1411 5180 dumtaxat
1446 5105 1659 5202 specialiter
1694 5119 1733 5178 et
1832 5149 1833 5198 i

233 5257 426 5329 expresse,
447 5256 491 5305 ac
508 5230 689 5305 latissime
709 5246 748 5305 et
766 5229 992 5328 plenissime,
1013 5231 1145 5304 harum
1174 5231 1271 5305 serie
1298 5229 1540 5329 derogamus,
1559 5245 1600 5302 et
1625 5228 1732 5304 dero·
1832 5207 1833 5300 i

233 5373 365 5454 gatum
392 5381 478 5430 esse
505 5353 688 5444 volumus,
720 5355 955 5453 caeterisque
983 5356 1178 5430 contrariis
1206 5356 1516 5453 quibuscumque.
