3748 5914
250 325 307 386 250
882 323 1020 384 Soeculo
1038 323 1071 384 X
1079 323 1126 384 VI

251 518 377 594 omnia
403 532 444 592 et
471 518 617 616 singula
647 517 797 593 minime
829 520 1101 614 comprehensa
1138 543 1235 606 esse,
1266 543 1335 594 nec
1363 521 1434 595 sub
1471 521 1650 596 similibus
1684 539 1751 595 aut

251 643 364 718 etiam
401 642 614 717 fortioribus
651 643 964 731 revocationibus,
1007 642 1355 731 modificationibus,
1399 646 1677 721 reductionibus
1714 663 1754 720 et

250 766 530 843 limitationibus
558 767 729 842 similium
756 767 974 842 facultatum
1002 769 1116 843 etiam
1136 769 1279 844 iteratis
1298 769 1438 844 vicibus
1457 772 1754 868 quomodolibet,

251 919 300 968 ex
333 893 527 989 quibusvis
563 893 698 980 causis,
727 870 915 982 iaciendis,
947 881 1096 968 minime
1129 895 1397 991 comprehendi
1424 896 1575 981 debere,
1614 896 1683 972 sed
1720 899 1756 970 in

253 1020 331 1094 suis
358 1020 533 1094 firmitate
560 1033 600 1093 et
627 1019 762 1093 robore
790 1042 1012 1114 permanere
1040 1020 1089 1092 ad
1115 1019 1187 1094 hoc
1206 1035 1247 1092 ut
1265 1019 1336 1116 ipsi
1356 1019 1564 1096 Auditores
1582 1037 1621 1095 et
1640 1021 1755 1096 Loca-

251 1159 424 1219 tenentes
450 1161 491 1218 et
517 1168 648 1218 eorum
677 1142 833 1239 quilibet
859 1140 988 1246 (etiam
1018 1145 1048 1218 si
1076 1144 1282 1218 Auditores
1310 1160 1349 1217 et
1368 1145 1643 1220 Locatenentes
1670 1171 1758 1220 esse

252 1267 447 1373 desierint)
475 1283 518 1342 ut
544 1267 732 1365 prefertur
757 1267 889 1368 vigore
915 1269 1147 1364 presentium
1174 1267 1223 1344 de
1257 1269 1430 1344 omnibus
1466 1271 1575 1345 bonis
1612 1270 1759 1345 mobili-

251 1397 323 1468 bus
350 1411 390 1468 et
417 1392 666 1468 immobilibus
695 1392 870 1490 predictis
897 1408 938 1467 et
964 1395 1000 1466 in
1028 1393 1185 1491 singulis
1212 1392 1344 1469 litteris
1372 1393 1549 1490 predictis
1586 1419 1760 1494 compre·

251 1519 391 1606 hensis,
419 1519 523 1592 iuxta
550 1542 679 1592 earum
707 1532 747 1591 et
772 1517 1002 1615 presentium
1039 1515 1245 1592 litterarum
1282 1518 1546 1593 continentiam
1574 1533 1615 1592 et
1649 1536 1760 1594 teno-

252 1668 343 1730 rem,
374 1644 576 1740 disponere
604 1657 643 1716 et
670 1640 883 1716 huiusmodi
900 1667 1031 1716 eorum
1051 1642 1317 1738 dispositiones
1343 1641 1445 1718 iuxta
1472 1657 1643 1718 tenorem
1671 1670 1760 1742 pre·

252 1769 415 1842 sentium
442 1766 649 1842 litterarum
678 1791 788 1840 suum
816 1766 1024 1862 plenarium
1052 1783 1333 1862 consequantur
1359 1765 1553 1856 effectum
1582 1792 1651 1842 nec
1684 1795 1760 1843 non

252 1893 426 1968 omnibus
454 1891 523 1966 illis
550 1917 626 1990 que
653 1891 723 1989 ipsi
755 1892 1050 1988 predecessores
1082 1890 1117 1965 in
1146 1892 1304 1990 singulis
1331 1916 1461 1967 eorum
1501 1891 1634 1968 litteris
1672 1919 1762 1990 pre-

253 2019 361 2091 dictis
389 2017 589 2092 voluerunt
631 2041 704 2090 non
742 2017 916 2106 obstare;
959 2017 1170 2112 ceterisque
1212 2018 1406 2092 contrariis
1445 2019 1759 2116 quibuscumque.

254 2145 334 2216 Aut
361 2143 392 2215 si
420 2141 605 2238 aliquibus
633 2141 880 2215 communiter
908 2140 967 2215 vel
995 2141 1140 2214 divisim
1168 2142 1218 2216 ab
1242 2143 1376 2216 eadem
1395 2141 1445 2216 sit
1462 2143 1555 2216 sede
1573 2141 1761 2218 indultum

253 2266 356 2363 quod
383 2266 562 2350 interdici,
592 2265 772 2363 suspendi
800 2264 859 2339 vel
887 2265 1201 2340 excommunicari
1229 2287 1303 2339 non
1331 2267 1487 2361 possint,
1518 2291 1586 2363 per
1613 2265 1762 2340 litteras

253 2390 482 2488 apostolicas
511 2417 585 2465 uon
614 2390 793 2465 facientes
821 2390 970 2489 plenam
999 2407 1038 2464 et
1065 2415 1284 2488 expressam
1312 2414 1356 2466 ac
1382 2390 1431 2464 de
1458 2392 1575 2466 verbo
1601 2391 1651 2464 ad
1680 2417 1762 2467 ver·

254 2518 342 2592 bum
371 2517 420 2591 de
447 2517 592 2592 indulto
620 2515 832 2590 huiusmodi
860 2517 1099 2590 mentionem.

335 2641 436 2717 Nulli
462 2667 557 2741 ergo
584 2643 736 2716 omnino
764 2641 956 2715 bominum
985 2639 1094 2715 liceat
1121 2642 1217 2715 hanc
1245 2641 1422 2740 paginam
1450 2657 1581 2717 nostre
1607 2642 1762 2718 absolu-

252 2768 375 2854 tionis,
405 2768 643 2854 extensionis,
672 2765 968 2864 approbationis,
997 2765 1314 2852 confirmationis,
1331 2765 1589 2848 innovationis,
1620 2768 1763 2842 consti-

251 2892 416 2978 tutionis,
445 2891 709 2978 concessionis,
739 2891 879 2977 statuti,
918 2890 1069 2976 decreti,
1109 2889 1383 2978 declarationis,
1412 2892 1684 2965 commissionis
1722 2909 1762 2966 et

255 3015 421 3091 mandati
448 3016 659 3114 infringere,
690 3016 749 3089 vel
777 3017 821 3102 ei,
851 3039 945 3089 ausu
984 3017 1195 3102 temerario,
1225 3015 1420 3090 contraire.
1451 3015 1491 3090 Si
1517 3017 1603 3112 quis
1630 3032 1760 3091 autem

253 3141 325 3215 hoc
351 3155 578 3238 attemptare
606 3139 890 3237 presumpserit,
916 3139 1209 3238 indignationem
1227 3141 1495 3236 omnipotentis
1516 3140 1589 3214 Dei
1607 3165 1650 3214 ac
1669 3142 1762 3216 bea-

255 3282 378 3340 torum
407 3265 506 3341 Petri
533 3282 571 3340 et
600 3264 702 3338 Pauli
730 3263 1003 3360 Apostolorum
1031 3264 1111 3338 eius
1139 3289 1181 3338 se
1210 3265 1356 3338 noverit
1382 3265 1625 3341 incursurum.

339 3389 481 3464 Datum
511 3391 643 3472 Rome,
674 3388 777 3485 apud
805 3387 983 3463 Sanctum
1012 3387 1174 3476 Petrum,
1208 3390 1321 3463 Anno
1349 3389 1610 3465 incarnationis
1639 3392 1761 3466 domi·

256 3516 336 3590 nice
363 3513 561 3589 millesimo
589 3514 892 3612 quingentesimo
919 3514 1092 3609 septimo,
1121 3514 1283 3610 septimo
1310 3514 1382 3590 kal.
1410 3513 1495 3600 iulii,
1517 3513 1759 3590 Pontificatus

256 3640 374 3715 nostri
400 3664 501 3714 anno
529 3654 677 3736 quarto.

337 3763 477 3852 Gratis,
507 3763 555 3838 de
583 3764 762 3838 mandato
790 3762 869 3838 sni
897 3761 932 3838 d.
964 3788 998 3838 n.
1029 3787 1139 3858 pape.

1119 3921 1157 3996 ll.
1188 3921 1236 3996 de
1264 3925 1349 4018 (non
1376 3923 1539 4022 legitur).

472 4045 519 4122 N.
550 4047 750 4120 Andonart

472 4169 515 4247 C.
548 4171 724 4245 Barotine

471 4296 513 4374 F.
546 4296 729 4396 Scapputj

1204 4419 1246 4495 F.
1278 4419 1540 4496 Castilioneus.
