<?xml version="1.0" encoding="UTF-8"?>
<!DOCTYPE html PUBLIC "-//W3C//DTD XHTML 1.0 Transitional//EN"
    "http://www.w3.org/TR/xhtml1/DTD/xhtml1-transitional.dtd">
<html xmlns="http://www.w3.org/1999/xhtml" xml:lang="en" lang="en">
 <head>
  <title>
</title>
<meta http-equiv="Content-Type" content="text/html;charset=utf-8" />
  <meta name='ocr-system' content='tesseract 3.04.00' />
  <meta name='ocr-capabilities' content='ocr_page ocr_carea ocr_par ocr_line ocrx_word'/>
</head>
<body>
  <div class='ocr_page' id='page_1' title='image "./capellanipapaee00cercgoog_0289.png"; bbox 0 0 3748 5914; ppageno 0'>
   <div class='ocr_carea' id='block_1_1' title="bbox 788 323 1614 386">
    <p class='ocr_par' dir='ltr' id='par_1_1' title="bbox 788 323 1614 386">
     <span class='ocr_line' id='line_1_1' title="bbox 788 323 1614 386; baseline 0 -2"><span class='ocrx_word' id='word_1_1' title='bbox 788 325 878 386; x_wconf 69' lang='lat' dir='ltr'>lulio</span> <span class='ocrx_word' id='word_1_2' title='bbox 895 325 936 386; x_wconf 86' lang='grc' dir='ltr'>ΙΙ</span> <span class='ocrx_word' id='word_1_3' title='bbox 1558 323 1614 384; x_wconf 82' lang='grc'>245</span> 
     </span>
    </p>
   </div>
   <div class='ocr_carea' id='block_1_2' title="bbox 21 515 1614 741">
    <p class='ocr_par' dir='ltr' id='par_1_2' title="bbox 21 481 1614 741">
     <span class='ocr_line' id='line_1_2' title="bbox 106 515 1614 615; baseline 0.001 -24.893"><span class='ocrx_word' id='word_1_4' title='bbox 106 515 220 590; x_wconf 89' lang='lat' dir='ltr'>modo</span> <span class='ocrx_word' id='word_1_5' title='bbox 247 533 288 591; x_wconf 93' lang='lat' dir='ltr'>et</span> <span class='ocrx_word' id='word_1_6' title='bbox 316 515 435 592; x_wconf 89' lang='lat' dir='ltr'>forma</span> <span class='ocrx_word' id='word_1_7' title='bbox 464 519 500 593; x_wconf 95' lang='lat' dir='ltr'>in</span> <span class='ocrx_word' id='word_1_8' title='bbox 528 518 660 594; x_wconf 88' lang='lat' dir='ltr'>litteris</span> <span class='ocrx_word' id='word_1_9' title='bbox 688 517 867 615; x_wconf 87' lang='lat' dir='ltr'><strong>predictis</strong></span> <span class='ocrx_word' id='word_1_10' title='bbox 894 519 1093 607; x_wconf 90' lang='lat' dir='ltr'>contentis,</span> <span class='ocrx_word' id='word_1_11' title='bbox 1123 535 1163 594; x_wconf 91' lang='lat' dir='ltr'>et</span> <span class='ocrx_word' id='word_1_12' title='bbox 1189 519 1292 608; x_wconf 89' lang='lat' dir='ltr'>alias,</span> <span class='ocrx_word' id='word_1_13' title='bbox 1310 520 1346 592; x_wconf 92' lang='lat' dir='ltr'>in</span> <span class='ocrx_word' id='word_1_14' title='bbox 1373 520 1547 594; x_wconf 91' lang='lat' dir='ltr'>omnibus</span> <span class='ocrx_word' id='word_1_15' title='bbox 1574 535 1614 592; x_wconf 90' lang='lat' dir='ltr'>et</span> 
     </span>
     <span class='ocr_line' id='line_1_3' title="bbox 21 642 1614 741; baseline 0.003 -27"><span class='ocrx_word' id='word_1_16' title='bbox 21 659 22 670; x_wconf 59' lang='lat'>¹</span> <span class='ocrx_word' id='word_1_17' title='bbox 106 665 174 737; x_wconf 91' lang='lat' dir='ltr'>per</span> <span class='ocrx_word' id='word_1_18' title='bbox 201 642 328 716; x_wconf 91' lang='lat' dir='ltr'>omnia</span> <span class='ocrx_word' id='word_1_19' title='bbox 356 642 605 738; x_wconf 88' lang='lat' dir='ltr'>pariformiter</span> <span class='ocrx_word' id='word_1_20' title='bbox 631 657 671 717; x_wconf 91' lang='lat' dir='ltr'>et</span> <span class='ocrx_word' id='word_1_21' title='bbox 697 669 796 741; x_wconf 86' lang='lat' dir='ltr'>eque</span> <span class='ocrx_word' id='word_1_22' title='bbox 833 643 1084 741; x_wconf 87' lang='lat' dir='ltr'>principaliter</span> <span class='ocrx_word' id='word_1_23' title='bbox 1112 660 1151 719; x_wconf 90' lang='lat' dir='ltr'>et</span> <span class='ocrx_word' id='word_1_24' title='bbox 1184 645 1264 718; x_wconf 90' lang='lat' dir='ltr'>sine</span> <span class='ocrx_word' id='word_1_25' title='bbox 1300 643 1375 718; x_wconf 89' lang='lat' dir='ltr'>ulla</span> <span class='ocrx_word' id='word_1_26' title='bbox 1408 642 1614 718; x_wconf 80' lang='lat' dir='ltr'>differentia</span> 
     </span>
    </p>
   </div>
   <div class='ocr_carea' id='block_1_3' title="bbox 21 891 1626 5474">
    <p class='ocr_par' dir='ltr' id='par_1_3' title="bbox 107 891 1618 1986">
     <span class='ocr_line' id='line_1_4' title="bbox 108 891 1616 990; baseline 0.002 -27"><span class='ocrx_word' id='word_1_27' title='bbox 108 907 212 964; x_wconf 90' lang='lat' dir='ltr'>tores</span> <span class='ocrx_word' id='word_1_28' title='bbox 244 907 284 964; x_wconf 91' lang='lat' dir='ltr'>et</span> <span class='ocrx_word' id='word_1_29' title='bbox 320 891 597 967; x_wconf 88' lang='lat' dir='ltr'>Locatenentes</span> <span class='ocrx_word' id='word_1_30' title='bbox 625 919 709 968; x_wconf 93' lang='lat' dir='ltr'>cum</span> <span class='ocrx_word' id='word_1_31' title='bbox 743 893 835 988; x_wconf 91' lang='lat' dir='ltr'>ipsis</span> <span class='ocrx_word' id='word_1_32' title='bbox 869 893 1033 990; x_wconf 89' lang='lat' dir='ltr'>antiquis</span> <span class='ocrx_word' id='word_1_33' title='bbox 1070 894 1168 968; x_wconf 91' lang='lat' dir='ltr'>veris</span> <span class='ocrx_word' id='word_1_34' title='bbox 1204 892 1442 968; x_wconf 79' lang='lat' dir='ltr'>familiaribus</span> <span class='ocrx_word' id='word_1_35' title='bbox 1475 893 1616 967; x_wconf 89' lang='lat' dir='ltr'>nostris</span> 
     </span>
     <span class='ocr_line' id='line_1_5' title="bbox 107 1015 1617 1115; baseline 0.001 -28"><span class='ocrx_word' id='word_1_36' title='bbox 107 1015 294 1088; x_wconf 87' lang='lat' dir='ltr'>continuis</span> <span class='ocrx_word' id='word_1_37' title='bbox 322 1015 635 1092; x_wconf 87' lang='lat' dir='ltr'>commensalibus</span> <span class='ocrx_word' id='word_1_38' title='bbox 663 1017 861 1115; x_wconf 87' lang='lat' dir='ltr'>descriptis</span> <span class='ocrx_word' id='word_1_39' title='bbox 889 1034 929 1092; x_wconf 90' lang='lat' dir='ltr'>et</span> <span class='ocrx_word' id='word_1_40' title='bbox 955 1017 1155 1094; x_wconf 89' lang='lat' dir='ltr'>nominatis</span> <span class='ocrx_word' id='word_1_41' title='bbox 1183 1043 1250 1092; x_wconf 91' lang='lat' dir='ltr'>seu</span> <span class='ocrx_word' id='word_1_42' title='bbox 1283 1017 1539 1092; x_wconf 89' lang='lat' dir='ltr'>describendis</span> <span class='ocrx_word' id='word_1_43' title='bbox 1576 1033 1617 1090; x_wconf 89' lang='lat' dir='ltr'>et</span> 
     </span>
     <span class='ocr_line' id='line_1_6' title="bbox 110 1142 1616 1242; baseline 0.003 -30"><span class='ocrx_word' id='word_1_44' title='bbox 110 1142 348 1216; x_wconf 91' lang='lat' dir='ltr'>nominandis</span> <span class='ocrx_word' id='word_1_45' title='bbox 376 1158 415 1218; x_wconf 94' lang='lat' dir='ltr'>et</span> <span class='ocrx_word' id='word_1_46' title='bbox 442 1143 538 1217; x_wconf 88' lang='lat' dir='ltr'>inter</span> <span class='ocrx_word' id='word_1_47' title='bbox 578 1143 734 1218; x_wconf 90' lang='lat' dir='ltr'>eosdem</span> <span class='ocrx_word' id='word_1_48' title='bbox 777 1144 988 1241; x_wconf 88' lang='lat' dir='ltr'>descriptos</span> <span class='ocrx_word' id='word_1_49' title='bbox 1025 1161 1064 1218; x_wconf 89' lang='lat' dir='ltr'>et</span> <span class='ocrx_word' id='word_1_50' title='bbox 1098 1145 1368 1220; x_wconf 89' lang='lat' dir='ltr'>describendos</span> <span class='ocrx_word' id='word_1_51' title='bbox 1406 1161 1518 1242; x_wconf 90' lang='lat' dir='ltr'>prout</span> <span class='ocrx_word' id='word_1_52' title='bbox 1546 1169 1616 1217; x_wconf 90' lang='lat' dir='ltr'>nos</span> 
     </span>
     <span class='ocr_line' id='line_1_7' title="bbox 112 1265 1617 1366; baseline 0.003 -28"><span class='ocrx_word' id='word_1_53' title='bbox 112 1265 324 1364; x_wconf 85' lang='lat' dir='ltr'>Collegium</span> <span class='ocrx_word' id='word_1_54' title='bbox 352 1268 558 1343; x_wconf 89' lang='lat' dir='ltr'>Auditores</span> <span class='ocrx_word' id='word_1_55' title='bbox 586 1283 625 1342; x_wconf 91' lang='lat' dir='ltr'>et</span> <span class='ocrx_word' id='word_1_56' title='bbox 652 1267 928 1343; x_wconf 90' lang='lat' dir='ltr'>Locatenentes</span> <span class='ocrx_word' id='word_1_57' title='bbox 956 1270 1169 1344; x_wconf 87' lang='lat' dir='ltr'>huiusmodi</span> <span class='ocrx_word' id='word_1_58' title='bbox 1188 1285 1229 1344; x_wconf 92' lang='lat' dir='ltr'>et</span> <span class='ocrx_word' id='word_1_59' title='bbox 1254 1294 1386 1344; x_wconf 90' lang='lat' dir='ltr'>eorum</span> <span class='ocrx_word' id='word_1_60' title='bbox 1410 1269 1617 1366; x_wconf 86' lang='lat' dir='ltr'>quemlibet</span> 
     </span>
     <span class='ocr_line' id='line_1_8' title="bbox 111 1391 1614 1491; baseline 0.001 -27"><span class='ocrx_word' id='word_1_61' title='bbox 111 1391 258 1464; x_wconf 90' lang='lat' dir='ltr'>etiamsi</span> <span class='ocrx_word' id='word_1_62' title='bbox 285 1391 491 1468; x_wconf 88' lang='lat' dir='ltr'>Auditores</span> <span class='ocrx_word' id='word_1_63' title='bbox 518 1409 558 1468; x_wconf 88' lang='lat' dir='ltr'>et</span> <span class='ocrx_word' id='word_1_64' title='bbox 577 1394 855 1468; x_wconf 88' lang='lat' dir='ltr'>Locatenentes</span> <span class='ocrx_word' id='word_1_65' title='bbox 875 1411 1032 1491; x_wconf 91' lang='lat' dir='ltr'>propter</span> <span class='ocrx_word' id='word_1_66' title='bbox 1049 1396 1347 1490; x_wconf 87' lang='lat' dir='ltr'>assumptionem</span> <span class='ocrx_word' id='word_1_67' title='bbox 1366 1392 1415 1468; x_wconf 92' lang='lat' dir='ltr'>ad</span> <span class='ocrx_word' id='word_1_68' title='bbox 1435 1395 1614 1468; x_wconf 89' lang='lat' dir='ltr'>maiorem</span> 
     </span>
     <span class='ocr_line' id='line_1_9' title="bbox 111 1516 1617 1613; baseline 0.002 -26"><span class='ocrx_word' id='word_1_69' title='bbox 111 1516 273 1613; x_wconf 90' lang='lat' dir='ltr'>gradum</span> <span class='ocrx_word' id='word_1_70' title='bbox 301 1517 507 1592; x_wconf 87' lang='lat' dir='ltr'>Auditores</span> <span class='ocrx_word' id='word_1_71' title='bbox 526 1532 566 1592; x_wconf 91' lang='lat' dir='ltr'>et</span> <span class='ocrx_word' id='word_1_72' title='bbox 584 1516 859 1592; x_wconf 90' lang='lat' dir='ltr'>Locatenentes</span> <span class='ocrx_word' id='word_1_73' title='bbox 877 1542 964 1592; x_wconf 88' lang='lat' dir='ltr'>esse</span> <span class='ocrx_word' id='word_1_74' title='bbox 983 1517 1164 1592; x_wconf 86' lang='lat' dir='ltr'>desierint</span> <span class='ocrx_word' id='word_1_75' title='bbox 1185 1533 1252 1593; x_wconf 91' lang='lat' dir='ltr'>aut</span> <span class='ocrx_word' id='word_1_76' title='bbox 1270 1542 1294 1591; x_wconf 91' lang='lat' dir='ltr'>a</span> <span class='ocrx_word' id='word_1_77' title='bbox 1312 1519 1483 1592; x_wconf 90' lang='lat' dir='ltr'>Romana</span> <span class='ocrx_word' id='word_1_78' title='bbox 1503 1517 1617 1591; x_wconf 90' lang='lat' dir='ltr'>Curia</span> 
     </span>
     <span class='ocr_line' id='line_1_10' title="bbox 111 1619 1616 1741; baseline 0.003 -29"><span class='ocrx_word' id='word_1_79' title='bbox 111 1665 158 1712; x_wconf 89' lang='lat' dir='ltr'>ex</span> <span class='ocrx_word' id='word_1_80' title='bbox 186 1639 353 1738; x_wconf 88' lang='lat' dir='ltr'>legitima</span> <span class='ocrx_word' id='word_1_81' title='bbox 380 1666 493 1717; x_wconf 89' lang='lat' dir='ltr'>causa</span> <span class='ocrx_word' id='word_1_82' title='bbox 516 1668 559 1717; x_wconf 90' lang='lat' dir='ltr'>se</span> <span class='ocrx_word' id='word_1_83' title='bbox 576 1643 866 1730; x_wconf 84' lang='lat' dir='ltr'>absentaverint,</span> <span class='ocrx_word' id='word_1_84' title='bbox 888 1619 1046 1718; x_wconf 61' lang='lat' dir='ltr'>attentis*</span> <span class='ocrx_word' id='word_1_85' title='bbox 1065 1668 1195 1719; x_wconf 88' lang='lat' dir='ltr'>eorum</span> <span class='ocrx_word' id='word_1_86' title='bbox 1214 1642 1404 1719; x_wconf 88' lang='lat' dir='ltr'>laboribus</span> <span class='ocrx_word' id='word_1_87' title='bbox 1424 1643 1616 1741; x_wconf 88' lang='lat' dir='ltr'>perpessis</span> 
     </span>
     <span class='ocr_line' id='line_1_11' title="bbox 111 1763 1616 1865; baseline 0.001 -26"><span class='ocrx_word' id='word_1_88' title='bbox 111 1780 201 1860; x_wconf 91' lang='lat' dir='ltr'>post</span> <span class='ocrx_word' id='word_1_89' title='bbox 237 1763 406 1839; x_wconf 90' lang='lat' dir='ltr'>ultimum</span> <span class='ocrx_word' id='word_1_90' title='bbox 440 1791 570 1841; x_wconf 91' lang='lat' dir='ltr'>verum</span> <span class='ocrx_word' id='word_1_91' title='bbox 612 1782 651 1840; x_wconf 89' lang='lat' dir='ltr'>et</span> <span class='ocrx_word' id='word_1_92' title='bbox 690 1768 885 1865; x_wconf 90' lang='lat' dir='ltr'>antiquum</span> <span class='ocrx_word' id='word_1_93' title='bbox 928 1765 1144 1842; x_wconf 85' lang='lat' dir='ltr'>familiarem</span> <span class='ocrx_word' id='word_1_94' title='bbox 1187 1783 1356 1842; x_wconf 85' lang='lat' dir='ltr'>nostrum</span> <span class='ocrx_word' id='word_1_95' title='bbox 1399 1769 1616 1842; x_wconf 92' lang='lat' dir='ltr'>continuum</span> 
     </span>
     <span class='ocr_line' id='line_1_12' title="bbox 111 1889 1618 1986; baseline 0.001 -24"><span class='ocrx_word' id='word_1_96' title='bbox 111 1889 402 1964; x_wconf 87' lang='lat' dir='ltr'>commensalem</span> <span class='ocrx_word' id='word_1_97' title='bbox 430 1890 518 1966; x_wconf 90' lang='lat' dir='ltr'>dum</span> <span class='ocrx_word' id='word_1_98' title='bbox 546 1893 583 1965; x_wconf 91' lang='lat' dir='ltr'>in</span> <span class='ocrx_word' id='word_1_99' title='bbox 611 1891 816 1967; x_wconf 90' lang='lat' dir='ltr'>minoribus</span> <span class='ocrx_word' id='word_1_100' title='bbox 844 1893 1036 1967; x_wconf 90' lang='lat' dir='ltr'>constituti</span> <span class='ocrx_word' id='word_1_101' title='bbox 1065 1891 1329 1986; x_wconf 86' lang='lat' dir='ltr'>Cardinalatus</span> <span class='ocrx_word' id='word_1_102' title='bbox 1357 1893 1500 1976; x_wconf 86' lang='lat' dir='ltr'>honore</span> <span class='ocrx_word' id='word_1_103' title='bbox 1535 1891 1618 1965; x_wconf 89' lang='lat' dir='ltr'>fun-</span> 
     </span>
    </p>

    <p class='ocr_par' dir='ltr' id='par_1_4' title="bbox 21 2014 1622 4360">
     <span class='ocr_line' id='line_1_13' title="bbox 21 2014 1618 2120; baseline 0.003 -34"><span class='ocrx_word' id='word_1_104' title='bbox 21 2111 22 2120; x_wconf 12' lang='lat'><em>*</em></span> <span class='ocrx_word' id='word_1_105' title='bbox 111 2014 296 2110; x_wconf 90' lang='lat' dir='ltr'>gebamur</span> <span class='ocrx_word' id='word_1_106' title='bbox 327 2014 585 2103; x_wconf 86' lang='lat' dir='ltr'>describimus,</span> <span class='ocrx_word' id='word_1_107' title='bbox 619 2041 663 2088; x_wconf 91' lang='lat' dir='ltr'>ac</span> <span class='ocrx_word' id='word_1_108' title='bbox 694 2015 908 2112; x_wconf 89' lang='lat' dir='ltr'>descriptos</span> <span class='ocrx_word' id='word_1_109' title='bbox 944 2030 984 2090; x_wconf 89' lang='lat' dir='ltr'>et</span> <span class='ocrx_word' id='word_1_110' title='bbox 1015 2016 1230 2090; x_wconf 88' lang='lat' dir='ltr'>nominatos</span> <span class='ocrx_word' id='word_1_111' title='bbox 1267 2015 1346 2090; x_wconf 89' lang='lat' dir='ltr'>fore</span> <span class='ocrx_word' id='word_1_112' title='bbox 1383 2016 1618 2090; x_wconf 87' lang='lat' dir='ltr'>decernimus</span> 
     </span>
     <span class='ocr_line' id='line_1_14' title="bbox 112 2138 1619 2238; baseline 0.001 -26"><span class='ocrx_word' id='word_1_113' title='bbox 112 2155 151 2212; x_wconf 87' lang='lat' dir='ltr'>et</span> <span class='ocrx_word' id='word_1_114' title='bbox 179 2138 425 2226; x_wconf 89' lang='lat' dir='ltr'>declaramus,</span> <span class='ocrx_word' id='word_1_115' title='bbox 443 2140 621 2238; x_wconf 88' lang='lat' dir='ltr'>descripti</span> <span class='ocrx_word' id='word_1_116' title='bbox 649 2154 688 2214; x_wconf 90' lang='lat' dir='ltr'>et</span> <span class='ocrx_word' id='word_1_117' title='bbox 715 2140 871 2236; x_wconf 86' lang='lat' dir='ltr'>quilibet</span> <span class='ocrx_word' id='word_1_118' title='bbox 907 2165 1037 2215; x_wconf 87' lang='lat' dir='ltr'>eorum</span> <span class='ocrx_word' id='word_1_119' title='bbox 1072 2140 1285 2238; x_wconf 86' lang='lat' dir='ltr'>descriptus</span> <span class='ocrx_word' id='word_1_120' title='bbox 1317 2140 1507 2226; x_wconf 85' lang='lat' dir='ltr'>existeret,</span> <span class='ocrx_word' id='word_1_121' title='bbox 1538 2142 1619 2215; x_wconf 90' lang='lat' dir='ltr'>sine</span> 
     </span>
     <span class='ocr_line' id='line_1_15' title="bbox 113 2264 1618 2363; baseline 0.001 -27"><span class='ocrx_word' id='word_1_122' title='bbox 113 2279 241 2336; x_wconf 90' lang='lat' dir='ltr'>tamen</span> <span class='ocrx_word' id='word_1_123' title='bbox 269 2266 488 2338; x_wconf 90' lang='lat' dir='ltr'>eorumdem</span> <span class='ocrx_word' id='word_1_124' title='bbox 512 2265 751 2362; x_wconf 90' lang='lat' dir='ltr'>antiquorum</span> <span class='ocrx_word' id='word_1_125' title='bbox 769 2281 809 2339; x_wconf 92' lang='lat' dir='ltr'>et</span> <span class='ocrx_word' id='word_1_126' title='bbox 831 2266 921 2338; x_wconf 91' lang='lat' dir='ltr'>dum</span> <span class='ocrx_word' id='word_1_127' title='bbox 942 2264 1209 2340; x_wconf 89' lang='lat' dir='ltr'>Cardinalatus</span> <span class='ocrx_word' id='word_1_128' title='bbox 1228 2265 1478 2363; x_wconf 86' lang='lat' dir='ltr'>fungebamur</span> <span class='ocrx_word' id='word_1_129' title='bbox 1496 2264 1618 2360; x_wconf 88' lang='lat' dir='ltr'>huius-</span> 
     </span>
     <span class='ocr_line' id='line_1_16' title="bbox 115 2387 1618 2464; baseline 0.004 -6"><span class='ocrx_word' id='word_1_130' title='bbox 115 2389 216 2462; x_wconf 90' lang='lat' dir='ltr'>modi</span> <span class='ocrx_word' id='word_1_131' title='bbox 263 2390 406 2463; x_wconf 89' lang='lat' dir='ltr'>honore</span> <span class='ocrx_word' id='word_1_132' title='bbox 456 2388 689 2464; x_wconf 88' lang='lat' dir='ltr'>familiarium</span> <span class='ocrx_word' id='word_1_133' title='bbox 735 2404 951 2464; x_wconf 89' lang='lat' dir='ltr'>nostrorum</span> <span class='ocrx_word' id='word_1_134' title='bbox 1004 2390 1265 2464; x_wconf 91' lang='lat' dir='ltr'>continuorum</span> <span class='ocrx_word' id='word_1_135' title='bbox 1312 2387 1618 2464; x_wconf 88' lang='lat' dir='ltr'>commensalium</span> 
     </span>
     <span class='ocr_line' id='line_1_17' title="bbox 115 2513 1620 2612; baseline 0 -27"><span class='ocrx_word' id='word_1_136' title='bbox 115 2513 389 2609; x_wconf 87' lang='lat' dir='ltr'>descriptorum</span> <span class='ocrx_word' id='word_1_137' title='bbox 412 2514 608 2588; x_wconf 88' lang='lat' dir='ltr'>dumtaxat</span> <span class='ocrx_word' id='word_1_138' title='bbox 635 2513 694 2588; x_wconf 89' lang='lat' dir='ltr'>vel</span> <span class='ocrx_word' id='word_1_139' title='bbox 722 2514 1054 2590; x_wconf 90' lang='lat' dir='ltr'>describendorum</span> <span class='ocrx_word' id='word_1_140' title='bbox 1085 2513 1117 2589; x_wconf 93' lang='lat' dir='ltr'>si</span> <span class='ocrx_word' id='word_1_141' title='bbox 1145 2513 1267 2588; x_wconf 88' lang='lat' dir='ltr'>littere</span> <span class='ocrx_word' id='word_1_142' title='bbox 1286 2515 1455 2612; x_wconf 91' lang='lat' dir='ltr'>ipsorum</span> <span class='ocrx_word' id='word_1_143' title='bbox 1479 2514 1620 2586; x_wconf 89' lang='lat' dir='ltr'>descri-</span> 
     </span>
     <span class='ocr_line' id='line_1_18' title="bbox 115 2637 1618 2736; baseline 0 -26"><span class='ocrx_word' id='word_1_144' title='bbox 115 2653 267 2734; x_wconf 92' lang='lat' dir='ltr'>ptorum</span> <span class='ocrx_word' id='word_1_145' title='bbox 299 2653 338 2712; x_wconf 95' lang='lat' dir='ltr'>et</span> <span class='ocrx_word' id='word_1_146' title='bbox 365 2639 604 2736; x_wconf 88' lang='lat' dir='ltr'>antiquorum</span> <span class='ocrx_word' id='word_1_147' title='bbox 636 2638 868 2713; x_wconf 88' lang='lat' dir='ltr'>familiarium</span> <span class='ocrx_word' id='word_1_148' title='bbox 902 2637 1066 2713; x_wconf 92' lang='lat' dir='ltr'>nondum</span> <span class='ocrx_word' id='word_1_149' title='bbox 1103 2637 1272 2714; x_wconf 90' lang='lat' dir='ltr'>confecte</span> <span class='ocrx_word' id='word_1_150' title='bbox 1304 2639 1468 2712; x_wconf 86' lang='lat' dir='ltr'>existant</span> <span class='ocrx_word' id='word_1_151' title='bbox 1495 2639 1618 2735; x_wconf 90' lang='lat' dir='ltr'>prein-</span> 
     </span>
     <span class='ocr_line' id='line_1_19' title="bbox 115 2762 1619 2862; baseline 0.001 -28"><span class='ocrx_word' id='word_1_152' title='bbox 115 2763 221 2848; x_wconf 90' lang='lat' dir='ltr'>dicio,</span> <span class='ocrx_word' id='word_1_153' title='bbox 243 2762 309 2850; x_wconf 94' lang='lat' dir='ltr'>uti,</span> <span class='ocrx_word' id='word_1_154' title='bbox 338 2765 462 2860; x_wconf 92' lang='lat' dir='ltr'>potiri,</span> <span class='ocrx_word' id='word_1_155' title='bbox 491 2780 531 2837; x_wconf 92' lang='lat' dir='ltr'>et</span> <span class='ocrx_word' id='word_1_156' title='bbox 557 2764 726 2862; x_wconf 90' lang='lat' dir='ltr'>gaudere</span> <span class='ocrx_word' id='word_1_157' title='bbox 754 2765 903 2860; x_wconf 91' lang='lat' dir='ltr'>possint</span> <span class='ocrx_word' id='word_1_158' title='bbox 922 2778 962 2838; x_wconf 89' lang='lat' dir='ltr'>et</span> <span class='ocrx_word' id='word_1_159' title='bbox 994 2763 1158 2839; x_wconf 90' lang='lat' dir='ltr'>debeant</span> <span class='ocrx_word' id='word_1_160' title='bbox 1190 2789 1234 2837; x_wconf 93' lang='lat' dir='ltr'>ac</span> <span class='ocrx_word' id='word_1_161' title='bbox 1266 2764 1438 2838; x_wconf 90' lang='lat' dir='ltr'>omnibus</span> <span class='ocrx_word' id='word_1_162' title='bbox 1470 2778 1511 2837; x_wconf 89' lang='lat' dir='ltr'>et</span> <span class='ocrx_word' id='word_1_163' title='bbox 1543 2762 1619 2836; x_wconf 93' lang='lat' dir='ltr'>sin·</span> 
     </span>
     <span class='ocr_line' id='line_1_20' title="bbox 114 2885 1619 2986; baseline 0 -26"><span class='ocrx_word' id='word_1_164' title='bbox 114 2887 214 2984; x_wconf 89' lang='lat' dir='ltr'>gulis</span> <span class='ocrx_word' id='word_1_165' title='bbox 232 2887 313 2962; x_wconf 89' lang='lat' dir='ltr'>aliis</span> <span class='ocrx_word' id='word_1_166' title='bbox 333 2889 599 2983; x_wconf 90' lang='lat' dir='ltr'>cuiuscumque</span> <span class='ocrx_word' id='word_1_167' title='bbox 617 2887 810 2986; x_wconf 82' lang='lat' dir='ltr'>dignitatis</span> <span class='ocrx_word' id='word_1_168' title='bbox 829 2903 869 2961; x_wconf 92' lang='lat' dir='ltr'>et</span> <span class='ocrx_word' id='word_1_169' title='bbox 895 2887 1116 2962; x_wconf 90' lang='lat' dir='ltr'>excellentie</span> <span class='ocrx_word' id='word_1_170' title='bbox 1135 2903 1259 2962; x_wconf 90' lang='lat' dir='ltr'>status</span> <span class='ocrx_word' id='word_1_171' title='bbox 1287 2885 1428 2986; x_wconf 87' lang='lat' dir='ltr'>gradus</span> <span class='ocrx_word' id='word_1_172' title='bbox 1446 2886 1515 2962; x_wconf 42' lang='lat' dir='ltr'>&#39;vel</span> <span class='ocrx_word' id='word_1_173' title='bbox 1534 2909 1619 2960; x_wconf 89' lang='lat' dir='ltr'>con·</span> 
     </span>
     <span class='ocr_line' id='line_1_21' title="bbox 115 3010 1619 3110; baseline -0.001 -26"><span class='ocrx_word' id='word_1_174' title='bbox 115 3011 276 3097; x_wconf 90' lang='lat' dir='ltr'>ditionis,</span> <span class='ocrx_word' id='word_1_175' title='bbox 315 3014 488 3110; x_wconf 89' lang='lat' dir='ltr'>personis</span> <span class='ocrx_word' id='word_1_176' title='bbox 524 3011 780 3087; x_wconf 91' lang='lat' dir='ltr'>Cardinalium</span> <span class='ocrx_word' id='word_1_177' title='bbox 816 3028 857 3086; x_wconf 86' lang='lat' dir='ltr'>et</span> <span class='ocrx_word' id='word_1_178' title='bbox 898 3013 1065 3109; x_wconf 90' lang='lat' dir='ltr'>ipsorum</span> <span class='ocrx_word' id='word_1_179' title='bbox 1106 3013 1347 3110; x_wconf 90' lang='lat' dir='ltr'>antiquorum</span> <span class='ocrx_word' id='word_1_180' title='bbox 1387 3010 1619 3085; x_wconf 87' lang='lat' dir='ltr'>familiarium</span> 
     </span>
     <span class='ocr_line' id='line_1_22' title="bbox 115 3135 1620 3235; baseline -0.001 -25"><span class='ocrx_word' id='word_1_181' title='bbox 115 3153 332 3212; x_wconf 90' lang='lat' dir='ltr'>nostrorum</span> <span class='ocrx_word' id='word_1_182' title='bbox 343 3139 603 3212; x_wconf 90' lang='lat' dir='ltr'>continuorum</span> <span class='ocrx_word' id='word_1_183' title='bbox 618 3137 924 3212; x_wconf 84' lang='lat' dir='ltr'>commensalium</span> <span class='ocrx_word' id='word_1_184' title='bbox 939 3153 1112 3235; x_wconf 89' lang='lat' dir='ltr'>tempore</span> <span class='ocrx_word' id='word_1_185' title='bbox 1128 3136 1393 3211; x_wconf 89' lang='lat' dir='ltr'>Cardinalatus</span> <span class='ocrx_word' id='word_1_186' title='bbox 1408 3135 1620 3210; x_wconf 90' lang='lat' dir='ltr'>huiusmodi</span> 
     </span>
     <span class='ocr_line' id='line_1_23' title="bbox 116 3261 1622 3360; baseline 0 -26"><span class='ocrx_word' id='word_1_187' title='bbox 116 3263 315 3336; x_wconf 87' lang='lat' dir='ltr'>dumtaxat</span> <span class='ocrx_word' id='word_1_188' title='bbox 350 3263 529 3360; x_wconf 89' lang='lat' dir='ltr'>exceptis,</span> <span class='ocrx_word' id='word_1_189' title='bbox 567 3265 804 3360; x_wconf 88' lang='lat' dir='ltr'>preferantur</span> <span class='ocrx_word' id='word_1_190' title='bbox 837 3277 952 3360; x_wconf 91' lang='lat' dir='ltr'>prout</span> <span class='ocrx_word' id='word_1_191' title='bbox 987 3262 1143 3359; x_wconf 89' lang='lat' dir='ltr'>preferri</span> <span class='ocrx_word' id='word_1_192' title='bbox 1171 3262 1357 3337; x_wconf 89' lang='lat' dir='ltr'>volumus.</span> <span class='ocrx_word' id='word_1_193' title='bbox 1387 3261 1524 3358; x_wconf 91' lang='lat' dir='ltr'>Sicque</span> <span class='ocrx_word' id='word_1_194' title='bbox 1553 3285 1622 3357; x_wconf 90' lang='lat' dir='ltr'>per</span> 
     </span>
     <span class='ocr_line' id='line_1_24' title="bbox 115 3383 1620 3483; baseline -0.002 -22"><span class='ocrx_word' id='word_1_195' title='bbox 115 3411 379 3483; x_wconf 91' lang='lat' dir='ltr'>quoscumque</span> <span class='ocrx_word' id='word_1_196' title='bbox 415 3386 559 3460; x_wconf 91' lang='lat' dir='ltr'>ludices</span> <span class='ocrx_word' id='word_1_197' title='bbox 595 3387 708 3460; x_wconf 90' lang='lat' dir='ltr'>etiam</span> <span class='ocrx_word' id='word_1_198' title='bbox 742 3403 871 3460; x_wconf 91' lang='lat' dir='ltr'>sancte</span> <span class='ocrx_word' id='word_1_199' title='bbox 904 3387 1012 3462; x_wconf 93' lang='lat' dir='ltr'>Rom.</span> <span class='ocrx_word' id='word_1_200' title='bbox 1044 3386 1202 3461; x_wconf 89' lang='lat' dir='ltr'>ecclesie</span> <span class='ocrx_word' id='word_1_201' title='bbox 1237 3383 1459 3460; x_wconf 88' lang='lat' dir='ltr'>Cardinales</span> <span class='ocrx_word' id='word_1_202' title='bbox 1486 3385 1620 3458; x_wconf 91' lang='lat' dir='ltr'>tamin</span> 
     </span>
     <span class='ocr_line' id='line_1_25' title="bbox 117 3510 1619 3608; baseline -0.001 -24"><span class='ocrx_word' id='word_1_203' title='bbox 117 3513 292 3584; x_wconf 88' lang='lat' dir='ltr'>Romana</span> <span class='ocrx_word' id='word_1_204' title='bbox 311 3510 434 3598; x_wconf 88' lang='lat' dir='ltr'>Curia,</span> <span class='ocrx_word' id='word_1_205' title='bbox 460 3535 574 3608; x_wconf 94' lang='lat' dir='ltr'>quam</span> <span class='ocrx_word' id='word_1_206' title='bbox 603 3527 709 3584; x_wconf 91' lang='lat' dir='ltr'>extra</span> <span class='ocrx_word' id='word_1_207' title='bbox 737 3535 833 3599; x_wconf 89' lang='lat' dir='ltr'>eam,</span> <span class='ocrx_word' id='word_1_208' title='bbox 863 3511 900 3584; x_wconf 92' lang='lat' dir='ltr'>in</span> <span class='ocrx_word' id='word_1_209' title='bbox 928 3534 1167 3608; x_wconf 89' lang='lat' dir='ltr'>quacumque</span> <span class='ocrx_word' id='word_1_210' title='bbox 1195 3533 1310 3584; x_wconf 91' lang='lat' dir='ltr'>causa</span> <span class='ocrx_word' id='word_1_211' title='bbox 1328 3534 1442 3606; x_wconf 89' lang='lat' dir='ltr'>quam</span> <span class='ocrx_word' id='word_1_212' title='bbox 1462 3526 1619 3606; x_wconf 90' lang='lat' dir='ltr'>quomo-</span> 
     </span>
     <span class='ocr_line' id='line_1_26' title="bbox 116 3634 1620 3734; baseline -0.001 -24"><span class='ocrx_word' id='word_1_213' title='bbox 116 3636 260 3711; x_wconf 89' lang='lat' dir='ltr'>dolibet</span> <span class='ocrx_word' id='word_1_214' title='bbox 278 3634 419 3710; x_wconf 90' lang='lat' dir='ltr'>moveri</span> <span class='ocrx_word' id='word_1_215' title='bbox 438 3637 642 3734; x_wconf 87' lang='lat' dir='ltr'>continget,</span> <span class='ocrx_word' id='word_1_216' title='bbox 664 3635 811 3711; x_wconf 89' lang='lat' dir='ltr'>sublata</span> <span class='ocrx_word' id='word_1_217' title='bbox 838 3636 894 3710; x_wconf 88' lang='lat' dir='ltr'>eis</span> <span class='ocrx_word' id='word_1_218' title='bbox 921 3650 1108 3710; x_wconf 90' lang='lat' dir='ltr'>eteorum</span> <span class='ocrx_word' id='word_1_219' title='bbox 1134 3635 1293 3723; x_wconf 89' lang='lat' dir='ltr'>cuilibet,</span> <span class='ocrx_word' id='word_1_220' title='bbox 1318 3634 1425 3709; x_wconf 89' lang='lat' dir='ltr'>aliter</span> <span class='ocrx_word' id='word_1_221' title='bbox 1443 3634 1620 3730; x_wconf 83' lang='lat' dir='ltr'>interpre</span> 
     </span>
     <span class='ocr_line' id='line_1_27' title="bbox 117 3757 1619 3852; baseline -0.001 -18"><span class='ocrx_word' id='word_1_222' title='bbox 117 3760 234 3846; x_wconf 90' lang='lat' dir='ltr'>tandi,</span> <span class='ocrx_word' id='word_1_223' title='bbox 267 3759 464 3849; x_wconf 90' lang='lat' dir='ltr'>iudicandi,</span> <span class='ocrx_word' id='word_1_224' title='bbox 501 3761 753 3834; x_wconf 89' lang='lat' dir='ltr'>sententiandi</span> <span class='ocrx_word' id='word_1_225' title='bbox 788 3776 828 3834; x_wconf 88' lang='lat' dir='ltr'>et</span> <span class='ocrx_word' id='word_1_226' title='bbox 863 3760 1065 3852; x_wconf 86' lang='lat' dir='ltr'>diffiniendi</span> <span class='ocrx_word' id='word_1_227' title='bbox 1103 3758 1277 3834; x_wconf 87' lang='lat' dir='ltr'>facultate</span> <span class='ocrx_word' id='word_1_228' title='bbox 1314 3776 1354 3834; x_wconf 92' lang='lat' dir='ltr'>et</span> <span class='ocrx_word' id='word_1_229' title='bbox 1384 3757 1619 3844; x_wconf 90' lang='lat' dir='ltr'>auctoritate,</span> 
     </span>
     <span class='ocr_line' id='line_1_28' title="bbox 116 3882 1621 3983; baseline -0.002 -24"><span class='ocrx_word' id='word_1_230' title='bbox 116 3885 364 3983; x_wconf 88' lang='lat' dir='ltr'>pronunciari,</span> <span class='ocrx_word' id='word_1_231' title='bbox 387 3885 605 3960; x_wconf 90' lang='lat' dir='ltr'>sententiari</span> <span class='ocrx_word' id='word_1_232' title='bbox 623 3899 663 3958; x_wconf 93' lang='lat' dir='ltr'>et</span> <span class='ocrx_word' id='word_1_233' title='bbox 690 3885 836 3960; x_wconf 87' lang='lat' dir='ltr'>diffiniri</span> <span class='ocrx_word' id='word_1_234' title='bbox 864 3885 1005 3959; x_wconf 90' lang='lat' dir='ltr'>debere</span> <span class='ocrx_word' id='word_1_235' title='bbox 1033 3909 1108 3958; x_wconf 92' lang='lat' dir='ltr'>non</span> <span class='ocrx_word' id='word_1_236' title='bbox 1136 3898 1337 3981; x_wconf 87' lang='lat' dir='ltr'>expectata</span> <span class='ocrx_word' id='word_1_237' title='bbox 1364 3882 1436 3958; x_wconf 90' lang='lat' dir='ltr'>alia</span> <span class='ocrx_word' id='word_1_238' title='bbox 1462 3909 1485 3957; x_wconf 90' lang='lat' dir='ltr'>a</span> <span class='ocrx_word' id='word_1_239' title='bbox 1514 3885 1621 3958; x_wconf 91' lang='lat' dir='ltr'>nobis</span> 
     </span>
     <span class='ocr_line' id='line_1_29' title="bbox 115 4008 1622 4095; baseline -0.001 -11"><span class='ocrx_word' id='word_1_240' title='bbox 115 4012 283 4086; x_wconf 90' lang='lat' dir='ltr'>iussione</span> <span class='ocrx_word' id='word_1_241' title='bbox 309 4011 544 4095; x_wconf 88' lang='lat' dir='ltr'>mandamus,</span> <span class='ocrx_word' id='word_1_242' title='bbox 564 4011 814 4085; x_wconf 88' lang='lat' dir='ltr'>decernentes</span> <span class='ocrx_word' id='word_1_243' title='bbox 842 4035 891 4084; x_wconf 89' lang='lat' dir='ltr'>ex</span> <span class='ocrx_word' id='word_1_244' title='bbox 917 4033 1015 4084; x_wconf 91' lang='lat' dir='ltr'>nunc</span> <span class='ocrx_word' id='word_1_245' title='bbox 1043 4009 1187 4083; x_wconf 90' lang='lat' dir='ltr'>irritum</span> <span class='ocrx_word' id='word_1_246' title='bbox 1223 4025 1263 4083; x_wconf 89' lang='lat' dir='ltr'>et</span> <span class='ocrx_word' id='word_1_247' title='bbox 1296 4009 1406 4084; x_wconf 90' lang='lat' dir='ltr'>inane</span> <span class='ocrx_word' id='word_1_248' title='bbox 1443 4008 1476 4082; x_wconf 92' lang='lat' dir='ltr'>si</span> <span class='ocrx_word' id='word_1_249' title='bbox 1512 4033 1622 4082; x_wconf 90' lang='lat' dir='ltr'>secus</span> 
     </span>
     <span class='ocr_line' id='line_1_30' title="bbox 116 4132 1620 4233; baseline -0.003 -23"><span class='ocrx_word' id='word_1_250' title='bbox 116 4160 235 4233; x_wconf 90' lang='lat' dir='ltr'>super</span> <span class='ocrx_word' id='word_1_251' title='bbox 269 4135 351 4222; x_wconf 91' lang='lat' dir='ltr'>hiis,</span> <span class='ocrx_word' id='word_1_252' title='bbox 379 4159 402 4208; x_wconf 95' lang='lat' dir='ltr'>a</span> <span class='ocrx_word' id='word_1_253' title='bbox 439 4136 807 4231; x_wconf 90' lang='lat' dir='ltr'>quoquam,.quavis</span> <span class='ocrx_word' id='word_1_254' title='bbox 842 4135 1078 4220; x_wconf 91' lang='lat' dir='ltr'>auctoritate,</span> <span class='ocrx_word' id='word_1_255' title='bbox 1111 4135 1274 4208; x_wconf 89' lang='lat' dir='ltr'>scienter</span> <span class='ocrx_word' id='word_1_256' title='bbox 1305 4133 1364 4208; x_wconf 91' lang='lat' dir='ltr'>vel</span> <span class='ocrx_word' id='word_1_257' title='bbox 1390 4132 1620 4232; x_wconf 89' lang='lat' dir='ltr'>ignoranter,</span> 
     </span>
     <span class='ocr_line' id='line_1_31' title="bbox 117 4259 575 4360; baseline -0.002 -24"><span class='ocrx_word' id='word_1_258' title='bbox 117 4261 320 4360; x_wconf 87' lang='lat' dir='ltr'>contigerit</span> <span class='ocrx_word' id='word_1_259' title='bbox 346 4259 575 4358; x_wconf 90' lang='lat' dir='ltr'>attemptari.</span> 
     </span>
    </p>

    <p class='ocr_par' dir='ltr' id='par_1_5' title="bbox 115 4383 1622 4732">
     <span class='ocr_line' id='line_1_32' title="bbox 200 4383 1622 4480; baseline -0.001 -21"><span class='ocrx_word' id='word_1_260' title='bbox 200 4385 288 4460; x_wconf 90' lang='lat' dir='ltr'>Non</span> <span class='ocrx_word' id='word_1_261' title='bbox 315 4384 551 4461; x_wconf 89' lang='lat' dir='ltr'>obstantibus</span> <span class='ocrx_word' id='word_1_262' title='bbox 571 4384 910 4460; x_wconf 88' lang='lat' dir='ltr'>Constitutionibus</span> <span class='ocrx_word' id='word_1_263' title='bbox 929 4400 968 4458; x_wconf 97' lang='lat' dir='ltr'>et</span> <span class='ocrx_word' id='word_1_264' title='bbox 985 4383 1280 4460; x_wconf 90' lang='lat' dir='ltr'>ordinationibus</span> <span class='ocrx_word' id='word_1_265' title='bbox 1303 4383 1532 4480; x_wconf 90' lang='lat' dir='ltr'>apostolicis,</span> <span class='ocrx_word' id='word_1_266' title='bbox 1554 4407 1622 4457; x_wconf 90' lang='lat' dir='ltr'>nec</span> 
     </span>
     <span class='ocr_line' id='line_1_33' title="bbox 115 4507 1622 4607; baseline -0.005 -20"><span class='ocrx_word' id='word_1_267' title='bbox 115 4536 194 4587; x_wconf 90' lang='lat' dir='ltr'>non</span> <span class='ocrx_word' id='word_1_268' title='bbox 222 4510 395 4586; x_wconf 91' lang='lat' dir='ltr'>omnibus</span> <span class='ocrx_word' id='word_1_269' title='bbox 422 4508 494 4584; x_wconf 89' lang='lat' dir='ltr'>illis</span> <span class='ocrx_word' id='word_1_270' title='bbox 521 4535 596 4607; x_wconf 90' lang='lat' dir='ltr'>que</span> <span class='ocrx_word' id='word_1_271' title='bbox 623 4510 791 4606; x_wconf 90' lang='lat' dir='ltr'>prefatus</span> <span class='ocrx_word' id='word_1_272' title='bbox 824 4509 1049 4596; x_wconf 87' lang='lat' dir='ltr'>Alexander,</span> <span class='ocrx_word' id='word_1_273' title='bbox 1079 4510 1337 4605; x_wconf 89' lang='lat' dir='ltr'>predecessor,</span> <span class='ocrx_word' id='word_1_274' title='bbox 1376 4508 1412 4582; x_wconf 94' lang='lat' dir='ltr'>in</span> <span class='ocrx_word' id='word_1_275' title='bbox 1449 4508 1527 4582; x_wconf 92' lang='lat' dir='ltr'>suis</span> <span class='ocrx_word' id='word_1_276' title='bbox 1562 4507 1622 4580; x_wconf 92' lang='lat' dir='ltr'>lit-</span> 
     </span>
     <span class='ocr_line' id='line_1_34' title="bbox 115 4634 1452 4732; baseline -0.002 -20"><span class='ocrx_word' id='word_1_277' title='bbox 115 4637 209 4712; x_wconf 89' lang='lat' dir='ltr'>teris</span> <span class='ocrx_word' id='word_1_278' title='bbox 237 4636 354 4712; x_wconf 90' lang='lat' dir='ltr'>voluit</span> <span class='ocrx_word' id='word_1_279' title='bbox 381 4660 455 4710; x_wconf 91' lang='lat' dir='ltr'>non</span> <span class='ocrx_word' id='word_1_280' title='bbox 482 4638 653 4711; x_wconf 89' lang='lat' dir='ltr'>obstare:</span> <span class='ocrx_word' id='word_1_281' title='bbox 681 4636 892 4732; x_wconf 89' lang='lat' dir='ltr'>ceterisque</span> <span class='ocrx_word' id='word_1_282' title='bbox 920 4634 1114 4708; x_wconf 89' lang='lat' dir='ltr'>contrariis</span> <span class='ocrx_word' id='word_1_283' title='bbox 1142 4635 1452 4730; x_wconf 89' lang='lat' dir='ltr'>quibuscumque.</span> 
     </span>
    </p>

    <p class='ocr_par' dir='ltr' id='par_1_6' title="bbox 113 4758 1626 5474">
     <span class='ocr_line' id='line_1_35' title="bbox 200 4758 1624 4860; baseline -0.004 -25"><span class='ocrx_word' id='word_1_284' title='bbox 200 4761 300 4836; x_wconf 92' lang='lat' dir='ltr'>Nulli</span> <span class='ocrx_word' id='word_1_285' title='bbox 328 4785 423 4860; x_wconf 91' lang='lat' dir='ltr'>ergo</span> <span class='ocrx_word' id='word_1_286' title='bbox 450 4763 601 4837; x_wconf 91' lang='lat' dir='ltr'>omnino</span> <span class='ocrx_word' id='word_1_287' title='bbox 629 4760 820 4836; x_wconf 91' lang='lat' dir='ltr'>hominum</span> <span class='ocrx_word' id='word_1_288' title='bbox 839 4759 950 4834; x_wconf 92' lang='lat' dir='ltr'>liceat</span> <span class='ocrx_word' id='word_1_289' title='bbox 976 4761 1071 4834; x_wconf 90' lang='lat' dir='ltr'>hanc</span> <span class='ocrx_word' id='word_1_290' title='bbox 1100 4760 1277 4858; x_wconf 86' lang='lat' dir='ltr'>paginam</span> <span class='ocrx_word' id='word_1_291' title='bbox 1305 4775 1435 4834; x_wconf 91' lang='lat' dir='ltr'>nostre</span> <span class='ocrx_word' id='word_1_292' title='bbox 1470 4758 1624 4831; x_wconf 90' lang='lat' dir='ltr'>innova-</span> 
     </span>
     <span class='ocr_line' id='line_1_36' title="bbox 113 4883 1623 4984; baseline -0.005 -22"><span class='ocrx_word' id='word_1_293' title='bbox 113 4888 240 4974; x_wconf 74' lang='lat' dir='ltr'>tioniS,</span> <span class='ocrx_word' id='word_1_294' title='bbox 261 4885 562 4974; x_wconf 86' lang='lat' dir='ltr'>confirmationis,</span> <span class='ocrx_word' id='word_1_295' title='bbox 581 4885 875 4984; x_wconf 88' lang='lat' dir='ltr'>approbationis,</span> <span class='ocrx_word' id='word_1_296' title='bbox 897 4883 1184 4972; x_wconf 88' lang='lat' dir='ltr'>constitutionis,</span> <span class='ocrx_word' id='word_1_297' title='bbox 1207 4885 1473 4972; x_wconf 88' lang='lat' dir='ltr'>concessionis,</span> <span class='ocrx_word' id='word_1_298' title='bbox 1489 4883 1623 4956; x_wconf 90' lang='lat' dir='ltr'>descri-</span> 
     </span>
     <span class='ocr_line' id='line_1_37' title="bbox 114 4995 1622 5111; baseline -0.005 -25"><span class='ocrx_word' id='word_1_299' title='bbox 114 5013 268 5111; x_wconf 90' lang='lat' dir='ltr'>ptionis,</span> <span class='ocrx_word' id='word_1_300' title='bbox 298 5011 569 5098; x_wconf 88' lang='lat' dir='ltr'>declarationis,</span> <span class='ocrx_word' id='word_1_301' title='bbox 600 4995 816 5099; x_wconf 90' lang='lat' dir='ltr'>voluntatis,</span> <span class='ocrx_word' id='word_1_302' title='bbox 838 5009 1004 5084; x_wconf 92' lang='lat' dir='ltr'>mandati</span> <span class='ocrx_word' id='word_1_303' title='bbox 1032 5007 1071 5082; x_wconf 80' lang='lat' dir='ltr'>‘et</span> <span class='ocrx_word' id='word_1_304' title='bbox 1098 5007 1251 5096; x_wconf 90' lang='lat' dir='ltr'>decreti,</span> <span class='ocrx_word' id='word_1_305' title='bbox 1273 5008 1473 5107; x_wconf 90' lang='lat' dir='ltr'>infringere</span> <span class='ocrx_word' id='word_1_306' title='bbox 1491 5007 1550 5082; x_wconf 91' lang='lat' dir='ltr'>vel</span> <span class='ocrx_word' id='word_1_307' title='bbox 1578 5007 1622 5094; x_wconf 90' lang='lat' dir='ltr'>ei,</span> 
     </span>
     <span class='ocr_line' id='line_1_38' title="bbox 113 5135 1624 5232; baseline -0.005 -19"><span class='ocrx_word' id='word_1_308' title='bbox 113 5163 213 5213; x_wconf 89' lang='lat' dir='ltr'>ausu</span> <span class='ocrx_word' id='word_1_309' title='bbox 242 5136 454 5226; x_wconf 90' lang='lat' dir='ltr'>temerario,</span> <span class='ocrx_word' id='word_1_310' title='bbox 481 5137 683 5210; x_wconf 90' lang='lat' dir='ltr'>contraire:</span> <span class='ocrx_word' id='word_1_311' title='bbox 714 5137 744 5210; x_wconf 91' lang='lat' dir='ltr'>si</span> <span class='ocrx_word' id='word_1_312' title='bbox 772 5135 858 5232; x_wconf 90' lang='lat' dir='ltr'>quis</span> <span class='ocrx_word' id='word_1_313' title='bbox 885 5151 1013 5209; x_wconf 91' lang='lat' dir='ltr'>autem</span> <span class='ocrx_word' id='word_1_314' title='bbox 1041 5135 1112 5209; x_wconf 92' lang='lat' dir='ltr'>hoc</span> <span class='ocrx_word' id='word_1_315' title='bbox 1139 5149 1367 5230; x_wconf 89' lang='lat' dir='ltr'>attemptare</span> <span class='ocrx_word' id='word_1_316' title='bbox 1386 5157 1624 5230; x_wconf 90' lang='lat' dir='ltr'>presumpse-</span> 
     </span>
     <span class='ocr_line' id='line_1_39' title="bbox 113 5256 1626 5360; baseline -0.004 -23"><span class='ocrx_word' id='word_1_317' title='bbox 113 5264 175 5350; x_wconf 90' lang='lat' dir='ltr'>rit,</span> <span class='ocrx_word' id='word_1_318' title='bbox 205 5261 500 5360; x_wconf 87' lang='lat' dir='ltr'>indignationem</span> <span class='ocrx_word' id='word_1_319' title='bbox 529 5260 794 5358; x_wconf 86' lang='lat' dir='ltr'>omnipotentis</span> <span class='ocrx_word' id='word_1_320' title='bbox 814 5260 898 5347; x_wconf 91' lang='lat' dir='ltr'>Dei,</span> <span class='ocrx_word' id='word_1_321' title='bbox 918 5285 962 5334; x_wconf 93' lang='lat' dir='ltr'>ac</span> <span class='ocrx_word' id='word_1_322' title='bbox 989 5261 1186 5334; x_wconf 90' lang='lat' dir='ltr'>beatorum</span> <span class='ocrx_word' id='word_1_323' title='bbox 1207 5257 1307 5332; x_wconf 90' lang='lat' dir='ltr'>Petri</span> <span class='ocrx_word' id='word_1_324' title='bbox 1324 5273 1363 5332; x_wconf 90' lang='lat' dir='ltr'>et</span> <span class='ocrx_word' id='word_1_325' title='bbox 1388 5256 1502 5344; x_wconf 88' lang='lat' dir='ltr'>Pauli,</span> <span class='ocrx_word' id='word_1_326' title='bbox 1522 5257 1626 5355; x_wconf 85' lang='lat' dir='ltr'>Apo·</span> 
     </span>
     <span class='ocr_line' id='line_1_40' title="bbox 113 5385 943 5474; baseline -0.006 -9"><span class='ocrx_word' id='word_1_327' title='bbox 113 5389 303 5465; x_wconf 86' lang='lat' dir='ltr'>stolorum</span> <span class='ocrx_word' id='word_1_328' title='bbox 331 5387 423 5474; x_wconf 90' lang='lat' dir='ltr'>eius,</span> <span class='ocrx_word' id='word_1_329' title='bbox 454 5411 496 5460; x_wconf 90' lang='lat' dir='ltr'>se</span> <span class='ocrx_word' id='word_1_330' title='bbox 523 5387 670 5460; x_wconf 89' lang='lat' dir='ltr'>noverit</span> <span class='ocrx_word' id='word_1_331' title='bbox 695 5385 943 5460; x_wconf 89' lang='lat' dir='ltr'>incursurum.</span> 
     </span>
    </p>
   </div>
   <div class='ocr_carea' id='block_1_4' title="bbox 0 0 1883 5914">
    <p class='ocr_par' dir='ltr' id='par_1_7' title="bbox 0 0 1883 5914">
     <span class='ocr_line' id='line_1_41' title="bbox 0 0 1883 5914; baseline 0 0"><span class='ocrx_word' id='word_1_332' title='bbox 0 0 1883 5914; x_wconf 95' lang='lat' dir='ltr'> </span> 
     </span>
    </p>
   </div>
  </div>
 </body>
</html>
