3720 5916
233 294 289 354 350
854 295 991 354 Saeculo
1009 294 1115 354 XVII

232 483 309 555 riae
337 501 489 573 postrae
518 483 567 556 de
595 508 669 556 non
698 483 864 559 tollendo
892 484 971 559 iure
999 486 1183 580 quaesito,
1212 485 1369 584 aliisque
1398 486 1555 585 regulis:
1591 489 1730 583 quibus

231 607 415 691 omnibus,
445 606 590 681 etiamsi
630 608 678 680 de
719 607 789 680 illis
817 632 1025 705 eorumque
1053 609 1142 682 totis
1169 611 1362 684 tenoribus
1391 611 1574 707 specialis,
1608 610 1731 706 speci-

232 729 299 804 fica
327 746 366 803 et
394 732 583 805 individua
612 733 752 805 mentio
789 732 962 806 habenda
999 749 1112 820 esset,
1151 733 1296 809 illorum
1335 751 1497 823 tenores,
1527 761 1572 810 ac
1614 737 1645 809 si
1682 737 1732 808 de

231 857 349 930 verbo
376 858 425 930 ad
453 859 610 931 verbum
639 858 893 932 insererentur
918 860 1192 954 praesentibus,
1222 885 1293 956 pro
1330 862 1519 959 expressis
1561 877 1601 935 et
1637 863 1731 959 regi-

232 979 607 1082 stratiphabentesf
630 979 699 1054 illis
727 979 818 1054 alias
847 981 882 1054 in
902 1008 972 1055 suo
991 983 1127 1056 robore
1145 985 1409 1078 permansuris,
1430 985 1500 1058 hac
1519 985 1600 1058 vice
1622 985 1733 1060 dum-

232 1120 336 1178 taxat
360 1091 574 1201 'specialiter
601 1121 641 1180 et
668 1131 847 1203 expresse
875 1105 1116 1204 derogamus,
1146 1106 1302 1203 illasque
1320 1126 1507 1207 quatenus
1535 1112 1733 1207 premissis

233 1231 395 1318 obstent,
427 1229 590 1306 tollimus
618 1248 657 1305 et
683 1231 878 1306 abolemus
907 1247 945 1305 et
972 1231 1240 1331 abrogamus.²
1270 1233 1456 1309 Volumus
1483 1237 1595 1309 etiam
1626 1238 1730 1332 quod

233 1355 443 1450 praesentis
471 1357 589 1429 nostri
616 1371 742 1431 motus
783 1355 924 1452 proprii
959 1357 1112 1430 cedulae
1147 1357 1229 1432 sola
1270 1360 1465 1456 signatura
1500 1359 1659 1435 sufficiat
1691 1380 1732 1435 et

233 1495 273 1554 et
298 1481 410 1554 etiam
438 1483 583 1576 absque
611 1483 700 1556 data
731 1496 771 1554 et
810 1483 1058 1580 registratura
1095 1484 1243 1579 ubique,
1283 1499 1360 1556 tam
1389 1485 1425 1557 in
1453 1485 1588 1560 iudicio
1616 1511 1732 1582 quam

233 1621 349 1688 extra,
381 1605 492 1678 fidem
520 1604 646 1680 saciat:
677 1607 776 1680 dicta
805 1605 1094 1695 Constitutione,
1126 1609 1396 1683 consuetudine
1415 1626 1455 1684 et
1472 1611 1552 1684 aliis
1580 1612 1733 1708 quibus·

233 1755 403 1825 cumque,
435 1732 471 1804 in
498 1733 725 1804 contrarium
754 1731 972 1805 facientibus
991 1755 1064 1807 non
1085 1731 1359 1818 obstantibus,³
1381 1761 1459 1822 seu,
1481 1736 1512 1808 si
1531 1736 1731 1823 videbitur,

233 1855 379 1927 litterae
407 1869 446 1926 et
473 1855 600 1951 plures
629 1853 736 1928 simul
758 1853 815 1928 vel
843 1855 891 1928 ad
920 1873 1067 1951 partem
1086 1855 1121 1928 in
1152 1882 1224 1931 una
1243 1881 1317 1931 non
1336 1859 1445 1946 lacta,
1467 1861 1498 1932 si
1530 1860 1730 1944 videbitur,

234 1981 423 2053 mentione
451 1981 499 2053 de
527 1979 609 2064 alia,
640 1978 700 2052 vel
727 1979 819 2066 aliis,
849 1980 1165 2078 quandocumque
1194 1984 1265 2058 sub
1291 1981 1446 2080 plumbo
1473 2001 1512 2058 et
1548 2010 1620 2081 per
1654 1987 1734 2059 offi-

234 2105 329 2177 cium
359 2105 540 2178 Praefecti
566 2104 846 2201 expeditionum
873 2105 1064 2180 literarum
1093 2107 1408 2203 Apostolicarum‚
1440 2109 1646 2184 officiorum
1683 2111 1735 2184 de

235 2255 334 2304 novo
353 2246 574 2315 erectorum,
596 2255 663 2304 seu
684 2256 751 2326 per
772 2231 891 2304 Breve
912 2250 1082 2305 nostrum
1102 2232 1269 2328 expediri
1286 2233 1467 2329 possint*
1483 2234 1734 2331 eiusdemque

235 2369 360 2427 motus
389 2354 529 2450 proprii
557 2380 624 2428 seu
652 2353 859 2428 litterarum
888 2356 1051 2450 desuper
1069 2357 1380 2431 conficiendarum
1407 2359 1589 2454 exemplis
1618 2362 1733 2433 etiarn

234 2478 427 2574 impressis
455 2495 493 2552 et
522 2503 632 2554 manu
662 2479 850 2554 secretarii
879 2479 966 2553 dicti
994 2481 1136 2554 Montis
1153 2497 1221 2554 aut
1246 2482 1400 2557 alterius
1421 2483 1566 2557 Notarii
1594 2485 1733 2580 publici

236 2603 454 2699 subscriptis
483 2618 523 2676 et
550 2605 672 2702 sigillo
701 2605 929 2680 Protectoris
956 2607 1126 2680 eiusdem
1155 2607 1375 2704 obsignatis,
1406 2608 1540 2682 eadem
1573 2634 1734 2704 prorsus

216 2727 329 2800 'fides
356 2727 392 2800 in
420 2726 567 2816 iudicio,
597 2727 654 2802 vel
683 2745 799 2816 extra,
831 2729 1057 2804 adhibeatur*
1074 2755 1171 2826 quae
1189 2730 1309 2804 eidem
1331 2731 1498 2806 Cedulae
1524 2757 1568 2806 ac
1596 2733 1732 2807 litteris

235 2851 485 2940 adhiberetur,
517 2853 547 2926 si
576 2855 865 2928 ostenderentur
892 2853 952 2928 vel
980 2855 1288 2950 producerentur.

1216 3051 1344 3126 Placet
1370 3053 1478 3126 Motu
1498 3055 1660 3152 proprio
1689 3053 1730 3129 C.

932 3350 1023 3430 209.

236 3507 446 3594 Aredr'lores,
477 3535 515 3582 os
541 3508 706 3582 clausum
733 3509 900 3585 habentes
926 3512 1058 3600 adhuc,
1079 3513 1237 3612 publicis
1263 3513 1399 3587 arabus
1426 3514 1614 3612 inquibus
1633 3517 1733 3590 Rota

316 3658 396 3706 cum
423 3634 535 3733 Papa
561 3635 827 3722 interveniebat,
856 3637 980 3710 adesse
1006 3663 1079 3710 non
1106 3649 1375 3714 coronaverunt.

316 3787 431 3860 (Atreu.
450 3789 536 3858 Ron,
556 3789 607 3848 Ex
624 3789 746 3848 Diarr'o
764 3789 963 3864 Pamphr'lir'
975 3798 1077 3865 penes
1096 3791 1260 3851 Diarium
1281 3793 1480 3869 otthoboni).

661 3989 832 4077 Veneris,
868 4013 911 4084 17
942 3994 1167 4089 septembris
1202 4000 1312 4069 1620.

319 4185 380 4256 55.
412 4163 634 4240 Dubitatum
660 4167 728 4241 suit
755 4169 791 4240 in
819 4170 888 4241 hac
918 4167 1236 4267 Congregatione,
1267 4195 1313 4244 an
1345 4171 1455 4244 Diius
1483 4172 1531 4245 de
1560 4171 1732 4258 Ubaldis,

236 4290 293 4361 cui
322 4313 395 4362 non
415 4289 535 4363 suerat
562 4309 734 4387 apertum
765 4318 820 4377 os,
850 4311 983 4390 posset
1011 4297 1191 4368 accedere
1227 4297 1276 4368 ad
1313 4294 1588 4371 Consistorium
1625 4299 1733 4370 serni·

236 4414 423 4508 publicum
452 4415 665 4489 habendum
694 4419 755 4491 die
782 4419 912 4492 Lunae
943 4443 991 4492 20
1020 4419 1187 4493 eiusdem
1223 4423 1364 4494 mensis
1401 4423 1627 4519 septembris
1662 4447 1734 4518 pro

319 4655 326 4686 ¹
347 4655 522 4730 Derogatio
540 4659 691 4718 omnibus
709 4659 743 4718 in
762 4661 962 4720 contrarium
980 4647 1171 4721 facientibus
1190 4664 1251 4722 hac
1269 4663 1340 4722 vice
1358 4663 1536 4737 dumtaxat,
1559 4663 1625 4722 illis
1651 4663 1734 4722 alias

236 4744 269 4802 in
288 4759 348 4803 suo
365 4745 480 4804 robore
499 4749 735 4820 permansuris

318 4833 329 4869 ²
347 4833 423 4893 Sola
436 4837 615 4908 praesentis
625 4845 731 4897 motus
744 4839 864 4913 proprii
877 4840 1047 4913 signatura
1059 4839 1201 4910 sufficiat,
1212 4842 1310 4900 etiam
1322 4842 1444 4916 absque
1457 4842 1530 4902 data
1540 4850 1571 4901 et
1581 4842 1736 4918 registra·

235 4930 308 4980 tura
325 4931 357 4980 et
375 4923 472 4982 fidem
491 4925 585 4984 saciat
603 4927 636 4985 in
656 4927 774 4987 iudicio
792 4935 823 4986 et
841 4937 943 4987 extra.

318 5011 329 5048 ³
348 5011 463 5071 Plures
480 5014 606 5073 litterae
624 5015 770 5090 expediri
789 5017 912 5090 possint
931 5018 964 5076 in
983 5034 1048 5077 una
1067 5033 1131 5077 non
1150 5019 1231 5078 lacta
1249 5021 1413 5079 mentione
1433 5021 1474 5078 de
1498 5021 1571 5094 alia,
1598 5020 1625 5079 si
1649 5019 1736 5080 vicie

236 5100 331 5172 bitur,
350 5103 410 5160 sub
429 5104 561 5176 plumbo
579 5120 637 5178 per
655 5103 795 5164 officium
814 5105 971 5183 Braelecti
990 5116 1022 5168 et
1041 5123 1099 5182 per
1118 5109 1232 5168 Breve.

317 5192 329 5226 ⁴
347 5192 453 5250 Motus
472 5192 593 5266 proprii
606 5201 638 5251 et
649 5195 787 5253 aliarum
800 5195 982 5254 litterarum
994 5197 1267 5256 conficiendarum
1280 5199 1437 5274 exemplis
1450 5199 1547 5257 etiam
1566 5199 1736 5272 impressis

235 5287 266 5337 et
284 5295 384 5340 manu
402 5282 569 5339 secretarii
588 5282 707 5341 Montis
725 5285 778 5340 vel
797 5286 930 5344 alterius
949 5284 1072 5345 Notarii
1092 5287 1210 5360 publici
1228 5287 1401 5362 subscripti
1420 5303 1451 5346 et
1464 5289 1559 5362 signo
1578 5288 1649 5346 eius
1661 5285 1734 5345 Pro

234 5370 362 5428 tectoris
380 5371 542 5444 obsignati
567 5370 647 5430 fides
670 5371 870 5448 adhibeatur,
890 5383 984 5448 prout
1008 5375 1111 5434 dictae
1135 5375 1285 5448 Cedulae,
1304 5393 1342 5435 ac
1366 5377 1482 5436 litteris
1505 5376 1732 5452 originalibus.
