3720 5916
728 333 921 394 Alexandro
941 333 1002 395 VII

819 666 909 745 300.

169 809 377 886 Decistbnes
403 817 439 884 et
463 809 664 908 Suffragia
691 811 920 884 Auditorum
946 810 1108 884 breviora
1131 811 1271 884 calama
1297 810 1556 886 extendantur.

193 965 309 1036 (Aaou.
329 965 416 1037 Ror,
440 963 630 1023 ‹Drarr'um
651 964 785 1037 Calah).

524 1161 597 1234 Die
627 1159 786 1234 Veneris
821 1185 867 1235 10
896 1160 1055 1235 Ianuarii
1088 1167 1199 1254 1659.

195 1376 403 1393 ......
436 1317 521 1393 Fuit
549 1318 698 1393 habitus
725 1319 862 1418 longus
881 1319 1073 1394 discursus
1093 1344 1208 1415 super
1227 1320 1341 1394 modo
1360 1319 1524 1392 tenendo
1544 1342 1613 1412 pro

117 1437 287 1515 tollendis
307 1441 490 1517 nonnullis
509 1443 735 1521 abusibus...
758 1445 808 1517 Et
826 1460 971 1518 tantum
992 1443 1205 1518 conclusum
1226 1443 1293 1516 luit
1311 1442 1415 1540 quod
1434 1444 1470 1516 in
1488 1457 1612 1539 poste-

115 1589 193 1638 rum
223 1565 446 1642 Decisiones
474 1583 513 1642 et
541 1566 727 1668 Suffragia
766 1568 1015 1643 Dominorum
1042 1566 1223 1644 deberent
1250 1567 1329 1641 fieri
1361 1593 1445 1642 cum
1484 1567 1611 1642 maiori

117 1690 311 1766 brevitate.

816 1939 906 2019 301.
1005 2029 1010 2040 ,

116 2082 336 2158 Alexander
381 2085 464 2160 VII
489 2085 651 2174 facultas
694 2085 826 2158 tan'buit
864 2085 982 2158 Ratae
1017 2085 1207 2172 Academi,
1251 2084 1441 2158 cuiusdam
1481 2109 1613 2157 causae

192 2209 359 2294 Pancnti,
397 2208 607 2284 absolvendi
639 2235 753 2284 unum
789 2237 837 2284 ax
877 2209 1107 2308 litigantibus
1146 2207 1192 2282 ab
1232 2209 1614 2282 excommnnicanbnrlr
1658 2197 1662 2204 ’

183 2346 306 2433 paena
333 2343 369 2406 et
391 2334 437 2407 ab
464 2336 636 2422 camaras,
667 2361 710 2410 ac
735 2358 818 2409 cnm
845 2361 884 2408 co
911 2333 1153 2433 despensandi
1180 2346 1294 2433 snper
1326 2335 1479 2406 incursa
1514 2333 1613 2407 irre-

189 2459 409 2556 gularz'tatc.

190 2597 309 2668 (Anca.
327 2597 414 2672 Rom,
426 2621 451 2648 ·‹
463 2597 548 2657 Iura
567 2597 703 2657 diversa
716 2623 741 2672 ι,
757 2599 841 2670 febr.
860 2599 959 2672 1661).

1223 2742 1301 2815 1661,
1321 2741 1399 2800 tebr.
1417 2741 1462 2816 25,
1481 2741 1613 2800 Romae.

690 2871 908 2946 Alexander
936 2872 1001 2968 Pp.
1032 2871 1110 2948 Vll.

190 3011 340 3088 Dilecte
367 3013 428 3100 fili,
451 3013 612 3089 salutem
639 3029 679 3088 et
705 3014 954 3112 apostolicam
972 3015 1284 3090 benedictionem.
1315 3013 1463 3110 Exponi
1493 3011 1614 3087 Nobis

113 3161 231 3232 nuper
257 3137 345 3212 fecit
372 3136 530 3213 dilectus
557 3138 653 3214 filius
695 3139 911 3214 Bernardus
938 3140 987 3214 de
1016 3141 1164 3214 Arenaz
1200 3139 1388 3237 presbiter
1415 3137 1613 3237 Calaguri·

112 3277 221 3335 tanae
251 3261 423 3336 Civitatis
450 3264 509 3337 vel
538 3264 734 3352 dioecesis,
764 3263 869 3361 quod
897 3264 933 3337 in
961 3263 1025 3338 lite
1052 3279 1092 3338 et
1119 3289 1233 3338 causa
1262 3262 1500 3358 interipsum
1521 3261 1613 3336 Ber·

113 3383 269 3461 nardum
297 3411 346 3460 ex
373 3413 446 3462 una
473 3406 512 3462 et
540 3387 716 3463 dilectum
744 3389 857 3463 etiam
885 3389 998 3463 filium
1028 3389 1267 3464 Franciscum
1285 3386 1435 3462 loannis
1453 3385 1613 3461 Echalar

111 3508 366 3618 adversarium
393 3537 441 3586 ex
468 3512 587 3588 altera
613 3513 783 3610 partibus
801 3538 928 3588 coram
947 3513 1148 3588 Ordinario
1169 3511 1438 3612 Calaguritano
1456 3511 1609 3610 agitata,

111 3650 150 3708 et
183 3660 283 3709 nunc
314 3637 350 3710 in
384 3661 491 3712 sacro
528 3639 652 3712 Rotae
685 3638 880 3713 Romanae
918 3637 1117 3714 Auditorio
1153 3662 1279 3713 coram
1307 3653 1345 3711 te
1374 3637 1410 3709 in
1447 3634 1613 3710 secunda

112 3758 289 3836 instantia
316 3764 506 3860 pendente
534 3762 699 3838 indecisa
734 3763 995 3860 praetenditur
1028 3789 1052 3838 a
1090 3761 1276 3838 nonnullis
1307 3762 1483 3836 eumdem
1521 3760 1613 3834 Ber-

112 3887 271 3960 nardum
300 3911 374 3961 non
402 3887 519 3962 semel
546 3889 615 3962 sed
643 3888 784 3986 pluries
812 3913 987 3963 recursus
1014 3889 1063 3962 ad
1091 3887 1237 3964 Iudices
1268 3886 1384 3962 laicos
1420 3885 1611 3960 habuisse.

112 4005 242 4101 Quare
279 4011 361 4108 ipse
399 4012 614 4086 Bernardus
651 4012 772 4089 Nobis
809 4012 996 4087 humiliter
1031 4014 1207 4110 suplicari
1244 4011 1339 4100 lecit,
1379 4027 1422 4085 ut
1459 4009 1528 4085 sibi
1564 4011 1612 4084 de

109 4151 348 4232 opportunae
366 4135 612 4212 absolutionis
630 4135 810 4212 beneficio
829 4137 1198 4234 dispensationisque
1216 4135 1472 4233 infrascriptae
1489 4134 1612 4234 gratia

110 4257 145 4330 in
174 4261 393 4356 praemissis
420 4261 620 4359 providere
647 4261 696 4336 de
723 4262 956 4361 benignitate
988 4260 1210 4358 Apostolica
1241 4262 1494 4360 dignaremur.
1530 4258 1611 4334 Nos

110 4383 225 4481 igitur
262 4385 402 4460 dictum
431 4387 663 4461 Bernardum
703 4387 926 4484 specialibus
964 4387 1154 4462 favoribus
1184 4402 1224 4460 et
1261 4385 1393 4484 gratiis
1431 4385 1612 4482 prosequi

109 4509 292 4595 volentes
309 4523 349 4584 et
375 4535 398 4584 a
426 4511 620 4608 quibusvis
650 4512 1056 4600 excommunicationis,
1079 4513 1348 4608 suspensionis,
1369 4527 1409 4585 et
1427 4508 1612 4584 interdicti

109 4633 268 4731 aliisque
287 4635 549 4710 ecclesiasticis
568 4637 775 4722 sententiis,
797 4637 964 4711 censuris
982 4655 1021 4710 et
1042 4638 1175 4733 poenis
1194 4661 1217 4710 a
1232 4637 1310 4712 iure
1325 4635 1384 4709 vel
1398 4636 1448 4710 ab
1462 4635 1612 4708 homine

109 4758 245 4853 quavis
272 4775 538 4856 praeterquam
567 4761 858 4858 praemissorum
878 4762 1077 4834 occasione
1095 4763 1155 4834 vel
1174 4785 1288 4835 causa
1308 4759 1404 4847 latis,
1426 4759 1613 4857 siquibus

109 4881 396 4977 quomodolibet
423 4884 625 4959 innodatus
656 4885 802 4970 existat,
831 4883 881 4957 ad
918 4883 1092 4960 effectum
1128 4885 1382 4981 praesentium
1416 4884 1612 4957 dumtaxat

109 5009 430 5104 consequendum,
455 5009 587 5084 harum
616 5009 713 5085 serie
739 5009 982 5086 absolventes
1010 5025 1051 5085 et
1066 5009 1280 5086 absolutum
1300 5010 1380 5083 sore
1399 5025 1609 5096 censentes,

108 5129 322 5208 huiusmodi
349 5134 683 5232 supplicationibus
710 5135 883 5220 inclinati,
921 5135 1135 5212 discretioni
1169 5150 1257 5210 tuae
1285 5159 1354 5231 per
1389 5150 1611 5232 praesentes

109 5257 376 5332 committimus
402 5276 442 5334 et
469 5261 703 5346 mandamus,
739 5275 781 5332 ut
818 5259 917 5334 veris
953 5259 1202 5335 existentibus
1239 5261 1410 5346 narratis,
1447 5258 1610 5332 eundem

110 5381 343 5457 Bernardum
373 5384 404 5458 si
432 5384 503 5459 hoc
530 5409 553 5456 a
582 5399 620 5457 te
648 5383 834 5459 humiliter
859 5383 1021 5482 petierit,
1041 5383 1219 5480 imposita
1246 5383 1280 5458 ei
1303 5409 1374 5480 pro
1394 5379 1610 5482 praemissis
