3720 5914
229 273 285 334 206
869 274 1006 333 soeculo
1024 273 1093 334 XV

230 507 257 520 -
285 488 353 538 nec
380 462 519 561 legisse
552 487 620 558 per
647 464 845 538 triennium
865 507 891 519 -
910 488 979 537 nec
997 463 1136 538 habere
1159 487 1235 539 200
1253 464 1428 538 florenos.
1449 507 1475 518 -
1493 461 1582 557 Quo
1599 479 1729 538 autern

231 589 280 662 ad
316 589 390 662 vite
427 602 467 662 et
501 612 646 662 morum
680 588 917 664 honestatem
952 603 1068 686 atque
1102 590 1241 663 bonurn
1264 589 1567 673 testimonium„
1587 589 1728 684 reperi·

231 738 314 787 mus
341 737 410 810 per
438 730 515 788 tres
551 728 682 799 testes,
717 713 815 787 omni
847 717 1071 811 exceptione
1104 715 1276 800 maiores,
1314 714 1418 810 quod
1451 714 1574 788 dictus
1610 712 1730 786 Fran·

231 839 352 912 ciscus
380 840 596 913 iamdudum
624 837 824 913 infamatus
853 839 921 913 fuit
956 857 996 912 et
1023 853 1083 913 est
1115 840 1164 913 de
1195 839 1347 912 crimine
1374 839 1539 934 pessimo
1570 855 1728 935 propter

232 962 336 1058 quod
368 965 471 1038 venit
498 965 551 1037 ira
581 964 653 1037 Dei
680 965 718 1038 iu
751 964 845 1038 filios
864 963 1079 1039 diffidentie.
1100 1009 1126 1020 -
1144 963 1237 1038 Item
1258 963 1465 1060 reperimus
1485 987 1554 1059 per
1569 961 1726 1037 eosdem

233 1104 352 1162 testes
380 1088 495 1186 quod,
525 1091 597 1162 iam
625 1107 714 1162 sunt
739 1087 869 1185 plures
900 1091 998 1176 anni,
1025 1087 1200 1186 equidem
1236 1088 1370 1162 dicitur
1401 1089 1504 1183 quod
1542 1089 1577 1161 in
1609 1088 1727 1161 domo

232 1213 401 1287 eiusdem
422 1213 609 1287 Francisci
627 1229 666 1288 et
684 1215 839 1288 fratrum
858 1214 980 1288 factus
1007 1212 1075 1286 fuit
1101 1237 1262 1312 magnus
1280 1237 1419 1298 rumor,
1439 1227 1479 1286 et
1506 1210 1591 1287 talis
1618 1212 1725 1308 quod

234 1357 320 1412 tunc
339 1339 394 1412 vir
421 1337 637 1413 interfectus
665 1339 733 1412 fuit
764 1355 803 1413 et
830 1340 934 1436 quod
962 1354 1051 1412 tunc
1077 1339 1224 1435 publice
1252 1338 1446 1412 dicebatur
1472 1338 1577 1432 quod
1603 1336 1728 1410 dictus

234 1465 455 1539 Franciscus
483 1464 593 1539 fuerit
619 1466 655 1538 in
683 1463 793 1563 culpa
819 1481 858 1539 et
885 1465 1045 1539 dederat
1070 1460 1244 1539 auxilium
1263 1464 1456 1539 consilium
1484 1476 1523 1536 et
1547 1461 1727 1536 savorem.

235 1591 285 1663 Et
317 1590 420 1686 quod
456 1605 659 1686 propterea
687 1590 768 1686 ipse
804 1589 872 1663 fuit
908 1605 1041 1686 captus
1078 1614 1146 1686 per
1173 1587 1409 1685 capitaneum
1444 1588 1659 1684 paduanum
1689 1601 1730 1660 et

235 1731 447 1789 carceratus
476 1714 539 1789 ubi
566 1739 635 1812 per
661 1740 829 1789 mensem
859 1715 963 1790 stetit
990 1730 1029 1789 et
1056 1715 1164 1788 ultra.
1185 1711 1376 1808 Quodque
1404 1727 1539 1807 postea
1565 1711 1734 1784 nescitur

235 1866 283 1916 an
324 1840 512 1916 favoribus
554 1857 782 1939 venetorum¹
815 1857 881 1915 aut
916 1838 962 1942 (i)
1000 1863 1323 1936 quorumcumque
1358 1838 1427 1913 fuit
1460 1851 1651 1912 extractus
1688 1855 1729 1911 et

235 1965 370 2040 ductus
406 1965 456 2039 ad
482 1989 671 2042 carcerem
699 1965 879 2063 Episcopi
907 1965 943 2040 in
978 1990 1055 2062 quo
1082 1963 1150 2039 fuit
1178 1989 1246 2061 per
1281 1987 1449 2038 mensem
1485 1977 1525 2037 et
1560 1961 1658 2036 ultra
1690 1979 1735 2035 et

236 2107 371 2187 postea
398 2106 589 2166 extractus
618 2091 782 2167 nescitur
809 2091 1016 2186 quomodo.

318 2215 464 2288 Dicitur
490 2214 595 2311 quod
614 2215 649 2288 in
676 2214 826 2289 civitate
853 2213 1030 2310 paduana
1058 2214 1124 2288 fuit
1150 2237 1354 2309 processus
1377 2237 1493 2309 super
1520 2212 1732 2287 huiusmodi

236 2339 434 2416 homicidio
462 2340 588 2436 quoad
625 2339 766 2414 dictum
804 2340 1054 2424 Franciscum‚
1085 2364 1198 2436 quem
1230 2337 1574 2413 deliberaveramus
1609 2353 1732 2411 trans·

235 2466 342 2552 mitti,
372 2467 402 2540 si
430 2465 520 2540 data
546 2465 680 2538 fuisset
708 2464 816 2539 nobis
844 2463 929 2538 talis
957 2463 1096 2552 dilatio,
1127 2487 1202 2561 qua
1230 2465 1486 2560 potuissemus
1513 2462 1675 2538 mittere.

316 2590 374 2664 Ex
401 2591 537 2688 quibus
565 2590 738 2664 omnibus
766 2589 916 2663 videtur
943 2588 1051 2663 nobis
1079 2587 1183 2685 quod
1209 2588 1324 2662 homo
1347 2587 1418 2662 iste
1446 2584 1566 2661 nullas
1593 2586 1735 2661 habeat

237 2715 436 2812 qualitates
465 2715 664 2811 requisitas
692 2739 760 2811 per
795 2713 1083 2789 constitutiones
1110 2729 1272 2796 nostras,
1301 2738 1401 2809 ymo,
1431 2712 1536 2809 quod
1572 2713 1620 2785 sit
1656 2703 1732 2785 non
1858 2736 1859 2749 ¹

240 2841 425 2914 modicum
459 2839 669 2924 infamatus,
706 2854 747 2914 et
779 2837 842 2912 tali
874 2838 1023 2912 infamia
1051 2861 1127 2934 qua
1159 2853 1199 2912 et
1232 2863 1262 2910 a·
1291 2835 1422 2911 minori
1453 2835 1575 2910 officio
1604 2833 1733 2933 repelli

239 2967 407 3040 deberet.

319 3088 521 3188 Quodque,
556 3090 589 3163 si
616 3089 869 3185 reperirentur
894 3087 1031 3185 ydonei
1059 3103 1099 3161 et
1124 3087 1225 3162 omni
1252 3086 1473 3184 exceptione
1500 3086 1661 3160 maiores
1694 3104 1735 3160 et

240 3218 304 3312 qui
332 3241 406 3290 non
433 3215 655 3314 indigerent,
687 3239 728 3288 se
756 3213 804 3288 de
836 3212 982 3299 talibus.
1011 3229 1077 3288 aut
1105 3213 1295 3299 similibus,
1324 3211 1538 3286 criminibus
1566 3213 1735 3309 purgari,

237 3340 340 3438 quod
359 3357 512 3414 sanctus
531 3340 705 3414 dominus
724 3355 853 3413 noster
870 3338 996 3437 potius
1015 3338 1171 3413 deberet
1194 3335 1289 3412 tales
1318 3335 1476 3434 collegio
1505 3334 1734 3410 Auditorum

241 3490 392 3540 suorum
416 3489 655 3566 aggregare,
693 3479 732 3538 et
764 3488 839 3537 non
874 3461 969 3536 velle
1006 3486 1218 3562 aggregare
1253 3461 1440 3537 hominem
1469 3461 1533 3558 qui
1563 3459 1735 3558 indigeat

240 3589 476 3688 purgatione.
949 3672 969 3718 ο

321 3715 404 3788 Hec
444 3715 553 3814 juxta
594 3713 880 3788 constitutiones
927 3728 1076 3788 nostras
1118 3711 1446 3787 Reverendissime
1491 3709 1735 3785 dominationi

241 3837 378 3913 Vestre
415 3838 628 3912 intimamus
662 3853 702 3912 et
729 3837 975 3925 notificamus,
1005 3851 1047 3910 ut
1073 3835 1175 3912 iuxta
1206 3837 1360 3912 easdem
1380 3835 1577 3910 Sanctitati
1595 3834 1736 3908 domini

242 3965 361 4040 nostri
391 3962 551 4040 refferat.
582 3963 700 4038 Cuius
720 3963 906 4037 mandatis
925 3979 964 4037 et
982 3963 1218 4045 iussionibus,
1240 3977 1282 4036 ut
1307 3961 1539 4035 devotissimi
1565 3957 1736 4034 eiusdem

242 4091 379 4176 famuli,
408 4090 560 4164 omnino
588 4115 658 4164 nos
686 4089 1016 4184 obtemperaturos
1043 4087 1245 4164 oderimus.

980 4351 1000 4395 t

946 4413 1033 4458 *δὴ

244 4571 361 4643 Rotae
388 4567 590 4642 Auditores
616 4567 833 4642 admistioni
862 4567 1059 4640 Francisci
1089 4565 1225 4640 Brettii
1255 4564 1468 4650 obnitentes,
1498 4561 1647 4636 Statum
1676 4563 1744 4637 IV

321 4694 510 4791 appellant
533 4718 557 4766 a
584 4694 681 4767 malo
700 4705 875 4792 processu
904 4691 1082 4766 Roderz'ci
1095 4689 1253 4787 Bargala,
1284 4687 1619 4764 late-cancellani.

197 4955 200 4963 Ι
324 4867 438 4939 (Auen.
457 4867 544 4941 Ron,
568 4867 821 4952 ‹Admissiones
834 4889 860 4934 »,
877 4869 967 4939 part.
986 4864 1013 4923 I.
1032 4863 1125 4958 Sixto
1140 4861 1199 4932 IV.
1222 4880 1254 4922 n.
1273 4863 1334 4934 16).

324 5067 650 5141 Reverendissime
679 5081 797 5162 pater,
829 5061 949 5137 Venia
976 5063 1150 5159 primitus
1178 5063 1295 5159 petita
1322 5077 1362 5136 et
1381 5075 1423 5134 ut
1443 5058 1741 5135 Constitutiones

244 5193 500 5267 Romanorum
529 5189 756 5288 pontificum,
778 5188 950 5263 videlicet
976 5187 1150 5262 Iohannis
1180 5185 1302 5274 XXII,
1323 5184 1515 5260 Benedicti
1539 5185 1621 5271 ΧΗ,
1642 5185 1741 5259 Gre-

244 5320 339 5415 gorii
368 5317 432 5403 Xl,
455 5317 606 5392 Martini
626 5314 660 5386 V
679 5332 719 5390 et
745 5314 903 5389 aliorum
932 5313 997 5410 qui
1018 5337 1088 5409 pro
1108 5325 1209 5386 statu
1228 5326 1268 5385 et
1285 5311 1551 5386 reformatione
1570 5309 1744 5384 Romane
