3720 5916
757 315 923 375 Clemente
943 314 973 376 X
1561 315 1616 374 417

191 507 286 582 Cum
314 523 442 581 autem
469 507 519 583 ad
545 531 659 584 aures
685 523 847 592 nostras,
878 530 952 579 non
972 507 1052 582 sine
1080 509 1185 604 gravi
1204 508 1315 582 animi
1344 506 1463 580 nostri
1489 506 1619 603 displi-

120 634 246 716 centia.
278 638 502 730 pervenerit,
523 633 628 729 quod
651 657 674 707 a
701 631 888 730 longaeva
914 654 1097 707 annorum
1126 632 1222 707 serie
1252 611 1467 730 Collegium
1500 629 1618 706 dicto-

120 783 197 832 rum
226 756 468 831 Notariorum
498 755 627 830 Palatii
654 755 865 853 Apostoliei
893 756 1121 830 Auditorum
1150 757 1200 832 ob
1227 755 1414 832 defectum
1443 773 1483 830 et
1510 733 1618 829 dimi·

120 883 307 957 nutionem
323 905 398 956 non
418 881 603 961 modicam
622 905 832 969 causarum,
854 878 974 956 litium
992 895 1032 954 et
1050 881 1300 978 negotiorum,
1316 897 1386 955 etc.
1404 897 1616 977 temporum

119 1007 255 1082 iniuriis
282 1021 322 1080 et
349 1006 620 1082 calamitatibus
639 1005 882 1102 proveniente
901 1004 1013 1080 etiam
1028 1003 1177 1078 ratione
1195 1028 1353 1079 onerum
1385 1005 1508 1078 eidem
1529 1003 1617 1079 Col-

119 1131 215 1230 legio
244 1156 313 1227 per
340 1131 424 1227 piae
453 1155 562 1206 mem.
593 1130 748 1206 Paulum
787 1130 927 1227 Papam
965 1126 1026 1220 V.,
1066 1129 1400 1204 Praedecessorem
1433 1146 1615 1216 nostrum,

119 1272 220 1330 motu
250 1254 369 1342 simili,
400 1255 553 1350 praevia
580 1257 906 1352 quorumcumque
935 1253 1197 1329 nonnullorum
1226 1254 1482 1328 Romanorum
1525 1255 1617 1327 Pon-

119 1380 254 1454 tificum
284 1380 622 1454 Praedecessorum
652 1396 867 1454 nostrorum
906 1378 1226 1454 Constitutionum
1263 1379 1468 1452 officiorum
1502 1379 1617 1453 Nota·

118 1505 254 1578 riorum
282 1503 495 1579 huiusmodi
524 1505 731 1602 scripturas
763 1528 839 1578 non
879 1529 1013 1580 vacare
1045 1503 1325 1600 disponentium
1366 1503 1613 1591 revocatione,

118 1653 247 1704 omnes
275 1645 315 1704 et
337 1629 504 1728 singulas
519 1629 684 1703 omnium
702 1627 908 1704 officiorum
928 1629 1203 1726 praedictorum
1223 1629 1437 1726 scripturas,
1459 1644 1617 1702 eatenus

119 1753 233 1829 factas
263 1768 301 1828 et
328 1754 365 1827 in
392 1752 556 1828 futurum
584 1753 844 1841 conficiendas,
869 1755 983 1828 etiam
1011 1777 1085 1828 una
1113 1779 1195 1826 cum
1216 1753 1325 1827 titulo
1351 1755 1547 1827 vacavisse
1578 1769 1619 1828 et

118 1905 251 1954 vacare
280 1879 467 1965 debuisse,
497 1879 726 1955 declarando
753 1904 801 1954 ex
828 1896 920 1955 voto
948 1895 1074 1956 tamen
1103 1895 1193 1953 tunc
1228 1879 1352 1953 Rotae
1388 1878 1616 1953 Auditorum

117 2005 377 2102 impositorum
405 2005 639 2101 aliorumque
667 2004 810 2078 eisdem
843 2004 1107 2080 Notariatuum
1149 2003 1277 2078 officiis
1311 2002 1614 2090 incumbentium,

118 2131 263 2217 annuis,
293 2131 352 2204 vel
380 2131 583 2204 menstruis
611 2130 927 2228 praestationibus
955 2155 1025 2228 per
1050 2127 1194 2226 aliquot
1221 2153 1342 2204 annos
1370 2128 1549 2214 decursis,
1579 2144 1619 2203 et

115 2255 241 2330 forsan
271 2279 344 2328 non
373 2254 517 2342 solutis,
548 2280 617 2352 per
643 2254 800 2329 eosdem
829 2254 923 2329 solvi
958 2254 1087 2340 solitis,
1127 2252 1163 2326 in
1198 2253 1462 2351 gravissimum
1495 2253 1618 2327 dictae

118 2379 314 2465 Camerae,
345 2379 580 2476 aliorumque
607 2378 792 2454 interesse
810 2379 1040 2466 habentium,
1062 2378 1329 2476 praeiudicium
1349 2393 1388 2452 et
1415 2378 1618 2453 detrimen-

116 2520 207 2590 tum,
238 2502 403 2599 dictique
432 2502 592 2600 Collegii
621 2503 833 2600 splendoris
859 2503 972 2577 etiam
992 2503 1217 2578 damnosum
1236 2501 1489 2599 vilipendium,
1507 2501 1618 2575 satis-

116 2627 240 2704 facere
276 2645 316 2702 et
348 2628 643 2724 correspondere
671 2651 746 2702 non
774 2629 909 2716 valeat,
939 2628 1121 2725 quodque
1153 2628 1371 2724 scripturae,
1402 2625 1498 2701 ultra
1530 2650 1619 2701 con·

115 2755 240 2828 tinuas
267 2751 491 2852 litigantium
509 2769 549 2826 et
569 2752 773 2827 Curialium
794 2752 1119 2828 incommoditates
1147 2777 1242 2849 quas
1270 2751 1342 2849 ipsi
1370 2752 1420 2825 ob
1447 2749 1618 2825 diversas

116 2877 361 2953 Notariorum
389 2877 667 2974 praedictorum
689 2877 730 2951 in
760 2876 871 2950 variis
899 2893 939 2952 et
966 2877 1121 2952 remotis
1157 2877 1279 2950 acab
1314 2877 1470 2950 invicem
1508 2899 1618 2968 sepa·

114 3004 205 3076 ratis
239 3002 352 3076 Urbis
381 3003 549 3097 partibus
578 3001 672 3075 sitas
700 3001 927 3087 mansiones,
957 3025 1026 3098 per
1057 3002 1163 3098 ipsos
1201 3001 1379 3076 Notarios
1417 3000 1616 3088 habitatas,

115 3151 232 3223 saepe
261 3150 417 3202 numero
457 3126 652 3224 patiuntur
693 3126 730 3200 in
771 3125 834 3200 dd.
866 3126 1109 3202 Notariorum
1151 3126 1325 3200 domibus
1358 3139 1616 3209 conservatae,

114 3243 348 3348 quandoque
388 3250 546 3348 deperdi
583 3251 741 3348 possint,
771 3275 816 3324 ac
857 3253 971 3326 etiam
1013 3252 1163 3326 realiter
1199 3251 1400 3325 nonnullae
1416 3259 1504 3324 'non
1537 3249 1616 3324 sine

114 3375 279 3450 maximo
299 3375 523 3476 litigantium
542 3374 771 3473 praeiudicio
790 3374 916 3449 forsan
935 3375 1156 3472 deperditae
1175 3374 1321 3458 fuerint,
1338 3389 1619 3472 proptereaque

113 3500 148 3572 in
178 3499 491 3600 Congregatione
520 3525 637 3597 super
662 3499 892 3596 praemissis,
911 3523 936 3572 a
954 3523 1028 3575 rec.
1050 3523 1162 3576 mem.
1180 3497 1402 3574 Alexandro
1421 3499 1524 3596 Papa
1537 3497 1630 3585 Vll,

113 3624 286 3700 similiter
322 3625 618 3700 Praedecessore
660 3641 791 3700 nostro
828 3626 1023 3720 deputata,
1053 3624 1167 3720 quod,
1206 3625 1363 3698 attentis
1393 3623 1618 3721 supradictis

113 3751 288 3836 narratis,
310 3773 506 3824 numerum
526 3748 769 3824 Notariorum
789 3749 1001 3825 huiusmodi
1014 3747 1064 3824 ad
1082 3750 1271 3824 minorem
1294 3773 1488 3823 numerum
1508 3749 1619 3822 redu*

114 3891 279 3961 seretur,
308 3873 456 3971 ipsique
485 3873 643 3962 Notarii,
674 3875 727 3948 sic
753 3872 967 3960 reducendi,
998 3874 1034 3946 in
1063 3897 1139 3948 uno
1165 3888 1206 3946 et
1233 3872 1369 3948 eodem
1397 3872 1482 3948 loco
1510 3873 1619 3948 coha-

113 4001 249 4086 bitare,
278 4014 317 4072 et
345 3998 431 4073 inibi
472 3998 509 4072 in
552 3999 742 4087 Archivio,
770 3999 819 4072 ad
856 4000 894 4073 id
935 3996 1173 4086 destinando,
1213 4023 1346 4072 omnes
1374 4014 1413 4071 et
1450 3995 1618 4096 singulas

111 4123 323 4222 scripturas
351 4147 577 4198 conservare
604 4139 834 4210 tenerentur,
864 4122 977 4198 salvis
1006 4123 1043 4196 in
1062 4122 1214 4220 reliquis
1231 4121 1483 4219 erectionibus
1510 4147 1619 4220 prae-

111 4247 237 4334 dictis,
267 4247 355 4324 licet
381 4246 521 4322 frustra
547 4265 587 4322 et
613 4249 762 4345 absque
790 4245 867 4323 uilo
893 4246 1028 4322 effectu
1056 4247 1250 4321 decretum
1279 4247 1401 4322 fuerit.

194 4373 290 4460 Nos,
319 4373 444 4472 igitur,
474 4373 611 4470 quibus
638 4397 727 4446 cura
753 4389 794 4448 et
819 4371 1032 4448 sollicitudo
1061 4371 1156 4447 Boni
1183 4371 1319 4469 publici
1348 4371 1494 4458 insidet,
1530 4371 1618 4446 dicti
1711 4410 1714 4416 ·

110 4497 333 4583 Alexandri,
373 4495 691 4584 Praedecessoris,
721 4497 891 4595 vestigiis
927 4499 964 4570 in
1005 4498 1077 4572 hoc
1118 4496 1359 4581 inhaerendo,
1389 4521 1463 4572 non
1495 4496 1617 4572 solum

109 4623 330 4720 praedictis,
363 4647 492 4698 verum
520 4621 634 4696 etiam
662 4645 733 4718 pro
760 4623 890 4696 maiori
917 4638 959 4696 et
985 4621 1132 4720 publica
1161 4620 1367 4695 Curialium
1395 4637 1434 4695 et
1470 4619 1618 4719 litigan-

109 4748 206 4822 tium
237 4746 397 4821 utilitate
424 4771 469 4820 ac
495 4745 776 4830 commoditate,
806 4745 1029 4843 illorumque
1058 4745 1192 4820 minori
1231 4744 1441 4841 dispendio,
1472 4768 1617 4818 necnon

107 4872 193 4946 aliis
224 4868 507 4945 rationabilibus
534 4872 583 4944 de
611 4871 746 4956 causis,
778 4871 814 4943 in
848 4867 1168 4970 Congregatione,
1199 4868 1403 4944 novissime
1439 4893 1508 4966 per
1548 4869 1627 4942 nos'

109 4995 389 5092 particulariter
417 4996 610 5092 deputata,
641 5019 725 5070 curn
753 4993 973 5070 dilectorum
993 4994 1152 5070 filiorum
1173 5009 1389 5068 nostrorum
1413 4993 1617 5068 Prodatarii

108 5147 153 5198 ac
184 5120 490 5196 Vicecancellarii
522 5135 563 5194 et
589 5143 660 5216 pro
688 5119 895 5194 Camerarii
921 5119 959 5195 S.
991 5120 1037 5197 R.
1068 5119 1126 5206 E,
1157 5143 1302 5193 necnon
1322 5119 1433 5192 trium
1453 5119 1620 5216 Aposto-

109 5247 169 5322 lici
201 5244 334 5320 Palatii
361 5245 575 5320 huiusmodi
603 5245 842 5332 Auditorum,
871 5246 921 5319 ab
948 5244 1082 5318 eadem
1112 5244 1212 5317 Rota
1229 5245 1280 5318 ad
1298 5243 1470 5319 effectum
1489 5244 1618 5318 buius-

110 5371 218 5448 modi
247 5373 515 5468 deputatorum
544 5369 766 5456 interventu,
795 5369 933 5454 habita,
964 5385 1109 5443 mature
1137 5369 1330 5457 discussis,
1359 5371 1484 5444 aducti
1511 5386 1615 5444 motu

1484 5559 1514 5597 27
