3720 5914
250 327 303 388 166
890 333 1028 393 Soeculo
1046 315 1113 393 XV

248 521 428 618 quiuymo
463 525 511 598 ab
538 524 630 620 ipsis
658 549 815 621 prorsus
843 542 882 600 et
908 528 1059 601 omnino
1086 526 1261 600 exclusos
1289 525 1404 600 fuisse
1430 542 1470 600 et
1496 525 1678 611 extitisse,
1709 543 1748 600 et

247 661 380 721 contra
397 643 480 722 illos
498 664 538 723 et
557 674 687 724 eorum
702 651 909 748 quemlibet
926 676 995 749 per
1013 676 1083 725 nos
1102 649 1224 725 solum
1238 666 1278 725 et
1291 652 1487 726 dumtaxat
1507 651 1661 749 procedi
1680 677 1747 726 seu

248 770 383 867 inquiri
401 796 446 846 ac
465 771 616 848 iudicari
634 790 673 849 et
692 776 908 850 sententiari
927 776 1098 872 potuisse
1119 777 1198 850 sive
1216 800 1344 872 posse.
1366 777 1573 863 Premissis‚
1594 777 1748 851 ceteris-

247 920 323 992 que
336 898 531 972 contrariis
546 901 872 975 nonobstantibus
887 901 1198 998 quibuscumque.
1210 901 1307 975 Cum
1322 899 1495 976 clausulis
1509 901 1746 999 opportunis.

326 1022 385 1095 Ac
412 1005 522 1096 simili
540 1040 644 1098 motu
664 1025 837 1098 volumus
864 1040 905 1098 et
930 1025 1073 1099 eisdem
1100 1024 1347 1100 Auditoribus
1371 1025 1610 1102 concedimus
1628 1027 1746 1123 quod,

246 1149 276 1221 si
297 1147 366 1222 sibi
379 1149 572 1245 placuerit,
589 1151 776 1248 presentis
792 1151 996 1249 signatura,
1019 1151 1076 1225 hic
1091 1175 1161 1248 per
1174 1175 1243 1225 nos
1257 1153 1432 1247 apposita
1452 1167 1590 1238 nostra,
1608 1151 1749 1247 ubique

244 1271 402 1346 sufficiat
420 1274 566 1370 absque
585 1273 818 1348 confectione
845 1275 1065 1362 litterarum,
1086 1281 1161 1349 non
1190 1276 1366 1350 obstante
1388 1276 1518 1375 regula
1548 1275 1748 1360 contraria,

247 1397 304 1469 cui
333 1397 576 1494 derogamus.

968 1661 1032 1740 98.

246 1817 341 1890 Pius
369 1819 420 1892 Il
440 1817 684 1892 Auditoribus
711 1820 829 1893 Rotae
856 1821 1012 1894 mandat
1036 1830 1216 1918 quatenus
1241 1821 1424 1922 recaptant
1439 1830 1474 1894 et
1490 1821 1694 1894 admittant
1709 1823 1750 1895 in
1836 1865 1837 1872 .

327 1944 547 2018 Auditorem
575 1944 781 2018 Antonium
808 1943 933 2019 lacobi
956 1946 1000 2020 de
1030 1945 1185 2020 Crassis
1211 1971 1316 2044 quem
1351 1947 1428 2045 ipsc
1455 1947 1550 2020 Pius
1581 1945 1752 2060 declarat

324 2094 362 2142 se
388 2068 464 2141 iam
490 2069 663 2166 recepisse
689 2079 724 2143 ct
749 2071 979 2144 Auditorum
1006 2072 1184 2145 cmtsortio
1210 2096 1447 2168 aggregasse.

326 2224 441 2295 (Aaou.
460 2224 547 2296 Ror,
570 2247 583 2274 ‹
595 2224 824 2286 Admissiones
839 2251 862 2296 2,
880 2231 969 2299 part.
987 2225 1015 2300 I,
1033 2226 1098 2285 Pio
1116 2226 1162 2298 II,
1181 2227 1272 2298 ηδ’).

1474 2387 1554 2460 1462,
1573 2387 1685 2446 martii
1703 2387 1747 2446 29.

325 2547 434 2623 Motu
462 2551 615 2646 proprio
643 2550 789 2624 dilectis
816 2549 898 2624 filiis
926 2550 1175 2626 Auditoribus
1202 2576 1399 2626 causarum
1428 2551 1559 2626 Palatii
1593 2568 1747 2649 aposto

244 2671 304 2747 lici
330 2689 461 2749 tenore
489 2677 721 2770 presentium
751 2676 973 2750 mandamus
991 2693 1032 2750 et
1048 2676 1217 2750 districte
1245 2678 1483 2775 precipimus
1504 2691 1546 2750 ut
1568 2675 1747 2752 dilectum

242 2796 357 2871 filium
385 2799 592 2872 Antonium
620 2799 743 2874 lacobi
771 2799 818 2874 de
847 2800 1011 2888 Crassis,
1043 2801 1274 2875 Canonicum
1303 2802 1522 2889 Bononien„
1549 2803 1747 2898 utriusque

243 2921 332 2996 iuris
360 2922 555 2997 doctorem
583 2949 697 3020 quem
726 2948 796 2998 nos
825 2925 861 2998 in
891 2922 1136 3021 Capellanum
1156 2942 1327 3000 nostrum
1346 2942 1387 3000 et
1405 2925 1494 3000 dicti
1512 2925 1643 3000 Palatii
1662 2952 1747 3001 cau·

242 3071 369 3120 sarum
397 3047 623 3122 Auditorem
648 3049 816 3148 gratiose
837 3051 1072 3147 suscepimus
1090 3076 1134 3124 ac
1153 3051 1320 3148 ipsorum
1339 3053 1567 3125 Auditorum
1587 3074 1745 3125 numero

243 3187 283 3245 et
310 3172 500 3247 consortio
528 3175 835 3271 aggregavimus,
861 3200 908 3248 ex
927 3199 1025 3248 nunc
1052 3175 1087 3248 in
1116 3165 1341 3249 Auditorem
1370 3200 1569 3250 causarum
1596 3199 1746 3250 earum-

243 3297 330 3370 dem
359 3321 404 3370 ac
431 3297 480 3370 ad
508 3297 722 3372 huiusmodi
749 3299 1000 3374 Auditoratus
1027 3299 1187 3373 officium
1217 3301 1374 3397 eiusque
1408 3299 1565 3374 liberum
1602 3298 1746 3375 exerci-

243 3422 347 3509 tium,
368 3423 470 3496 omni
496 3423 719 3520 exceptione
747 3440 787 3498 et
814 3423 991 3498 dilatione
1019 3440 1175 3512 remota,
1198 3426 1360 3500 servatis
1387 3424 1592 3511 servandis,
1613 3425 1745 3498 admit·

243 3562 335 3622 tant.
380 3547 708 3623 Nonobstantibus
749 3549 1047 3647 quibuscumque
1094 3550 1309 3650 privilegiis,
1352 3549 1507 3624 indultis
1547 3565 1586 3624 et
1626 3548 1743 3628 literis

243 3671 473 3768 apostolicis,
494 3673 584 3768 ipsis
613 3673 858 3748 Auditoribus
887 3675 1087 3756 concessis,
1118 3699 1443 3771 quorumcumque
1471 3690 1645 3748 tenorum
1665 3674 1743 3748 sue-

145 3853 149 3864 .
245 3797 328 3884 rint,
360 3797 573 3893 ceterisque
601 3797 798 3872 contrariis
817 3799 1129 3895 quibuscumque.
1149 3843 1176 3855 -
1195 3798 1324 3872 Placet
1338 3808 1374 3872 et
1388 3799 1442 3872 ita
1459 3797 1681 3872 mandamus
1694 3797 1739 3871 E.

323 3921 456 4018 (verso)
485 3920 705 3996 Presentata
734 3922 793 3996 die
821 3943 915 3994 xxrx
942 3923 1073 3997 Marcii
1111 3928 1223 4014 1462.

964 4234 1027 4314 99.

244 4396 339 4470 Pius
365 4397 417 4471 Il
434 4395 590 4470 mandat
615 4405 794 4492 quatenus
820 4396 1022 4469 Auditum
1050 4397 1167 4469 Rotae
1202 4395 1368 4493 desirccps
1392 4394 1511 4469 ullum
1538 4395 1741 4469 Notarium

321 4522 399 4596 sine
424 4547 490 4595 suo
515 4520 667 4621 speciali
689 4521 864 4594 mandato
881 4546 953 4594 non
971 4519 1178 4606 admittunt,
1200 4529 1235 4594 et
1250 4519 1428 4594 admissos
1445 4519 1517 4594 sabi
1530 4519 1741 4618 quantocius

322 4649 538 4744 ngnificenl.

323 4802 437 4870 (Arcu.
456 4801 543 4875 Rom,
566 4801 868 4874 «ordinaturum»,
883 4808 916 4876 p.
935 4799 1050 4874 11,οε
1070 4798 1232 4872 Notariis,
1250 4817 1282 4859 n.
1302 4801 1344 4872 Ι).

1103 4957 1181 5031 1462,
1199 4957 1339 5017 octobris
1359 4956 1404 5030 21,
1424 4955 1554 5018 Petredi
1570 4955 1739 5016 Senarum.
1836 4985 1837 5026 ,

864 5087 951 5162 Pius
981 5089 1045 5187 Pp.
1076 5087 1118 5164 ll.

324 5232 452 5331 (sistus)
492 5229 628 5306 Dilecti
664 5230 736 5318 filii,
772 5229 933 5304 salutem
971 5243 1011 5304 et
1045 5231 1291 5326 apostolicam
1332 5231 1642 5307 benedictionem.
1682 5229 1737 5304 Ex

243 5356 351 5431 bonis
387 5355 632 5455 respectibus,
668 5355 832 5430 animum
869 5370 1040 5430 nostrum
1072 5357 1320 5442 moventibus,
1349 5355 1524 5430 volumus
1557 5371 1597 5430 et
1634 5354 1736 5431 vobis
