3720 5914
256 307 307 366 142
889 311 1026 372 Soeculo
1045 311 1077 372 X
1085 311 1111 372 V

251 501 323 574 alia
341 502 474 599 quavis
493 502 745 578 ecclesiastica
768 504 826 577 vel
855 507 1044 578 mundana
1071 507 1253 604 dignitate
1277 507 1526 604 prefulgeant,
1546 524 1586 581 et
1603 509 1748 582 etiarnsi

251 625 286 697 in
306 625 394 699 data
408 626 553 722 priores
573 653 639 702 seu
654 628 691 701 in
707 629 944 724 processibus
960 629 1215 727 diligentiores
1233 631 1349 705 autin
1365 631 1576 706 Canonicos
1596 633 1746 728 recepti,

250 773 316 824 seu
336 749 490 824 alicuius
506 752 624 849 Regis
638 752 699 825 vel
718 753 859 851 regine,
876 753 1099 840 Patriarche‚
1116 754 1411 852 Archiepiscopi,
1429 755 1617 852 Episcopi,
1632 755 1750 830 Ducis

250 901 317 948 seu
346 877 615 973 cuiuscumque
641 877 795 952 alterius
821 877 1075 952 ecclesiastica
1100 878 1160 953 vel
1186 880 1376 954 mundana
1402 879 1585 978 dignitate
1613 883 1748 977 prediti

250 999 444 1094 Capeliani
480 1002 593 1075 etiam
629 1003 791 1076 maiores
827 1017 892 1076 aut
920 1021 1094 1078 cantores
1123 1001 1289 1078 scolares
1325 1022 1365 1080 et
1399 1005 1525 1080 dilecti
1561 1029 1627 1080 seu
1655 1005 1751 1081 alias

248 1149 505 1222 quascumque
542 1126 744 1223 qualitates
778 1127 961 1203 habentes
998 1145 1037 1203 et
1072 1129 1109 1203 in
1139 1129 1327 1226 aliquibus
1364 1129 1497 1204 litteris
1530 1130 1750 1226 apostolicis

246 1253 343 1324 circa
370 1250 516 1348 aliquas
543 1253 598 1326 eis
628 1277 830 1326 concessas
862 1255 1123 1352 prerogativae
1156 1281 1223 1328 seu
1261 1253 1533 1330 declarationes
1570 1255 1748 1352 descripti

248 1375 395 1461 fuerint,
426 1378 517 1474 ipsis
543 1392 673 1450 sancte
701 1376 872 1452 Romane
899 1378 1058 1452 ecclesie
1081 1378 1342 1454 Cardinalibus
1361 1379 1558 1454 dumtaxat
1580 1394 1620 1455 et
1639 1380 1750 1456 nullis

246 1500 326 1575 aliis
354 1501 535 1598 exceptiS,
564 1502 820 1598 preferrantur
847 1518 887 1576 et
914 1502 1069 1600 preferri
1096 1502 1273 1579 debeant.

329 1625 416 1698 Non
435 1626 673 1700 obstantibus
692 1651 929 1723 quacumque
957 1627 1029 1700 litis
1048 1629 1251 1723 pendentia
1278 1652 1322 1702 ac
1342 1627 1679 1705 Constitutionibus
1707 1647 1751 1704 et

247 1751 542 1825 ordinationibus
568 1751 786 1848 apostolicis
804 1766 920 1848 atque
948 1753 1144 1826 nostriset
1171 1753 1369 1849 presertim
1387 1753 1457 1826 illis
1485 1753 1621 1848 quibus
1640 1756 1747 1829 volu-

248 1901 331 1948 mus
349 1877 547 1949 statuimus
566 1893 605 1950 et
623 1876 876 1951 ordinavimus
895 1875 998 1973 quod
1016 1876 1052 1951 in
1071 1877 1308 1952 assecutione
1335 1877 1596 1952 beneficiorum
1614 1879 1749 1977 vigore

247 2001 462 2097 specialium
481 2003 775 2077 reservationum
796 2002 962 2076 facienda
981 2001 1126 2097 priores
1145 2003 1417 2098 posterioribus
1436 2005 1690 2099 preferrentur
1707 2023 1750 2080 et

247 2127 401 2222 preferri
420 2128 601 2202 deberent
628 2142 668 2202 et
693 2127 933 2224 inquantum
952 2149 1020 2223 per
1043 2125 1124 2200 illas
1143 2127 1234 2223 ipsis
1252 2127 1498 2201 Auditoribus
1518 2153 1584 2202 seu
1604 2128 1763 2203 locate-'

247 2252 419 2326 uentibus
438 2275 516 2348 quo
543 2252 592 2325 ad
619 2252 792 2326 effectum
827 2252 1058 2350 presentium
1089 2249 1242 2348 aliquod
1275 2252 1384 2326 fieret
1411 2278 1478 2327 seu
1506 2251 1584 2327 fieri
1612 2271 1747 2350 posset

246 2377 498 2471 preiudicium,
519 2375 599 2450 aliis
623 2378 759 2472 quibus
778 2377 977 2450 statuimus
996 2392 1035 2450 et
1054 2376 1307 2451 ordinavimus
1326 2403 1394 2450 eos
1414 2392 1558 2452 tantum
1586 2380 1622 2450 in
1639 2403 1747 2453 asse·

245 2501 392 2577 cutione
412 2501 673 2576 beneficiorum
702 2501 914 2575 huiusmodi
942 2501 1087 2576 censeri
1113 2501 1311 2576 familiares
1338 2505 1535 2576 continuos
1557 2527 1747 2578 commen·

245 2627 344 2700 sales
375 2628 438 2723 qui
473 2626 553 2700 veri
580 2626 777 2700 familiares
805 2640 845 2701 et
881 2627 916 2699 in
946 2626 1086 2722 palatio
1113 2625 1321 2722 apostolico
1349 2625 1547 2701 familiares
1579 2627 1745 2702 continui

245 2751 517 2826 commensales
536 2752 739 2825 extiterant
758 2766 799 2824 et
822 2767 994 2847 tempore
1013 2751 1217 2824 vacationis
1236 2751 1498 2825 beneficiorum
1517 2752 1741 2836 existebant,

244 2877 415 2971 quamvis
443 2892 485 2949 ut
512 2876 608 2950 tales
627 2875 663 2948 in
692 2875 786 2948 libro
805 2873 1037 2950 Cancellarie
1064 2874 1270 2972 apostolice
1297 2875 1474 2971 descripti
1497 2900 1565 2948 seu
1586 2875 1622 2948 in
1639 2875 1743 2950 libris

244 2999 459 3096 apostolicis
475 3001 708 3074 describendi
723 2998 782 3074 vel
797 2999 1010 3075 nominandi
1025 3013 1067 3071 ut
1079 2997 1279 3074 familiares
1294 2999 1457 3074 continui
1471 2998 1742 3074 commensales

243 3126 457 3212 existerent,
480 3125 626 3200 etiamsi
656 3123 922 3199 Constitutioni
951 3124 1163 3198 huiusmodi
1186 3125 1284 3199 foret
1302 3147 1484 3220 expresse
1503 3124 1738 3221 derogatum,

245 3250 471 3325 Cantoribus
492 3249 705 3345 Capelianis
733 3265 773 3322 et
793 3248 946 3324 Clericis
975 3250 1009 3322 in
1031 3248 1187 3344 Capella
1214 3265 1343 3324 nostra
1371 3248 1619 3322 servientibus
1637 3249 1743 3322 dum-

244 3391 348 3450 taxat
365 3376 548 3473 exceptis;
566 3397 709 3448 necnon
720 3374 987 3469 Expectativis,
998 3374 1141 3472 gratiis,
1154 3375 1477 3458 nominationibus,
1490 3371 1740 3459 facultatibus,

242 3501 569 3586 reservationibus,
599 3497 796 3585 mandatis,
826 3497 1033 3584 unionibus,
1054 3499 1335 3584 annexionibus,
1365 3499 1738 3594 incorporationibus,

242 3627 581 3722 suppressionibus,
610 3624 870 3721 prerogativis,
891 3621 1191 3710 antelationibus,
1212 3624 1503 3720 exceptionibus,
1525 3621 1738 3697 declaratio

242 3753 361 3836 nibus,
393 3749 671 3824 reductionibus
699 3772 743 3821 ac
769 3747 850 3822 aliis
879 3746 1114 3844 supradictis,
1154 3749 1290 3843 quibus
1317 3749 1493 3823 omnibus
1520 3762 1560 3822 et
1581 3747 1740 3846 singulis

242 3876 389 3951 etiamsi
417 3899 493 3971 quo
521 3876 569 3947 ad
598 3872 743 3947 illorum
771 3872 1056 3971 derogationem
1075 3873 1123 3946 de
1152 3873 1243 3968 ipsis
1261 3897 1469 3968 eorumque
1489 3873 1578 3948 totis
1600 3873 1741 3946 tenori-

241 4005 313 4077 bus
332 4002 380 4074 de
398 3999 515 4072 verbo
542 3998 591 4071 ad
619 3998 774 4071 verbum
803 4023 847 4070 ac
882 3997 1091 4072 nominibus
1118 3997 1402 4094 cognominibus
1429 4014 1469 4070 et
1495 3996 1740 4094 qualitatibus

242 4149 488 4222 personarum
522 4124 657 4218 quibus
690 4148 757 4196 seu
794 4123 843 4196 ad
879 4147 1037 4218 quarum
1072 4120 1381 4219 supplicationem
1422 4120 1482 4195 vel
1524 4121 1739 4196 instantiam

243 4275 385 4325 necnon
423 4250 567 4334 intuitu,
598 4265 784 4345 respectu,
814 4248 1010 4321 occasione
1038 4245 1096 4320 vel
1125 4272 1250 4333 causa,
1271 4269 1347 4342 quo
1365 4247 1425 4320 vel
1444 4271 1530 4342 qua,
1558 4271 1741 4322 concessa

242 4377 351 4449 fuerit
370 4374 541 4470 specialis
556 4373 728 4470 specifica
746 4388 785 4446 et
802 4397 994 4468 expressa,
1018 4395 1091 4446 non
1110 4387 1237 4446 autem
1255 4395 1324 4467 per
1342 4372 1539 4470 generales
1559 4395 1626 4444 seu
1644 4369 1739 4445 alias

241 4523 459 4597 expressam
490 4499 716 4572 mentionem
745 4497 991 4591 importantes
1010 4495 1206 4582 clausulas,
1226 4495 1367 4569 mentio
1386 4495 1559 4570 habenda
1579 4519 1645 4568 seu
1665 4494 1740 4569 alia

240 4625 373 4721 quevis
401 4623 627 4720 specificatio
655 4637 721 4696 aut
747 4599 849 4696 certe
887 4621 1053 4696 clausule
1089 4620 1290 4717 appositio,
1320 4645 1386 4694 seu
1419 4620 1546 4716 aliqua
1573 4619 1740 4716 desuper

124 4765 128 4770 “
242 4753 434 4851 signatura
452 4747 625 4821 habenda
643 4760 748 4821 esset
775 4745 921 4820 illorum
949 4745 1091 4818 tenoris
1109 4759 1148 4818 et
1165 4744 1237 4818 alia
1265 4743 1479 4840 supradicta
1497 4743 1738 4839 presentibus

239 4898 309 4969 pro
336 4873 526 4968 expressis
555 4872 737 4946 habentes
765 4897 842 4967 quo
869 4871 919 4944 ad
947 4871 1140 4966 premissa,
1170 4887 1274 4944 motu
1304 4886 1343 4943 et
1371 4869 1525 4942 scientia
1543 4867 1736 4958 similibus,

240 5022 421 5094 expresse
448 4998 677 5097 derogamus
704 5021 748 5070 ac
775 5020 936 5093 quorum
953 4996 1028 5068 vim
1056 5011 1095 5068 et
1112 4994 1284 5068 effectum
1304 4995 1581 5090 suspendimus,
1603 5009 1737 5089 etque

239 5123 351 5194 etiam
380 5121 416 5194 in
445 5139 628 5217 quantum
656 5145 754 5216 opus
782 5121 831 5193 sit
865 5143 1095 5207 revocamus,
1125 5143 1330 5202 cassamus,
1355 5117 1577 5206 anullamus‚
1597 5133 1638 5191 et
1664 5141 1736 5212 pro

239 5248 382 5321 infectis
409 5246 591 5321 habemus
619 5270 688 5341 per
713 5259 922 5341 presentes,
954 5242 1023 5318 illis
1049 5243 1141 5318 alias
1168 5245 1205 5316 in
1224 5267 1294 5318 suo
1313 5243 1449 5318 robore
1467 5242 1733 5339 permansuris,

240 5371 451 5468 ceterisque
486 5371 679 5445 contrariis
715 5369 1024 5467 quibuscumque.
