3686 5916
717 341 884 400 Clemente
902 339 993 400 XIII
1547 341 1602 400 563

107 533 354 608 Emolumenti
373 533 586 632 degI'officii
606 532 730 606 Rotali
751 549 887 630 rogato
905 559 974 630 per
991 532 1115 629 gl'atti
1134 532 1195 606 del
1214 536 1279 630 qr‘r'r
1299 533 1442 607 Cesare
1466 534 1602 609 Ridolfi

104 660 318 758 Segretario
347 658 384 731 di
413 658 573 732 Camera
603 658 625 732 il
653 658 690 732 di
725 661 769 730 18
799 658 1012 732 Decembre
1046 679 1146 751 1750
1175 683 1242 732 seu
1272 674 1342 732 etc.
1374 659 1599 758 Eleggiamo

104 813 125 860 e
153 785 369 881 deputiamo
398 785 433 856 in
454 783 699 879 Depositario
727 785 763 884 di
793 783 886 856 detti
907 781 1160 857 Emolumenti
1188 783 1211 857 il
1240 782 1341 881 Siga
1364 784 1452 858 Don
1472 783 1603 859 Marco

103 909 199 985 Zotti
227 908 272 1012 (.)
299 934 322 982 a
350 911 410 982 noi
440 908 702 983 ottirnamente
731 911 894 1006 cognito,
925 907 1032 992 abile,
1064 932 1202 1004 capace
1230 932 1251 981 e
1280 909 1317 982 di
1345 909 1456 1005 piena
1492 909 1604 984 illiba·

104 1051 204 1109 tezza
232 1034 268 1108 di
297 1035 466 1120 costumi,
489 1060 510 1107 e
539 1034 576 1106 di
604 1037 875 1130 sperimentata
894 1048 1155 1108 onoratezzae
1185 1032 1322 1108 fedelta
1344 1033 1381 1106 in
1409 1035 1524 1132 luogo
1543 1033 1603 1109 del

103 1161 203 1258 Sigr
231 1160 416 1234 Soccorso
443 1158 566 1232 Amici
592 1185 663 1256 per
689 1159 828 1232 essersi
856 1174 994 1255 questo
1031 1158 1236 1233 dichiarato
1269 1185 1342 1233 non
1380 1176 1512 1255 potere
1540 1160 1603 1256 piir

103 1283 303 1358 esercitare
331 1284 405 1356 tale
433 1283 686 1366 incombenza‚
721 1309 743 1356 e
772 1298 908 1380 questa
940 1281 1102 1356 elezione
1138 1308 1161 1357 e
1194 1284 1441 1379 deputazione
1469 1283 1504 1357 la
1533 1283 1605 1358 iac·

105 1408 222 1483 ciamo
250 1409 285 1481 in
314 1432 477 1505 persona
506 1407 543 1479 di
571 1407 676 1481 detto
707 1407 807 1505 Sig.r
836 1407 884 1479 D.
917 1407 1047 1480 Marco
1075 1405 1174 1481 Zotti
1201 1431 1272 1482 con
1299 1407 1463 1482 l'istessa
1490 1433 1605 1505 prov-

104 1535 244 1607 visione
271 1559 292 1606 e
322 1533 644 1629 rispettivamente
672 1534 754 1629 pesi
782 1533 830 1604 ed
849 1530 1016 1627 obblighi
1045 1532 1080 1604 in
1110 1547 1251 1606 tuttoe
1279 1557 1347 1629 per
1376 1547 1474 1606 tutto
1498 1558 1605 1606 corne

104 1660 134 1732 si
172 1658 344 1732 contiene
382 1657 467 1730 nelli
500 1658 712 1753 sopradetti
742 1637 905 1752 Capitoli
941 1654 1003 1728 alli
1039 1657 1142 1752 quali
1176 1681 1198 1729 e
1235 1657 1451 1753 qualmente
1479 1659 1522 1755 (ἓ)
1556 1657 1604 1732 da

106 1783 325 1858 cominciare
353 1780 458 1857 detta
486 1781 725 1856 incombenza
752 1781 775 1854 il
804 1783 840 1856 di
869 1784 990 1879 primo
1019 1782 1056 1854 di
1084 1782 1243 1881 Maggio
1281 1785 1479 1878 prossimo,
1510 1784 1603 1856 satta

105 1909 224 2006 prima
253 1909 301 1981 da
329 1933 417 1988 esso
446 1907 547 2005 Sig.r
573 1905 672 2002 Zotti
700 1907 735 1980 la
763 1907 902 1980 dovuta
931 1907 1056 1981 valida
1083 1907 1341 2005 obbligazione
1370 1933 1439 2004 per
1455 1907 1607 1982 l’adem·

104 2037 272 2130 pimento
309 2033 368 2106 de'
406 2031 574 2106 suddetti
604 2031 766 2128 Capitoli
804 2034 852 2106 ed
881 2033 1136 2106 instromento
1169 2035 1205 2104 in
1238 2033 1294 2106 cio
1327 2033 1395 2107 che
1423 2057 1606 2107 concerne

102 2157 377 2232 l'incombenza
415 2157 594 2231 suddetta
621 2157 868 2252 supplicando
897 2158 1020 2233 Mons.
1053 2156 1158 2231 Illriro
1187 2183 1208 2230 e
1237 2158 1384 2231 Revriro
1412 2158 1510 2232 della
1539 2183 1607 2232 sua

103 2283 269 2382 benigna
296 2283 583 2379 approvazione.
613 2280 654 2353 In
682 2281 767 2354 sede
795 2307 871 2357 ecc.
903 2283 1024 2356 Roma
1052 2297 1189 2378 questo
1209 2284 1245 2356 di
1264 2339 1403 2358 ......
1429 2283 1468 2356 Io
1490 2282 1627 2358 Bene·

104 2411 210 2483 detto
231 2408 364 2494 Amici,
388 2407 533 2480 Notaro
560 2406 659 2480 della
691 2404 729 2479 S.
752 2407 852 2481 Rota
884 2408 1022 2505 eleggo
1051 2434 1072 2481 e
1105 2407 1256 2482 nomino
1284 2432 1390 2481 come
1429 2433 1551 2505 sopra.
1581 2452 1608 2464 -

103 2535 143 2609 Io
173 2534 264 2607 Don
293 2532 417 2606 Pietro
447 2531 669 2630 Sparagana
698 2533 843 2606 Notaro
876 2533 974 2606 della
1011 2532 1049 2608 S.
1084 2533 1185 2606 Rota
1222 2532 1361 2631 eleggo
1398 2558 1419 2607 e
1456 2535 1609 2608 nomino

104 2685 212 2733 corne
242 2683 365 2754 sopra.
396 2658 491 2730 -Io
520 2656 667 2752 Filippo
697 2657 894 2754 Paparozzi
923 2658 1069 2732 Notaro
1097 2658 1194 2731 della
1221 2657 1262 2734 S.
1293 2659 1393 2732 Rota
1419 2658 1557 2756 eleggo
1585 2685 1607 2733 e

104 2785 259 2858 nomino
287 2807 393 2858 come
413 2807 527 2877 sopra
554 2825 580 2836 -
609 2783 869 2877 Approviamo
897 2782 933 2856 la
960 2782 1140 2856 suddetta
1167 2782 1330 2856 elezione
1349 2827 1376 2838 —
1397 2781 1448 2857 H.
1479 2782 1608 2856 Perelli

103 2907 308 2982 Tesoriere
337 2906 524 2980 Generaie
542 2949 569 2961 -
588 2907 638 2979 Et
656 2906 724 2979 suit
742 2906 840 2980 iacta
867 2907 1093 3003 approbatio
1120 2908 1234 2981 etiam
1260 2933 1284 2981 a
1302 2905 1341 2982 S.
1363 2907 1506 2981 Nostro
1524 2907 1609 2981 Tri-

103 3034 243 3120 bunali,
268 3033 431 3106 iniuncto
451 3048 577 3106 tamen
596 3055 710 3106 onere
730 3032 863 3105 iisdem
884 3032 1049 3106 Notariis
1069 3048 1108 3106 et
1135 3031 1467 3106 administraiionis
1486 3032 1608 3109 electo
1702 3017 1703 3020 Ἴ

103 3159 208 3254 quod
237 3159 275 3231 in
303 3157 555 3231 Instrumento
583 3157 837 3253 deputationis
865 3156 930 3231 fiat
947 3182 1128 3254 expressa
1147 3159 1286 3232 mentio
1314 3158 1427 3231 etiam
1456 3174 1609 3231 nostrae

102 3283 403 3380 approbationis.

816 3524 907 3604 454.

103 3673 149 3745 In
179 3671 304 3746 Sacra
334 3669 623 3767 Congregatrene
645 3668 684 3743 S.
709 3668 835 3776 Officii
858 3669 1043 3755 Decanus,
1065 3668 1124 3742 vel
1147 3668 1245 3743 aleus
1272 3669 1448 3756 Auditor,
1478 3670 1606 3756 Rotae,

187 3795 384 3872 Consulter
411 3821 483 3868 non
505 3793 695 3893 praecedit
722 3793 1039 3868 Commendatezrio
1066 3793 1105 3868 S.
1137 3793 1313 3893 Spiritus.

184 3951 297 4026 (Anca
315 3949 402 4024 Ron,
427 3949 617 4008 ‹Dr'arium
637 3948 812 4008 Camerale
825 3950 860 4021 ι).

580 4131 660 4206 Die-
763 4097 999 4230 Septembris
1033 4153 1143 4227 1759.

188 4295 369 4369 Exhibita
384 4293 465 4390 ¹suit
492 4318 562 4390 pro
590 4309 698 4388 parte
717 4293 764 4365 R.
787 4293 823 4368 P.
848 4292 895 4368 D.
919 4292 1075 4366 Castelli
1095 4295 1293 4390 responsio
1320 4294 1503 4369 adversus
1522 4295 1612 4370 alle-

102 4423 303 4520 gationem
332 4419 370 4495 S.
401 4419 531 4492 Nostri
558 4417 771 4492 Tribunalis
798 4419 954 4513 eiusque
983 4418 1069 4491 Rriri
1092 4417 1234 4493 Decani
1262 4421 1390 4494 favore
1418 4436 1610 4493 exaratam

103 4571 225 4642 super
245 4545 377 4617 ordine
398 4542 555 4616 sedendi
574 4544 609 4616 in
631 4543 938 4641 Congregatione
957 4542 995 4617 S.
1019 4541 1152 4630 Officii,
1172 4544 1313 4617 tenoris
1332 4560 1375 4618 ut
1393 4543 1563 4640 sequitur
1600 4602 1608 4620 .

187 4793 401 4890 Eidemque
421 4791 636 4891 allegationi
649 4895 651 4900 Ι
664 4792 754 4867 data
771 4809 830 4866 est
849 4819 871 4866 a
891 4793 928 4868 S.
960 4793 1006 4869 N.
1037 4792 1228 4868 Tribunali
1248 4818 1294 4867 ea
1316 4817 1413 4889 quae
1442 4794 1612 4890 sequitur

102 4943 328 5016 responsio:
406 5011 413 5022 ἱ

277 5114 372 5220 Briso
401 5114 532 5202 Padre,

190 5273 233 5346 Si
264 5271 506 5370 lusingarono
533 5272 741 5371 gl'Uditori
770 5271 868 5347 della
896 5274 996 5348 Rota
1024 5274 1195 5347 Romana
1215 5272 1415 5362 ,nell’altra
1443 5273 1612 5371 supplica

102 5397 280 5474 umiiiata
306 5396 341 5471 al
369 5397 498 5471 Trono
526 5397 623 5472 della
652 5398 689 5474 S.
712 5395 757 5474 V.
778 5397 816 5472 di
843 5398 1094 5473 ehiaranrente
1122 5397 1347 5473 dimostrare
1374 5423 1503 5473 essere
1522 5425 1612 5474 cosa
