3684 5920
264 351 320 410 616
882 353 1020 412 Soecuto
1038 351 1161 412 XVIII

266 543 572 618 transmissurum
609 561 688 618 tum
728 545 825 643 Epo
863 544 1197 640 Carpentoratensi
1239 560 1319 617 tum
1360 544 1613 618 Avenionensi
1648 543 1740 616 Vice-

265 668 429 766 Legato:
458 668 519 741 illa
548 694 617 764 pro
646 669 803 744 sollicita
836 668 1003 742 mandati
1039 669 1183 743 Rotalis
1220 669 1474 754 executione;
1504 667 1566 742 isti
1584 691 1678 753 vero,
1708 685 1743 738 ut

266 792 461 866 Notarium
492 792 633 867 Olivier
661 795 792 889 poenis
820 818 889 889 pro
918 795 1068 866 crimine
1096 793 1306 891 infligendis
1334 811 1566 868 coerceat...

972 1163 1062 1242 484.

264 1327 363 1400 Roto
399 1327 594 1424 exequitur
631 1326 829 1400 Decretum
863 1326 980 1400 lotum
1020 1333 1148 1400 contro
1190 1325 1393 1399 Advocatos
1426 1332 1460 1396 et
1495 1324 1747 1396 Procuratores

343 1451 564 1548 negligentes
602 1453 811 1550 scre'pturas
849 1476 912 1524 seu
944 1451 1221 1541 informationes
1260 1448 1479 1524 distribuero
1519 1447 1748 1520 Auditoriius

268 1683 271 1689 Ι
344 1576 458 1649 debito
484 1585 649 1675 temporo.

344 1747 461 1820 (Auen.
479 1746 566 1819 Ros..
590 1747 780 1808 ‹Dioreum
799 1747 973 1808 Camerote
985 1750 1023 1821 »).

738 1951 866 2023 Lunae
901 1975 943 2041 13
974 1949 1148 2024 februarii
1181 1951 1292 2044 1786.

345 2218 465 2291 Rrirus
494 2219 670 2292 Decanus
700 2219 830 2292 Patres
858 2219 1036 2292 certiores
1064 2217 1159 2304 lecit,
1191 2243 1233 2290 se
1261 2217 1297 2290 in
1325 2216 1584 2290 executionem
1610 2213 1750 2286 Decreti

266 2343 410 2417 Rotalis
430 2367 561 2416 recens
589 2341 653 2416 lati
682 2343 896 2416 facultatem
924 2343 1112 2418 ademisse
1130 2341 1366 2417 Procuratori
1388 2340 1558 2413 Rossetti
1577 2337 1751 2414 scribendi

262 2467 297 2538 in
326 2467 397 2541 hoc
425 2466 541 2540 Sacro
569 2467 759 2542 Tribunali
779 2492 826 2540 ex
845 2492 921 2565 quo
939 2467 1082 2542 libellos
1102 2439 1324 2540 distribuere
1348 2465 1642 2561 praetermiserit
1657 2462 1753 2537 audi·

263 2593 406 2665 toribus
435 2615 508 2664 non
536 2592 666 2665 laturis
694 2594 729 2664 in
757 2617 871 2666 causa
899 2591 1126 2691 suffragium.

1002 2833 1022 2878 'lt

427 2931 444 2966 ,
968 2895 988 2939 s
1036 2895 1056 2940 s

733 3030 833 3105 Rota
861 3029 921 3104 die
956 3053 999 3124 13
1029 3047 1136 3106 mart.
1174 3035 1284 3126 1786.

344 3300 566 3378 Procurator
607 3303 803 3378 Corradini
844 3305 950 3401 petiit
985 3320 1024 3378 et
1060 3305 1220 3380 obtinuit
1255 3303 1473 3402 reintegrari
1508 3303 1544 3375 in
1587 3301 1757 3376 facultate

263 3428 446 3502 scribendi
474 3429 668 3504 interdicta
696 3429 765 3504 sibi
792 3430 829 3503 in
858 3431 957 3506 Rota
985 3431 1058 3504 diei
1089 3455 1108 3524 3
1139 3431 1322 3506 februarii.

343 3553 432 3626 ldeo
476 3568 604 3627 autem
648 3553 762 3628 dilata
808 3554 987 3628 resolutio
1033 3577 1230 3628 causarum
1272 3578 1367 3650 quas
1408 3553 1520 3626 hodie
1564 3552 1759 3649 proposuit

264 3677 308 3752 R.
341 3677 378 3753 P.
410 3677 457 3752 D.
489 3677 721 3763 Lancellotti‚
765 3682 852 3773 quia
894 3679 1078 3753 nonnullis
1120 3679 1365 3752 Auditoribus
1407 3677 1625 3775 suffragium
1666 3676 1758 3748 ferre

263 3802 486 3874 debentibus
514 3803 644 3875 horam
673 3805 835 3898 punctim
866 3806 1068 3877 constituta
1097 3804 1132 3875 in
1161 3798 1296 3877 ultimo'
1320 3801 1443 3876 Rotali
1473 3801 1641 3875 Decreto
1659 3799 1758 3874 libel-

262 3925 383 3999 lorum
412 3925 624 4002 distributio
651 3928 748 4002 lacta
776 3952 850 4000 non
879 3931 957 4002 tuit.

1001 4172 1021 4214 ’lt

966 4235 987 4278 ὣ
1035 4234 1056 4277 *

806 4374 905 4448 Rota
933 4373 1218 4446 Memorialium.

774 4517 846 4590 Die
878 4541 926 4609 24
955 4516 1097 4612 Aprilis
1132 4519 1242 4609 1786.

342 4789 506 4862 Decreta
533 4812 555 4860 a
583 4812 625 4861 se
652 4786 729 4860 lata
756 4785 953 4860 occasione
979 4785 1153 4859 visitandi
1180 4783 1301 4857 officia
1328 4783 1477 4857 Rotalia
1505 4781 1599 4856 dixit
1625 4809 1668 4856 se
1689 4785 1758 4856 sore

259 4913 576 4987 comunicaturum
613 4912 782 4986 Patribus
820 4911 939 4984 Rrirus
975 4913 1012 4989 P.
1044 4911 1094 4986 D.
1135 4909 1323 4985 Decanus.
1362 4908 1463 4982 Idem
1501 4908 1681 4984 hortatus
1708 4927 1758 4981 est

259 5039 389 5112 Patres
432 5053 474 5110 ut
515 5036 705 5111 Rotalium
742 5035 1060 5111 Constitutionum
1103 5036 1235 5110 sedulo
1272 5035 1486 5108 incumbant
1522 5034 1758 5108 observantia

257 5166 394 5261 quibus
422 5177 572 5236 cautum
601 5179 672 5248 est,
702 5187 748 5235 ne
778 5161 902 5234 Dubia
930 5162 1211 5236 subscribantur
1239 5161 1307 5233 nisi
1343 5161 1495 5255 praevia
1531 5157 1607 5232 lide
1643 5176 1758 5233 trans·

257 5288 479 5386 portationis
508 5303 698 5372 actorum;
727 5313 810 5360 cum
840 5287 919 5381 ipse
948 5287 983 5358 in
1004 5311 1072 5359 sua
1091 5287 1301 5360 visitatione
1320 5284 1532 5358 instantiam
1556 5285 1758 5382 inspexerit

255 5437 325 5511 pro
353 5412 694 5507 circumscriptione
724 5411 940 5484 Sententiae
969 5410 1116 5484 Rotalis
1145 5411 1214 5482 hoc
1240 5405 1330 5484 vitio
1358 5409 1575 5484 laborantis.
