3720 5914
781 329 903 388 Calisto
921 329 980 389 III
1577 332 1629 390 149

126 517 348 614 strepitibus
382 522 501 617 erepti
536 522 679 609 luerint,
710 538 750 596 et
786 523 969 597 dictorum
1005 524 1317 620 predecessorum
1346 539 1385 596 et
1412 521 1630 596 Allexandri

126 643 298 742 vestigiis
326 645 551 732 inherentes,
572 670 717 721 necnon
736 647 902 744 ipsorum
921 647 1232 745 predecessorum
1252 663 1291 722 et
1310 647 1528 722 Allexandri
1548 673 1629 744 pre·

127 767 248 842 dictas
276 793 321 842 ac
349 771 513 844 omnium
542 787 582 845 et
608 772 840 871 singulorum
867 773 1023 848 aliorum
1043 771 1320 872 privilegiorum
1347 773 1630 846 concessionum

127 909 167 966 et
194 893 401 990 gratiarum
419 919 488 991 per
515 921 773 994 quoscumque
792 896 884 972 alios
904 899 1096 974 Romanos
1117 897 1313 973 Pontifices
1338 898 1630 993 predecessores

12 1035 13 1040 ’
128 1032 282 1092 nostros
309 1018 453 1094 eisdem
472 1022 721 1097 Auditoribus
748 1038 787 1095 et
814 1022 1112 1098 locatenentibus
1145 1047 1212 1096 seu
1240 1023 1276 1096 in
1305 1047 1434 1096 eorum
1463 1023 1628 1096 savorem

128 1142 311 1216 hactenus
339 1146 622 1241 quomodolibet
649 1172 913 1222 concessorum
941 1147 1086 1221 litteras
1104 1147 1342 1244 apostolicas,
1363 1171 1521 1243 quarum
1549 1171 1630 1219 om-

130 1267 230 1342 nium
271 1285 435 1357 tenores,
472 1271 627 1346 effectus
668 1288 784 1369 atque
826 1272 964 1346 lorrnas
1000 1296 1045 1345 ac
1085 1272 1117 1346 si
1151 1273 1199 1346 de
1236 1275 1353 1347 verbo
1390 1273 1438 1345 ad
1472 1274 1628 1346 verbum

129 1395 370 1488 presentibus
405 1395 536 1470 inserti
577 1397 699 1471 sorent
731 1397 859 1472 haberi
892 1397 1067 1472 volumus
1108 1421 1177 1494 pro
1206 1395 1405 1493 expressis,
1446 1419 1514 1471 nec
1555 1421 1629 1470 non

129 1519 254 1592 omnia
282 1535 322 1592 et
349 1519 497 1619 singula
532 1521 568 1594 in
596 1522 651 1596 eis
679 1537 866 1609 contenta,
896 1523 1120 1597 auctoritate
1147 1521 1355 1618 apostolica
1382 1535 1421 1595 et
1447 1545 1494 1594 ex
1528 1535 1630 1595 certa

129 1641 297 1729 scientia,
327 1658 458 1719 tenore
487 1647 717 1743 presentium
745 1648 1003 1742 approbantes
1032 1663 1071 1720 et
1088 1647 1353 1720 confirmantes
1380 1671 1424 1718 ac
1452 1644 1563 1741 pleno
1591 1659 1632 1717 et

129 1786 317 1865 perpetuo
344 1767 527 1844 firmitatis
555 1772 691 1845 robore
720 1771 925 1845 subsistere
952 1771 1092 1845 debere
1119 1771 1377 1855 decernentes,
1408 1785 1512 1845 motu
1543 1793 1631 1867 pro-

128 1893 224 1988 prio,
255 1918 330 1968 non
358 1895 408 1968 ad
434 1894 601 1992 ipsorum
630 1895 856 1970 Auditorum
885 1921 951 1970 seu
980 1895 1270 1970 locatenentium
1298 1897 1359 1969 vel
1387 1896 1541 1970 alterius
1560 1919 1631 1991 pro

128 2019 184 2090 eis
212 2019 321 2092 nobis
351 2045 465 2117 super
493 2020 562 2095 hoc
582 2021 708 2095 oblate
735 2022 925 2118 petitionis
952 2021 1179 2108 instantiam,
1197 2020 1267 2095 sed
1293 2023 1342 2094 de
1368 2034 1499 2095 nostra
1526 2043 1630 2094 mera

127 2141 363 2230 liberalitate,
393 2167 466 2217 non
494 2146 609 2218 modo
636 2145 758 2220 dictos
777 2145 983 2221 Auditores
1010 2161 1050 2218 et
1077 2145 1333 2219 locatenentes
1362 2159 1559 2241 presentes
1587 2167 1631 2216 ac

126 2269 276 2342 futuros
294 2294 363 2365 per
389 2268 532 2344 litteras
562 2269 722 2368 Eugenii
740 2271 1022 2366 predecessoris
1049 2272 1239 2367 predictas
1266 2271 1420 2367 prelatis
1447 2295 1491 2342 ac
1510 2269 1632 2343 omni-

128 2396 201 2467 bus
229 2409 268 2466 et
297 2393 453 2491 singulis
481 2394 561 2469 aliis
589 2395 728 2468 nostris
755 2395 791 2467 in
820 2395 1037 2469 cancellaria
1056 2395 1265 2493 apostolica
1283 2394 1480 2492 descriptis
1507 2392 1632 2488 predi·

128 2517 200 2589 ctis
237 2541 306 2614 per
333 2542 402 2592 nos
434 2517 616 2592 hactenus
653 2543 915 2593 concessarum
953 2537 991 2594 et
1024 2521 1272 2615 imposterum
1305 2519 1448 2593 eisdem
1481 2543 1525 2592 ac
1561 2541 1632 2614 per

128 2667 370 2716 successores
398 2659 548 2718 nostros
578 2645 771 2718 Romanos
800 2644 997 2718 Pontifices
1026 2645 1104 2718 sive
1131 2670 1201 2740 per
1228 2645 1438 2740 descriptos
1466 2643 1502 2715 in
1544 2665 1633 2715 can-

128 2765 279 2840 cellaria
307 2768 475 2864 predicta
512 2768 590 2842 sive
627 2792 696 2865 per
730 2769 831 2843 aliud
867 2771 1134 2866 quodcumque
1172 2769 1448 2866 predilectionis
1480 2767 1631 2865 signum

127 2889 386 2966 describendis
403 2907 470 2966 aut
496 2893 748 2989 exprimendis
776 2918 908 2966 eorum
935 2893 1176 2967 familiaribus
1194 2893 1379 2967 continuis
1397 2915 1632 2966 commensa-

127 3019 226 3092 libus
254 3018 502 3092 concedendis
529 3019 779 3117 prerogativis
815 3018 1105 3094 antelatiouibus
1134 3018 1415 3115 exceptionibus
1443 3034 1482 3090 et
1510 3014 1632 3088 decla·

129 3142 349 3230 rationibus,
378 3144 551 3239 quamvis
585 3143 621 3216 in
658 3142 726 3216 illis
752 3144 801 3218 de
828 3143 937 3218 dictis
974 3143 1228 3218 Auditoribus
1260 3166 1303 3215 ac
1334 3141 1633 3217 locatenentibus

129 3266 231 3342 nulla
260 3268 399 3342 mentio
426 3267 524 3343 sacta
552 3267 661 3343 suerit
688 3291 732 3340 ac
750 3268 814 3342 fiet
842 3270 876 3341 in
905 3269 1069 3342 futurum
1101 3270 1136 3340 in
1169 3291 1491 3365 quorumcumque
1521 3289 1634 3339 cano-

129 3395 331 3478 nicatuum,
348 3393 635 3490 prebendarum,
652 3394 890 3491 dignitatum,
906 3410 1190 3490 personatuum,
1215 3393 1577 3467 administrationum
1595 3407 1634 3465 et

128 3517 347 3602 officiorum,
367 3517 695 3614 prestimoniorum
725 3544 878 3616 quoque
907 3536 948 3593 et
980 3519 1313 3614 prestimonialium
1342 3517 1557 3616 portionum
1589 3540 1633 3588 ac

129 3642 351 3738 simplicium
380 3657 419 3716 et
451 3641 731 3717 servitoriorum
759 3659 1047 3739 ceterorumque
1075 3642 1338 3719 beneficiorum
1365 3641 1633 3716 ecclesiastico·

129 3793 226 3853 rum,
255 3793 340 3841 cum
366 3792 455 3843 cura
482 3783 523 3842 et
550 3769 630 3842 sine
658 3792 758 3855 cura,
789 3769 1012 3842 secularium
1041 3784 1079 3842 et
1107 3769 1279 3842 ordinum
1306 3790 1632 3864 quorumcumque

130 3892 369 3991 regularium,
407 3917 475 3988 per
503 3892 607 3989 ipsos
646 3910 684 3966 et
721 3892 867 3967 illorum
899 3891 1120 3990 quemlibet,
1149 3894 1281 3990 vigore
1313 3891 1633 3989 expectativarum

129 4017 424 4091 nominationum
454 4017 501 4090 de
529 4017 583 4090 eis
613 4017 794 4090 factarum
815 4043 881 4089 seu
911 4016 1165 4091 faciendarum
1185 4043 1229 4091 ac
1247 4018 1295 4090 de
1314 4017 1483 4112 proximo
1501 4037 1634 4088 vacan-

129 4144 222 4216 tium
252 4167 318 4215 seu
346 4141 500 4214 aliarum
530 4141 747 4237 specialium
776 4143 1086 4229 reservationum,
1107 4166 1252 4217 necnon
1280 4143 1329 4216 de
1357 4141 1410 4214 sic
1447 4138 1634 4212 vacaturis

129 4293 216 4342 cum
262 4269 448 4342 vacabunt
483 4267 721 4342 conferendis
759 4268 1038 4354 mandatorum,
1076 4268 1345 4364 unionumque,
1384 4267 1633 4338 annexionum

127 4392 482 4489 incorporationum,
511 4393 832 4489 suppressionum,
863 4392 1096 4489 illarumque,
1127 4417 1194 4465 seu
1224 4391 1382 4476 illorum,
1412 4388 1634 4464 comutacio·

128 4543 219 4592 num
238 4517 498 4591 extensionum
517 4541 585 4591 seu
605 4517 913 4590 revalidationum
933 4518 1076 4590 eisdem
1098 4517 1344 4590 Auditoribus
1362 4531 1402 4588 et
1419 4514 1635 4588 locatenen-

130 4643 230 4718 tibus
258 4639 497 4737 presentibus
525 4660 565 4715 et
591 4641 724 4715 futuris
751 4667 795 4715 ac
823 4640 973 4716 cuilibet
999 4665 1131 4716 eorum
1161 4641 1383 4714 coniunctim
1403 4655 1471 4712 aut
1488 4638 1633 4711 divisim

130 4793 200 4866 per
247 4791 318 4842 nos
359 4767 539 4842 hactenus
577 4783 617 4842 et
652 4782 740 4841 ante
781 4781 932 4862 tempus
974 4792 1052 4864 quo
1097 4768 1146 4840 ad
1188 4766 1350 4838 officium
1385 4764 1635 4838 Auditoratus

128 4893 340 4968 huiusmodi
354 4908 637 4967 assumerentur
654 4915 917 4967 concessarum
936 4907 975 4966 et
994 4889 1331 4977 comedendarum,
1353 4915 1511 4986 quarum
1532 4905 1633 4962 teno·

130 5045 191 5095 res
219 5020 268 5093 de
295 5020 414 5092 verbo
441 5019 490 5092 ad
522 5018 677 5091 verbum
713 5015 880 5090 similiter
913 5017 1154 5113 presentibus
1192 5014 1321 5091 haberi
1353 5015 1528 5088 volumus
1562 5037 1632 5110 pro

128 5141 331 5244 expressis,
362 5167 428 5216 seu
457 5167 526 5238 per
554 5149 623 5215 nos
657 5143 716 5216 vel
754 5165 993 5246 successores
1031 5157 1181 5214 nostros
1211 5141 1406 5214 Romanos
1439 5137 1635 5213 Pontifices

127 5267 453 5346 concedendarum
481 5266 611 5364 vigore
630 5266 807 5351 iacienda,
830 5266 883 5338 uti
901 5281 941 5340 et
959 5263 1126 5364 gaudere
1145 5265 1314 5360 potuisse
1333 5291 1378 5338 ac
1402 5287 1528 5361 posse,
1550 5285 1636 5333 nec-

126 5423 200 5474 non
228 5391 410 5470 debuisse
437 5408 477 5465 et
503 5393 642 5466 debere
660 5407 700 5466 et
727 5392 763 5466 in
791 5371 956 5465 futurum
984 5389 1180 5486 parimodo
1208 5405 1247 5463 et
1265 5391 1411 5486 absque
1430 5388 1503 5461 ulla
1532 5383 1634 5459 difle-
