3720 5916
536 344 620 402 Sede
638 348 778 402 vacante
796 373 814 386 ·-
832 341 1023 401 Alexandro
1044 341 1109 400 VII
1514 341 1571 402 387

80 540 198 615 insteti
217 563 333 636 penes
362 534 524 610 eundem
554 534 666 610 Card.
700 535 904 608 Antonium
935 533 1180 608 Barberinum
1208 533 1274 630 qui
1300 534 1496 631 respondit
1513 534 1573 612 illa

80 687 286 738 reservasse
320 679 359 736 et
395 675 597 756 propterea
623 657 728 734 adire
756 659 803 732 R.
843 658 881 733 P.
913 657 962 731 D.
993 657 1204 732 Ansaldum
1241 659 1321 732 eius
1349 660 1572 736 Auditorem

80 789 138 885 qui
165 788 327 863 habebat
345 787 542 861 ordines...
571 787 621 859 ab
648 810 696 858 eo
719 784 872 880 percepi
900 782 1003 880 quod
1022 809 1111 856 cura
1129 784 1379 880 expeditionis
1407 785 1574 860 mandati

79 913 268 1009 spectabat
294 912 343 986 ad
373 910 612 983 Franciscum
641 908 789 994 Pisium,
811 907 942 1004 Populi
963 907 1122 982 Romani
1150 908 1382 1006 scriptorem,
1406 911 1574 1006 quicum

79 1051 176 1110 esset
194 1061 301 1109 meus
320 1035 472 1122 amicus,
493 1032 593 1107 nulla
612 1034 834 1129 interposita
853 1055 970 1119 mora,
990 1029 1078 1106 lecit
1096 1034 1184 1108 mihi
1202 1033 1371 1108 ordinem
1390 1034 1572 1134 directum

79 1161 273 1236 Laurentio
312 1160 506 1234 Paribenio
539 1158 756 1234 Camerario
793 1183 863 1254 pro
900 1159 1198 1254 consequutione
1234 1159 1571 1233 emolumentorum

78 1287 322 1382 spectantium
350 1285 527 1359 addicta
554 1283 686 1365 officia,
708 1283 876 1358 subdens
903 1309 951 1359 ex
980 1307 1021 1356 se
1049 1283 1152 1382 quod
1180 1281 1239 1358 illa
1263 1283 1469 1359 Auditores
1497 1309 1571 1358 non

76 1408 211 1484 habent
238 1413 288 1484 ab
315 1410 425 1484 Emo
454 1407 642 1483 Cardinali
672 1406 901 1495 Camerari0,
933 1410 1002 1483 sed
1031 1410 1078 1483 de
1115 1409 1194 1484 iure
1222 1408 1409 1483 debentur
1440 1409 1572 1483 iisdem

76 1533 318 1609 Auditoribus
339 1553 530 1632 tamquam
559 1531 755 1630 descriptis
773 1535 809 1606 in
828 1534 923 1608 listis
950 1550 991 1608 et
1016 1533 1154 1608 notulis
1181 1533 1345 1631 antiquis
1365 1559 1434 1632 per
1451 1535 1572 1632 ipsum

75 1659 218 1734 traditis
246 1661 348 1734 dicto
376 1658 681 1733 Eminentissimo
709 1684 752 1733 ac
781 1659 861 1732 eius
890 1659 1064 1732 Auditori
1091 1660 1156 1755 qui
1189 1682 1263 1733 non
1291 1677 1399 1734 erant
1426 1659 1474 1732 de
1503 1661 1573 1734 hac

74 1786 228 1857 materia
257 1783 488 1858 informati.¹

150 2033 267 2108 Aliud
294 2033 589 2109 emolumentum
608 2034 712 2129 quod
733 2047 1016 2129 consequuntur
1035 2034 1240 2108 Auditores
1259 2034 1393 2122 Rotae,
1414 2051 1574 2109 vacante

72 2156 182 2245 Sede,
198 2159 372 2234 consistit
398 2159 434 2232 in
462 2158 609 2233 duabus
629 2183 676 2245 ex
695 2160 814 2233 tribus
842 2161 1012 2256 partibus
1031 2183 1233 2234 cannarum
1256 2184 1274 2256 5
1298 2161 1410 2258 panni
1430 2162 1575 2259 primae

71 2284 181 2356 sortis
209 2299 250 2359 et
278 2284 358 2358 aliis
386 2285 537 2358 duabus
572 2309 678 2358 canu.
718 2311 801 2358 cum
831 2285 983 2359 dimidio
1020 2285 1153 2360 tertiae
1181 2287 1306 2372 sortis,
1338 2309 1404 2360 seu
1435 2288 1574 2384 speciei

70 2408 172 2504 quod
200 2434 273 2507 pro
301 2411 470 2485 vestibus
498 2409 719 2509 lugubribus
738 2409 804 2484 dat
833 2411 995 2485 Camera
1023 2411 1244 2508 Apostolica
1272 2412 1428 2510 singulis
1453 2412 1574 2487 Audi-

70 2535 235 2610 toribus:
265 2533 337 2608 hoc
354 2535 467 2610 etiam
488 2536 781 2610 emolumentum
802 2535 1018 2610 conceditur
1035 2538 1189 2633 praevio
1208 2539 1386 2612 mandato
1414 2556 1574 2614 extenso

69 2683 91 2730 a
118 2659 281 2736 Notario
312 2658 496 2734 Camerae
524 2677 563 2734 et
591 2661 804 2756 subscripto
832 2685 855 2734 a
884 2659 1085 2735 Cardinale
1114 2661 1333 2736 Camerario
1349 2722 1464 2740 .....

150 2785 264 2859 Haec
291 2783 420 2881 itaque
456 2800 545 2858 sunt
580 2785 834 2858 emolumenta
871 2809 969 2881 quae
997 2785 1203 2861 Auditores
1240 2787 1381 2861 habent
1408 2804 1447 2861 et
1474 2812 1574 2885 quae

71 2908 120 2981 ita
146 2926 285 2984 exacte
314 2933 388 3006 ego
416 2910 598 2984 adnotare
626 2909 739 2997 volui,
769 2935 826 2993 ne,
857 2911 1053 2984 eveniente
1073 2937 1173 2996 casu,
1195 2913 1318 3009 possit
1337 2913 1499 2986 dubitari
1528 2916 1576 2989 de

70 3034 230 3109 ueritate
258 3035 354 3108 illius
371 3093 486 3112 .....

786 3317 875 3396 268.

66 3479 208 3555 Electio
239 3481 459 3555 Alexandri
492 3481 576 3555 VII.
607 3525 634 3536 -
661 3478 863 3553 Auditores
890 3479 1089 3554 decernunt
1113 3507 1207 3578 quae
1233 3482 1430 3567 referenda
1461 3427 1578 3557 essent

145 3633 244 3682 novo
271 3605 449 3700 Pentzfice'
470 3606 511 3679 in
527 3607 702 3701 fievorem
730 3606 860 3678 Rotae.

145 3762 270 3831 (Anca.
290 3761 377 3831 Ron,
401 3759 592 3819 «Dr'are'um
613 3759 748 3833 Celsin).

147 3963 230 4036 Die
267 3960 456 4034 Mercurii
487 3981 511 4054 7
547 3958 698 4059 Apriles
736 3959 838 4052 1655.
880 3957 940 4030 De
973 3981 1082 4063 mane
1115 3972 1262 4032 creatus
1300 3959 1367 4032 suit
1406 3958 1576 4035 Pontifex

66 4088 213 4164 Fabius
245 4087 358 4162 Card.
393 4086 547 4160 Ghisius
580 4101 619 4158 et
651 4082 865 4180 appellatus
897 4081 1115 4156 Alexander
1142 4083 1221 4173 Vll,
1257 4087 1576 4160 consentientibus

64 4215 250 4288 omnibus
279 4210 551 4295 Cardinalibus,
583 4235 719 4306 nempe
746 4235 830 4283 cum
860 4207 1047 4305 suffragiis
1078 4213 1138 4301 64.

148 4338 233 4413 Die
259 4337 356 4412 Iovis
381 4337 407 4410 8
436 4335 596 4433 Apriles,
617 4333 684 4408 luit
712 4335 837 4408 habita
858 4333 1118 4432 Congregatio
1141 4333 1177 4408 in
1197 4335 1369 4409 Aedibus
1390 4336 1432 4408 B.
1454 4335 1506 4408 M.
1529 4335 1577 4407 de

64 4465 166 4540 Pace
197 4489 284 4537 cum
313 4463 524 4535 interventu
553 4483 576 4550 9
605 4459 833 4533 Auditorum
861 4459 1081 4534 absentibus
1109 4458 1347 4558 Peutingerio
1375 4475 1415 4533 et
1444 4459 1574 4536 Cerro.

64 4589 232 4664 Domini
259 4589 539 4660 intervenerunt
566 4609 650 4657 cum
679 4583 769 4658 solis
797 4583 1026 4658 Rocchettis.

149 4715 255 4788 Drirs
286 4713 461 4786 Decanus
481 4724 684 4807 postquam
713 4731 954 4806 summopere
976 4707 1139 4782 laetatus
1158 4708 1226 4782 luit
1252 4708 1300 4782 de
1320 4710 1576 4806 assumptione

61 4839 283 4914 Alexandri
311 4837 378 4910 Vll
406 4836 455 4910 ad
484 4834 740 4932 pontificatum
769 4850 925 4930 propter
951 4834 1034 4907 eius
1063 4835 1274 4934 singulares
1292 4835 1415 4921 dotes,
1446 4835 1578 4908 sancti-

61 4983 205 5048 tatem,
238 4961 459 5048 doctrinam,
487 4959 758 5056 experientiam
787 4973 826 5032 et
861 4958 954 5034 alias
990 4958 1160 5043 virtutes,
1189 4960 1367 5055 exposuit
1402 4960 1504 5054 quod
1541 4959 1577 5033 in

58 5091 127 5165 tali
159 5088 364 5164 occasione
393 5084 490 5160 solet
520 5083 633 5158 Card.
665 5083 1001 5158 Vicecancellarius
1029 5083 1267 5157 introducere
1296 5083 1501 5157 Auditores
1528 5085 1578 5156 ad

149 5351 158 5384 ¹
188 5345 296 5407 Valor
322 5347 562 5422 praedictorum
589 5346 893 5417 emolumentorum,
919 5358 959 5402 ea
976 5342 1151 5415 occasione,
1170 5341 1363 5410 ascendebat
1380 5342 1422 5400 ad
1441 5349 1531 5401 scuta
1542 5341 1576 5401 51

59 5445 239 5510 monetae,
256 5436 302 5496 uti
321 5435 365 5495 ibi
384 5435 417 5496 in
436 5441 549 5494 tenore
567 5433 724 5492 Mandati
738 5432 941 5492 describitur.
1222 5433 1226 5441 “
