3708 5918
453 322 632 382 Benedicta
650 321 724 383 XII
734 353 753 366 -
778 321 907 384 Urbano
934 322 993 382 V·
1013 322 1172 396 Gregorio
1190 322 1245 382 XI
1559 327 1598 386 89

92 515 190 589 tibus
219 514 409 603 auxilium,
437 541 481 590 ac
509 515 720 590 huiusmodi
748 541 845 613 equa
873 516 1006 591 divisio
1025 517 1060 589 in
1078 517 1201 591 causis
1230 540 1305 613 que
1323 531 1530 592 tractantur
1559 519 1594 591 in

94 639 317 714 consistorio
345 665 413 736 per
426 639 788 728 Vicecancellarium,
810 643 845 714 in
874 642 955 716 aliis
982 667 1073 716 vero
1101 667 1170 738 per
1197 640 1402 716 Additores
1430 641 1594 738 ipsarum

95 789 305 850 causarum,
335 765 416 840 fiat:

177 891 239 982 38.
259 886 280 929 *
307 914 351 963 ac
380 887 528 964 duobus
557 888 764 964 Advocatis
793 891 975 964 duntaxat
1003 915 1091 988 pars
1120 889 1285 986 quelibet
1322 892 1369 965 sit
1405 907 1593 979 contenta,

96 1038 165 1088 nec
192 1014 322 1111 plures
350 1013 474 1090 valeat
501 1015 683 1091 obtinere.

176 1136 197 1179 *
226 1137 327 1212 Nulli
355 1162 461 1237 ergo,
491 1155 562 1214 etc.

175 1261 196 1302 *
224 1261 367 1336 Datum
395 1263 604 1351 Avenione,
620 1280 729 1338 sexto
756 1263 937 1338 kalendas
966 1267 1189 1353 novembris,
1211 1265 1450 1361 pontificatus
1478 1265 1597 1341 nostri

97 1413 199 1462 anno
226 1402 347 1462 sexto.

822 1603 885 1680 55.

175 1759 350 1834 Urbanus
387 1761 423 1834 V
444 1761 705 1858 (1362·1370)
734 1761 887 1835 innovat
910 1763 1174 1836 reservationes
1200 1762 1392 1837 Benedicti
1415 1764 1516 1839 XII.

176 1932 371 2006 (cRegutae
390 1935 618 1994 cancellariae
636 1936 862 2010 Apostolicaea·
887 1953 945 2010 per
963 1936 1363 2012 Orrnnurnmnsbruck,
1384 1938 1481 2012 1888,
1499 1946 1533 2013 p.
1554 1939 1599 1997 le

1402 2202 1502 2261 Anno
1517 2201 1600 2260 1362.

177 2477 212 2548 5.
241 2454 348 2538 Item,
381 2453 555 2528 dominus
585 2469 715 2528 noster
743 2454 932 2538 Urbanus,
964 2455 995 2527 ll
1027 2479 1113 2530 non.
1140 2457 1330 2530 novembr.
1361 2455 1599 2552 pontificatus

95 2581 151 2652 sui
165 2603 266 2653 anno
280 2579 307 2663 l,
324 2579 412 2652 iecit
431 2580 708 2653 reservationes
726 2579 936 2677 generales,
959 2578 1098 2654 similes
1118 2580 1186 2654 illis
1206 2605 1302 2677 quas
1320 2579 1407 2654 fecit
1425 2579 1601 2654 dominus

96 2703 324 2780 Benedictus
343 2703 426 2790 Xll,
446 2718 644 2778 contentas
664 2704 699 2777 in
728 2705 994 2779 constitutione
1023 2730 1098 2801 que
1127 2705 1253 2801 incipit
1280 2706 1361 2778 <ad
1377 2705 1544 2803 regimen

101 2829 365 2903 «ordinationi
384 2845 422 2903 et
441 2827 677 2925 dispositioni
696 2853 763 2902 sue
782 2829 971 2924 quamdiu,
994 2846 1101 2905 etc.»
1128 2831 1223 2905 sicut
1251 2831 1338 2904 inibi
1366 2829 1598 2906 continetur:

92 2939 210 3029 voluit
238 2952 354 3026 etiam
384 2955 455 3027 sub
481 2953 581 3027 dicta
610 2954 865 3028 reservatione
892 2955 1029 3027 includi
1055 2954 1234 3030 beneficia
1263 2954 1597 3030 Subcollectorum.

824 3273 888 3351 56.

99 3430 311 3528 Gregorius
338 3431 412 3505 XI
433 3435 694 3530 (1370-1378)
724 3433 926 3507 Auditores
955 3434 1101 3507 Palatii
1114 3461 1140 3507 a
1167 3434 1416 3508 iurisdictione
1443 3435 1602 3508 cuiusvis

175 3565 253 3629 tam
280 3556 473 3630 ordinarii
496 3582 608 3656 quam
635 3557 796 3656 delegati
818 3559 951 3632 indieis
967 3560 1107 3664 enimit.
1137 3585 1262 3658 eosque
1279 3557 1401 3632 subdit
1418 3558 1456 3634 S.
1478 3559 1527 3635 R.
1549 3559 1598 3636 E.

181 3679 401 3756 Camerarro
427 3725 445 3740 ·
471 3693 568 3757 vetat
592 3711 649 3759 eas
668 3697 776 3784 posse
803 3685 847 3758 ab
884 3685 970 3759 aleis
1005 3685 1183 3759 indicibus
1218 3685 1391 3758 intimari
1420 3686 1479 3758 vel
1506 3683 1601 3758 inlei·

176 3807 259 3880 beri
281 3849 300 3864 -
326 3807 480 3881 ordinat
503 3810 739 3906 quandonam
771 3809 967 3908 procedere
993 3811 1141 3909 possint
1172 3811 1373 3884 Andetores
1408 3811 1448 3882 in
1479 3811 1599 3883 causis

174 3943 289 4029 snper
314 3931 482 4006 nullitate
508 3935 771 4008 sententiarum
797 3947 909 4036 super
935 3935 1175 4010 contractibus
1201 3937 1392 4010 usurariis
1410 3979 1429 3990 -
1453 3944 1490 4009 et
1505 3933 1606 4032 qnod

175 4065 296 4131 certas
321 4061 542 4156 exceptiones
568 4086 641 4134 non
680 4060 881 4134 admittant
918 4105 936 4118 -
974 4060 1075 4160 qnod
1098 4061 1242 4134 litteras
1267 4061 1427 4135 iustitiae
1452 4074 1524 4160 per
1564 4087 1600 4135 se

175 4181 341 4278 sigillent
364 4225 381 4240 -
407 4184 537 4257 statuit
569 4185 713 4258 litteras
747 4185 1005 4260 nominationis
1040 4187 1080 4259 in
1111 4185 1347 4285 Capellannm
1375 4213 1448 4260 esse
1479 4185 1601 4260 Came·

176 4307 286 4381 rario
325 4308 528 4384 tradendas
566 4318 610 4383 nt
646 4309 930 4408 capellanorum
966 4313 1115 4384 nomena
1149 4310 1404 4385 describantur
1435 4311 1475 4384 in
1506 4311 1600 4383 libra

187 4431 363 4508 Camerae
403 4477 429 4488 -
460 4427 623 4509 decernil
659 4436 896 4534 quandonam
933 4435 1100 4510 devenire
1133 4437 1279 4535 possint
1312 4436 1515 4510 Auditores
1550 4434 1605 4507 ad

177 4557 380 4632 cinnam
400 4558 633 4657 personalem
659 4557 942 4658 diffamatorum
970 4587 1011 4633 en
1038 4560 1160 4633 causis
1186 4560 1317 4633 eisdem
1354 4559 1550 4634 commestis
1576 4585 1601 4630 a

180 4681 302 4780 Papa.

178 4855 206 4926 (‹
220 4855 373 4928 Regutae
393 4856 646 4916 cancellariae»
669 4857 885 4929 Orrnnurnn..
905 4859 925 4916 1.
945 4859 991 4929 a).

1082 4961 1190 5020 Annis
1210 4960 1280 5020 1370
1298 4966 1329 5019 et
1345 4960 1564 5034 sequentibus

181 5137 328 5240 Regule
356 5140 444 5214 date
472 5143 509 5215 in
547 5141 778 5218 Cancellaria
805 5167 874 5240 per
901 5143 1093 5217 dominum
1122 5143 1350 5242 Gregorium
1378 5166 1516 5241 papam
1536 5140 1598 5216 Xl.

184 5413 243 5485 52.
273 5391 381 5478 ltem,
402 5390 501 5466 idem
521 5390 693 5466 dominus
713 5407 852 5479 noster,
871 5392 922 5463 lv
936 5392 995 5467 id:
1015 5391 1103 5464 iunii
1121 5392 1359 5489 pontificatus
1380 5391 1435 5464 sui
1454 5415 1554 5465 anno
1573 5391 1599 5479 1,
