3748 5914
223 283 281 346 326
839 295 977 356 Socculo
995 295 1097 356 XVII

222 481 464 580 originalibus
490 487 739 580 pronunciare
766 489 901 574 valeat,
923 489 974 561 ita
994 505 1119 562 tamen
1138 487 1242 584 quod
1270 513 1359 584 pars
1377 488 1427 561 ad
1450 488 1554 562 euius
1580 487 1730 561 instan-

223 605 312 680 tiam
340 612 623 704 pronunciatum
650 613 772 699 luerit,
793 613 995 711 registrum
1015 613 1138 710 ipsum
1157 637 1228 709 pro
1246 627 1414 686 actorum
1439 613 1728 687 conservatione

223 733 475 827 quantocitius
502 735 629 831 perfici
656 761 787 811 curare
816 753 1000 812 teneatur.

304 857 353 930 Et
371 857 533 956 insuper,
556 861 720 935 Auditor
738 863 908 958 partibus
927 861 1143 959 petentibus
1162 862 1308 960 copiam
1327 862 1527 937 decisionis
1554 863 1591 936 in
1609 887 1726 936 causa

222 979 353 1068 factae,
376 1009 461 1056 cum
488 984 629 1060 iuribus
656 1010 700 1059 ac
720 985 925 1060 rationibus
945 985 1094 1061 tradere
1114 987 1262 1072 debeat,
1284 1003 1399 1083 prout
1416 987 1624 1083 antiquitus
1642 987 1726 1060 lau-

223 1105 395 1180 dabiliter
421 1108 500 1183 fieri
528 1110 733 1185 consuevit.

303 1230 453 1307 Causae
478 1249 607 1308 autem
629 1236 805 1331 propriae
825 1232 1063 1322 Auditorum,
1084 1252 1273 1309 eteorum
1294 1232 1556 1322 Familiarium‚
1576 1261 1620 1310 ac
1639 1259 1724 1311 con-

223 1357 526 1454 sanguineorum,
557 1359 617 1434 vel
650 1360 816 1434 affinium
846 1384 967 1456 usque
1002 1359 1052 1432 ad
1088 1360 1295 1432 secundum
1332 1359 1505 1459 gradum,
1535 1361 1639 1434 iuxta
1665 1361 1726 1433 ius

223 1483 440 1556 canonicum
468 1486 774 1580 computandum,
806 1508 880 1557 non
909 1501 1187 1581 cognoscantur
1215 1485 1250 1556 in
1276 1485 1386 1558 Rota.

225 1674 228 1682 ,
305 1608 385 1682 Nec
412 1609 618 1684 Auditores
646 1611 682 1684 in
702 1623 854 1683 'eorum
881 1609 1066 1694 domibus,
1098 1609 1322 1683 substitutos
1359 1609 1419 1682 vel
1452 1609 1628 1683 doctores
1660 1627 1726 1683 aut

224 1728 317 1807 alios
350 1735 595 1831 iurisperitus,
626 1734 741 1807 etiam
774 1733 1089 1832 consanguineos,
1119 1733 1294 1820 habeant,
1329 1734 1394 1831 qui
1427 1733 1631 1821 substituti,
1665 1733 1725 1808 vel

222 1857 407 1943 advocati,
436 1874 502 1932 aut
529 1859 783 1955 procuratoris
812 1857 934 1932 officio
961 1857 1174 1956 iungantur,
1196 1875 1262 1932 aut
1289 1859 1326 1931 in
1345 1859 1494 1932 casibus
1514 1856 1724 1946 Rotalibus,

223 1980 283 2054 vel
310 2007 441 2056 eorum
469 1985 721 2079 processibus,
753 2007 839 2058 sese
867 2007 1023 2079 quoquo
1050 1983 1165 2056 modo
1193 1982 1455 2056 intromittant.

304 2107 408 2192 Item,
437 2109 611 2182 advocati
642 2124 710 2182 aut
744 2125 1010 2205 procuratores
1043 2107 1311 2207 consanguinei
1338 2109 1397 2182 vel
1429 2108 1572 2195 affines,
1603 2133 1726 2204 usque

222 2229 272 2303 ad
300 2232 505 2306 secundum
532 2230 693 2329 gradum
723 2247 765 2304 ut
792 2257 907 2328 supra
935 2230 1241 2328 computandum,
1265 2230 1420 2306 alicuius
1447 2232 1655 2319 Auditoris,
1682 2257 1726 2304 ac

222 2357 336 2432 etiam
364 2357 459 2460 illius
479 2359 623 2443 notarii,
645 2359 680 2430 in
709 2358 832 2432 causis
852 2383 977 2433 coram
997 2383 1043 2432 eo
1072 2358 1334 2455 pendentibus,
1357 2339 1566 2432 nullatenus
1595 2375 1727 2454 patro-

224 2481 337 2556 cinari
365 2465 530 2568 ualeant.

305 2607 385 2680 Nee
412 2607 523 2682 iidem
543 2609 749 2682 Auditores
768 2607 1005 2702 compellant,
1026 2623 1092 2680 aut
1110 2606 1236 2703 aliquo
1256 2608 1370 2682 modo
1389 2606 1565 2680 inducant
1583 2623 1726 2702 parteS,

223 2755 360 2826 perse,
377 2731 436 2806 vel
451 2758 520 2829 per
533 2735 639 2819 alios,
657 2750 698 2807 ut
712 2749 907 2806 assumant
920 2749 1063 2806 certum
1084 2733 1343 2817 Advocatum,
1354 2731 1413 2806 vel
1428 2746 1727 2828 procuratorem,

223 2855 292 2929 sed
319 2855 452 2930 electio
480 2857 693 2931 huiusmodi
721 2855 872 2930 omnino
896 2833 1061 2954 ipsarum
1097 2856 1259 2952 partium
1289 2855 1446 2956 arbitrio
1480 2853 1725 2953 relinquatur.

302 2981 408 3068 Item,
426 2982 611 3069 Decanus,
634 2999 673 3056 et
701 2981 760 3056 alii
782 2982 988 3056 Auditores
1008 2981 1231 3077 praesertim
1250 2981 1492 3078 antiquiores,
1512 2979 1726 3068 attendant,

224 3130 270 3180 ne
297 3103 437 3202 aliquid
474 3131 549 3182 non
578 3105 700 3182 solum
729 3122 859 3182 contra
896 3107 965 3193 ius,
999 3105 1068 3180 sed
1104 3129 1173 3180 nec
1204 3107 1319 3181 etiam
1356 3122 1485 3181 contra
1519 3105 1657 3190 stilum,
1686 3121 1729 3178 et

223 3231 434 3306 decisiones
462 3233 637 3328 antiquas
665 3232 783 3307 lactas
803 3233 839 3306 in
868 3232 979 3319 Rota,
1001 3257 1098 3328 quae
1123 3233 1330 3328 impressae
1353 3231 1548 3315 habentur,
1569 3255 1728 3328 quoquo

224 3356 339 3429 modo
368 3357 572 3442 decidatur,
604 3357 716 3430 etiam
736 3371 933 3453 praetextu
961 3356 1162 3452 aequitatis
1186 3356 1222 3430 in
1249 3356 1329 3430 iure
1357 3381 1432 3430 non
1461 3357 1636 3453 scriptae,
1657 3356 1729 3429 nisi

225 3480 386 3554 maxima
414 3506 498 3554 cum
518 3482 660 3556 ratione
678 3496 718 3554 et
737 3482 979 3566 discussione,
1001 3482 1174 3556 omnibus
1193 3482 1302 3568 votis,
1325 3507 1391 3556 seu
1416 3480 1550 3556 saltem
1579 3479 1728 3555 illorum

225 3606 373 3680 duabus
401 3607 520 3680 tertiis
548 3607 731 3702 partibus
762 3606 870 3680 aliter
898 3606 1107 3679 laciendum
1135 3631 1222 3680 esse
1250 3604 1501 3682 iudicaverint.

306 3717 391 3804 Non
419 3731 663 3804 attendantur
691 3745 888 3826 praeterea
922 3731 1070 3828 aliquae
1109 3729 1297 3805 nullitates
1324 3730 1362 3805 in
1394 3732 1528 3817 causis,
1557 3746 1728 3828 praeter·

225 3880 340 3951 quam
367 3880 415 3928 ex
443 3854 591 3928 delectu
620 3855 892 3940 iurisdictionis,
923 3857 1119 3940 citationis,
1149 3854 1209 3930 vel
1236 3855 1411 3933 mandati.

305 3980 342 4052 A
370 3978 612 4075 liquidatione
640 3979 826 4052 fructuum
859 3997 897 4054 et
925 4005 1174 4076 expensarum
1202 3981 1393 4055 taxatione
1430 3979 1548 4054 semel
1580 3997 1725 4055 tantum

224 4103 415 4202 appellare
443 4102 563 4190 liceat,
595 4104 647 4178 ita
674 4105 778 4201 quod
806 4106 904 4178 duae
932 4104 1143 4180 conformes
1171 4131 1250 4180 rem
1279 4106 1478 4180 iudicatam
1506 4104 1654 4180 saciant.

305 4229 512 4304 Auditores
541 4255 675 4303 causas
705 4229 773 4304 sibi
802 4229 1023 4303 commissas
1042 4230 1092 4303 ad
1119 4230 1239 4305 solam
1258 4231 1419 4327 partium
1443 4229 1658 4304 instantiam
1677 4230 1727 4303 ad

226 4354 494 4430 Cancellariam
516 4353 707 4428 remittere
728 4380 802 4428 non
822 4354 982 4452 possint,
999 4354 1068 4428 sed
1087 4369 1230 4428 tantum
1250 4355 1376 4429 habita
1395 4354 1542 4428 licentia
1554 4381 1577 4428 a
1593 4353 1724 4436 Nobis,

224 4476 283 4554 vel
312 4479 594 4562 successoribus
632 4479 771 4552 nostris
801 4479 983 4552 Romanis
1021 4477 1270 4564 Pontificibus,
1301 4476 1360 4552 vel
1394 4503 1441 4552 ex
1468 4479 1575 4553 iustis
1603 4477 1726 4552 causis

163 4653 166 4660 ·
225 4603 396 4680 deductis
425 4603 460 4676 in
489 4603 589 4677 Rota
616 4619 655 4676 et
683 4606 732 4678 ab
760 4630 806 4678 ea
834 4602 1018 4700 probatis.

307 4728 357 4800 Et
393 4727 424 4798 si
452 4727 616 4801 Auditor
643 4729 866 4826 cognoverit
898 4729 934 4801 in
970 4727 1064 4803 actis
1100 4728 1237 4802 adesse
1274 4727 1524 4826 suspicionem
1552 4727 1723 4814 criminis,

224 4853 390 4928 remittat
417 4867 501 4925 acta
528 4851 751 4939 huiusmodi,
782 4851 842 4926 vel
879 4851 1024 4926 illorum
1054 4850 1279 4948 exemplum,
1313 4867 1426 4948 prout
1455 4877 1516 4926 res
1543 4853 1723 4951 exegerit,

224 4976 273 5050 ad
292 4976 450 5050 iudicem
470 4976 709 5064 ordinarium,
730 4979 819 5052 etsi
840 5003 954 5050 causa
973 4976 1171 5050 criminalis
1193 4976 1442 5072 preiudicialis
1461 4977 1570 5050 luerit
1590 5002 1727 5052 causae

226 5100 328 5188 civili,
360 5102 395 5173 in
424 5101 504 5174 eius
532 5102 745 5198 cognitione
774 5102 1035 5197 supersedeat.

306 5223 632 5321 Quandocumque
651 5224 764 5300 iudex
783 5227 865 5322 ipse
893 5225 1101 5300 ordinarius
1131 5227 1166 5299 in
1186 5227 1309 5300 causis
1331 5224 1581 5300 criminalibus
1599 5249 1726 5300 coram

223 5375 270 5423 eo
300 5348 548 5446 pendentibus
576 5349 778 5448 indiguerit
811 5349 1109 5446 depositionibus
1133 5351 1296 5438 testium,
1332 5349 1390 5426 vel
1425 5349 1610 5446 aliquibus
1641 5353 1728 5426 scri·
