3720 5916
707 349 901 411 Alexandro
920 347 986 410 VII
1538 347 1593 406 too

100 547 187 622 haec
216 545 275 620 vel
304 545 435 620 similia
462 547 593 622 verba:
623 547 725 642 quod
757 569 824 642 per
853 559 1013 619 mortem
1043 543 1091 618 D.
1123 543 1327 618 Dunozetti
1355 544 1436 640 ipse
1473 567 1594 616 rema·

100 671 209 745 nebat
237 672 380 767 primus
399 671 435 744 in
455 671 584 745 ordine
603 669 841 754 antianitatis,
863 668 932 743 sed
951 667 1169 743 intendebat
1187 691 1273 740 esse
1292 667 1454 753 ultimus,
1476 666 1596 741 decla·

100 819 183 869 rans
211 796 315 893 quod
343 821 546 894 numquam
575 795 771 870 recederet
797 819 820 868 a
848 793 1033 868 mandatis
1063 791 1310 868 Dominorum
1331 807 1370 866 et
1388 793 1492 890 quod
1513 809 1596 866 erat

98 936 292 1018 promptus
320 945 471 1018 semper
499 921 663 1006 obedire,
694 917 925 994 subiiciendo
964 943 1006 992 se
1043 933 1082 992 et
1116 917 1357 1014 operationes
1386 943 1474 992 suas
1508 942 1595 991 cen-

98 1069 205 1118 surae
235 1045 495 1120 Dominorum.
513 1046 559 1121 R.
582 1046 621 1123 P.
642 1046 692 1120 D.
715 1042 878 1130 MeltiuS,
902 1043 1089 1119 secundus
1109 1043 1145 1116 in
1164 1043 1295 1117 ordine
1312 1059 1352 1118 et
1371 1044 1423 1117 sic
1450 1044 1593 1140 primus

98 1186 181 1265 post
212 1170 419 1258 Decanum,
449 1169 654 1266 respondit,
677 1169 817 1267 pariter
848 1168 994 1267 vulgari
1022 1192 1205 1256 sermone,
1236 1166 1385 1241 nomine
1413 1167 1589 1253 omnium,

97 1310 134 1367 et
159 1294 296 1370 deinde
324 1295 472 1370 fuerunt
501 1295 666 1392 perlecta
696 1295 941 1370 Memorialia.

173 1419 214 1492 In
242 1418 315 1495 fine
342 1421 410 1496 suit
436 1439 593 1495 vocatus
624 1420 790 1495 Bidellus
809 1435 850 1496 et
866 1418 1068 1494 iniunctum
1088 1417 1137 1492 illi
1155 1434 1197 1492 ut
1216 1435 1368 1494 vocaret
1386 1419 1435 1494 D.
1457 1420 1590 1494 Taium

97 1542 156 1640 qui
184 1545 380 1643 ingressus
407 1547 640 1620 mansionem
669 1546 705 1618 in
733 1569 810 1642 qua
835 1545 936 1620 Rota
954 1544 1175 1628 celebratur,
1196 1545 1319 1641 capite
1338 1544 1589 1640 discooperto,

96 1685 198 1744 stans
227 1669 263 1742 in
291 1669 431 1768 angulo
460 1670 577 1766 partis
606 1669 779 1744 sinistrae
808 1669 1064 1766 praesentavit
1092 1691 1182 1741 suas
1210 1668 1468 1742 conclusiones
1502 1693 1591 1766 sup-

96 1817 239 1889 ponens
268 1793 349 1868 illas
378 1818 556 1870 censurae
586 1795 833 1870 Dominorum
847 1853 936 1870 .....
969 1793 1059 1866 Post
1087 1794 1167 1868 eius
1195 1794 1404 1868 discessum
1441 1794 1592 1868 suerunt

94 1919 324 1994 examinatae
352 1919 610 1994 conclusiones
638 1943 736 2017 quae
764 1918 850 1994 mihi
880 1945 953 1992 uon
974 1919 1203 2016 placuerunt,
1229 1932 1269 1992 et
1287 1943 1334 1991 ex
1352 1918 1424 1994 iilis
1447 1941 1479 2013 7,
1502 1943 1588 1994 non·
1700 2017 1704 2028 ⁵

96 2044 199 2117 nullis
229 2044 394 2131 mutatis,
425 2045 574 2119 luerunt
602 2046 846 2142 approbatae,
870 2043 1035 2140 reliquae
1054 2069 1145 2120 vero
1166 2069 1187 2138 3
1209 2044 1371 2118 reiectae
1390 2058 1429 2118 et
1448 2069 1591 2118 reman-

95 2186 221 2242 serunt
250 2171 286 2242 in
315 2170 486 2244 manibus
516 2169 563 2245 D.
593 2169 727 2244 Zarate
756 2187 797 2244 ut
824 2169 905 2244 illas
933 2169 1056 2244 eidem
1076 2169 1170 2245 Taio
1197 2169 1463 2268 imprimendas
1483 2171 1588 2244 resti-

94 2307 224 2367 tueret.
255 2293 426 2368 Tandem
462 2295 498 2366 in
536 2295 608 2368 line
643 2295 712 2368 luit
748 2293 845 2370 sacta
880 2295 1037 2368 mutatio
1075 2294 1172 2368 turni
1200 2309 1239 2368 et
1268 2292 1488 2370 D.,Cerrus
1525 2295 1589 2391 qui

93 2418 279 2493 admissus
316 2418 383 2492 suit
417 2421 452 2492 in
489 2420 588 2494 Rota
620 2401 692 2494 sub
728 2420 869 2496 die....
907 2426 1005 2513 1639
1036 2422 1105 2494 hac
1137 2419 1197 2494 die
1235 2419 1362 2494 Lunae
1405 2441 1447 2512 15
1484 2435 1588 2493 octo-

94 2543 167 2624 bris
201 2549 299 2638 1657
330 2545 456 2640 coepit
482 2543 642 2620 officium
673 2545 890 2620 Decanatus
918 2569 1105 2620 exercere.

793 2873 882 2954 296.

93 3035 312 3110 Alexander
348 3036 429 3110 VII
448 3035 519 3110 sibi
542 3044 710 3110 reservat
733 3036 856 3110 mttere
882 3045 918 3110 et
942 3036 1174 3111 cortriderare
1191 3044 1331 3110 textum
1351 3037 1487 3110 Bullac
1505 3063 1587 3110 con-

165 3162 393 3253 firmationis
413 3161 697 3262 privrlegrbrum
725 3164 854 3237 Rotae.

169 3317 296 3391 (Auen,
312 3317 398 3391 Rem,
423 3317 613 3378 ‹Dabrium
634 3317 766 3388 Celshl.

501 3520 575 3594 Die
604 3519 765 3595 Veneris
797 3525 844 3594 26
865 3520 1028 3596 octobris
1063 3527 1175 3615 1657.

169 3683 256 3756 Fuit
276 3683 376 3757 Rota
394 3707 477 3757 cum
499 3687 522 3756 6
542 3682 802 3770 Auditoribus‚
822 3683 1042 3758 absentibus
1062 3682 1270 3780 Albergato
1289 3699 1328 3758 et
1348 3682 1583 3780 Bevilacqua.

91 3805 176 3881 Fuit
203 3808 440 3906 propositum
469 3808 617 3881 unicum
647 3823 792 3881 tantum
822 3804 1037 3882 memoriale
1066 3807 1116 3882 ob
1143 3808 1351 3882 absentiam
1372 3831 1445 3882 non
1465 3809 1586 3882 solum

89 3932 316 4008 Auditorum
344 3930 413 4006 sed
440 3949 480 4006 et
508 3930 721 4008 Curialium.
753 3931 838 4030 Ego
867 3930 976 4006 retuli
1004 3955 1063 4005 me
1090 3929 1322 4028 alloquutum
1351 3931 1464 4006 luisse
1501 3958 1585 4005 cum

91 4056 184 4131 Emo
213 4056 439 4131 Otthobono
466 4073 505 4131 et
533 4058 582 4131 ab
608 4055 743 4131 eodem
778 4054 1005 4131 intellexisse
1041 4054 1145 4152 quod
1178 4057 1374 4132 occasione
1410 4081 1586 4132 accessus

89 4206 270 4277 pereum
299 4181 385 4256 sacti
410 4182 461 4255 ad
490 4180 668 4257 Castrum
697 4181 912 4278 Gandulphi
940 4180 1110 4256 adiverat
1139 4181 1366 4269 Pontificem,
1386 4181 1584 4281 eidemque

88 4320 318 4403 exposuerat
345 4307 448 4403 quod
478 4307 584 4381 Bulla
612 4323 694 4381 erat
713 4309 785 4380 iam
804 4307 973 4381 conlecta
991 4323 1030 4381 et
1049 4308 1152 4401 quod
1172 4285 1209 4383 S'.
1233 4307 1420 4382 Sanctitas
1439 4307 1585 4383 iuberet
1713 4344 1716 4352 ·

89 4433 145 4505 cui
172 4431 331 4506 deberet
358 4431 580 4531 consignari,
611 4449 651 4506 et
669 4433 772 4528 quod
792 4456 891 4529 papa
911 4430 1106 4527 respondit
1124 4429 1228 4528 quod
1247 4432 1450 4528 lpsemmet
1470 4434 1584 4506 inten-

88 4554 205 4628 debat
233 4552 331 4627 illam
360 4555 487 4628 videre
513 4571 553 4628 et
581 4555 832 4631 considerare.
