3718 5918
764 308 931 368 Clemente
949 309 1004 370 XI

834 661 924 740 400.

128 827 230 900 Rota
257 825 354 899 iubet
378 825 511 923 deponi
535 824 706 920 lusignan
734 823 845 898 Sacri
876 824 914 897 T
908 823 1091 898 rt'bunalir
1116 825 1190 899 loco
1216 849 1288 923 quo
1313 823 1440 920 affixa
1461 832 1571 898 ernon
1588 825 1627 897 in

203 949 349 1048 palatio
379 948 533 1045 Collegt't'
558 950 765 1024 Naaareni.

211 1104 328 1176 (Aaou.
348 1103 435 1178 Rom,
458 1103 585 1186 «Liber
603 1103 637 1162 S.
656 1104 769 1178 Rotae,
787 1121 820 1162 n.
838 1105 900 1168 2».
918 1113 995 1178 pag.
1014 1105 1099 1174 159).

555 1301 627 1376 Die
655 1301 830 1376 sabbathi
865 1325 907 1394 ¹3
939 1302 1061 1376 martii
1096 1325 1206 1397 1717.

212 1461 251 1532 ln
280 1462 473 1558 sequelam
502 1477 653 1536 actuum
681 1463 955 1560 praecedente'r
987 1463 1270 1559 expleturum...
1313 1462 1462 1538 Domini
1499 1463 1630 1538 decre-

127 1601 261 1660 verant
288 1582 425 1683 deponi
467 1587 581 1660 etiam
621 1586 744 1662 lacere
784 1587 946 1686 insignia
987 1588 1106 1662 nostri
1133 1587 1346 1664 Tribunalis
1380 1612 1479 1685 quae
1521 1604 1629 1662 erant

124 1709 238 1784 affixa
266 1734 380 1807 super
407 1711 557 1784 ianuam
585 1736 762 1810 magnam
782 1710 942 1812 Collegii
963 1711 1166 1787 Nazareni:
1187 1713 1291 1810 quod
1310 1737 1394 1786 cum
1413 1713 1629 1809 pervenerit

129 1833 179 1908 ad
208 1835 376 1908 notitiam
407 1836 583 1909 Patruum
611 1835 780 1910 eiusdem
811 1835 980 1935 collegii,
1011 1837 1081 1933 ipsi
1109 1853 1388 1933 praevenerunt
1406 1836 1630 1935 exequendo

129 1959 167 2032 id
195 1960 400 2057 quodiam
430 1959 581 2034 Domini
609 1960 870 2057 praemeditati
898 1961 1056 2036 lucrant.

834 2296 926 2375 401.

715 2458 814 2531 Rota
841 2460 1051 2534 iuramenti.

211 2613 326 2686 (Anca.
345 2613 432 2688 Ror,
456 2612 582 2672 «Liber
601 2613 634 2672 S.
653 2614 759 2674 Rotae
777 2614 838 2688 2»,
857 2621 935 2688 pag.
953 2613 1036 2688 163).

623 2816 753 2890 Lunae
782 2840 806 2909 4
833 2817 1000 2891 octobris
1035 2839 1145 2912 1717.

212 2980 251 3053 ln
280 2978 349 3054 hac
386 2979 506 3054 Rota*
523 2978 642 3053 nostri
669 2978 876 3054 Adiutores
917 2979 954 3053 in
989 2979 1129 3053 Studiis
1171 2983 1439 3077 praestiterunt
1479 2981 1628 3058 solitum

130 3105 385 3179 luramcntum
413 3105 461 3178 dc
490 3104 678 3178 servando
707 3102 884 3178 Decreto.

835 3440 926 3520 402.

292 3599 489 3676 Decretum
519 3602 637 3675 Rotae
662 3602 707 3675 de
732 3603 969 3676 asservandis
996 3601 1240 3676 Post'ttom'bus
1265 3627 1475 3679 causarum.

210 3758 327 3833 (Auen.
346 3759 433 3831 Rom,
457 3783 470 3808 ι
483 3757 583 3817 Liber
601 3757 635 3816 S.
654 3758 759 3817 Rotae
777 3758 841 3831 2»,
857 3765 936 3832 pag.
954 3757 1017 3818 167
1034 3761 1117 3831 ssq.).

632 3957 704 4031 Die
739 3963 784 4030 16
814 3957 987 4032 februarii
1021 3979 1132 4051 1720.

212 4119 262 4193 Et
275 4117 490 4194 conclusum
507 4117 769 4215 firmatumque
783 4118 852 4191 fuit
866 4143 1029 4215 sequens
1047 4117 1251 4194 Decretum
1267 4119 1408 4194 tenoris
1424 4121 1628 4228 sequentis:

213 4245 460 4319 Monumenta
488 4267 687 4317 causarum
713 4244 750 4316 in
779 4245 973 4340 scripturis
1001 4242 1284 4343 collitigantium
1312 4269 1437 4318 coram
1461 4245 1532 4321 hoc
1552 4245 1630 4319 Tri·

131 4369 257 4445 bunali
284 4394 452 4466 expensa
492 4370 529 4444 b.
559 4394 608 4444 m.
651 4369 809 4466 lacobus
851 4370 1013 4456 Emerix,
1042 4368 1230 4443 Auditorii
1271 4369 1343 4442 iam
1375 4368 1563 4455 DecanuS,
1594 4373 1630 4445 in

131 4497 272 4570 bonum
301 4493 488 4590 publicum
518 4493 749 4568 asservanda
777 4495 813 4567 in
846 4509 1072 4591 perpetuum
1110 4493 1189 4568 iure
1224 4495 1435 4590 meritoque.
1469 4496 1629 4583 censuit;

129 4634 322 4716 quotquot
349 4618 507 4715 proinde
533 4619 635 4716 apud
663 4618 785 4714 ipsum
814 4621 994 4694 extabant
1021 4619 1223 4692 positiones
1249 4645 1447 4693 causarum
1466 4620 1514 4693 ad
1533 4618 1630 4695 hunc

129 4743 304 4818 eflectum
332 4745 509 4830 exhibuit,
540 4768 653 4839 quem
683 4742 813 4819 imitati
843 4743 1025 4840 Collegae
1054 4769 1295 4818 successores
1322 4745 1540 4832 vinduncti,
1563 4771 1630 4818 seu

131 4868 375 4943 Cardinalitia
402 4867 566 4967 insigniti
596 4868 764 4966 Purpura
791 4869 841 4942 ad
868 4892 927 4943 an.
958 4892 1080 4965 usque
1115 4890 1210 4961 ¹712
1234 4868 1481 4947 tradiderunt.
1503 4869 1575 4942 His
1595 4870 1630 4943 in

129 4993 211 5066 dies
234 4993 547 5076 excrescentibus,
564 4992 691 5066 SSms.
711 4993 758 5066 D.
777 4993 822 5068 N.
841 4991 1018 5067 Clemens
1034 4992 1099 5068 XI.
1120 4993 1275 5067 feliciter
1294 5016 1468 5090 regnans,
1489 4995 1631 5090 optime

129 5141 291 5192 noscens
305 5117 557 5214 praelatarum
573 5117 800 5191 Pontianum
816 5115 1024 5204 utilitatem,
1041 5117 1218 5191 Archivio
1232 5141 1303 5214 pro
1316 5141 1444 5191 earum
1459 5119 1632 5192 custodia

128 5243 300 5341 apprime
327 5243 560 5340 prospiciens
601 5242 638 5316 in
680 5241 838 5317 aedibus
875 5243 1174 5342 Archigymnasii
1203 5244 1313 5318 Rom.
1356 5243 1572 5340 Sapientiae
1608 5269 1631 5317 a

130 5364 364 5443 Custodibus
401 5365 654 5441 Bibliothecae
690 5366 969 5442 Alexandrinae
1014 5368 1294 5442 conservandas
1338 5370 1491 5455 curavit,
1527 5369 1631 5443 iuxta
