3720 5914
625 357 718 418 Sixto
737 357 759 418 I
763 358 1021 418 V·Innocenlio
1048 358 1131 419 VIII

842 739 928 820 130.

121 915 243 990 Rotas
272 917 475 992 Auditms
501 945 526 992 a
554 919 665 1019 Papa
681 929 811 1019 pentat
835 929 879 994 ut
902 931 988 995 ante
1013 932 1151 1020 tempus
1167 921 1361 1020 generales
1377 923 1506 1017 fmus
1531 922 1625 996 sitdi-

204 1051 342 1115 cantur
367 1067 407 1116 eo
433 1043 522 1140 queit
548 1070 597 1117 ex
622 1044 717 1119 mali
744 1045 845 1118 ae'ris
875 1043 1070 1145 influentia
1092 1047 1253 1120 hommes
1284 1048 1468 1144 rependite
1494 1047 1625 1120 moru-

206 1167 356 1241 bantur.

207 1340 313 1400 Auca
332 1341 419 1414 Ros,
443 1366 456 1393 ι
476 1341 712 1404 Ordinationes
729 1369 756 1416 »,
771 1352 804 1420 p.
823 1345 851 1414 I,
869 1361 902 1402 n.
923 1343 1060 1418 XXXI).

1421 1503 1500 1565 Sine
1518 1503 1600 1564 data.
1616 1504 1624 1538 ¹

210 1667 431 1742 Beatissime
459 1683 569 1767 pater
595 1685 634 1745 et
667 1671 816 1745 domine
855 1669 1166 1757 Clementissime,
1197 1685 1286 1768 post
1320 1669 1459 1768 pedum
1497 1670 1626 1744 oscula

124 1792 337 1881 beatorum,
366 1794 537 1893 cogimur
564 1796 781 1892 frequenter
813 1795 953 1870 instare
981 1796 1085 1895 apud
1114 1796 1360 1870 Sanctitatem
1389 1794 1565 1869 Vestram
1585 1809 1627 1868 ut

126 1917 299 1991 vacantia
326 1942 348 1990 a
377 1942 489 1992 cursu
526 1943 724 1994 causarum
761 1919 873 1993 cicius
910 1917 1021 1994 solito
1057 1919 1277 2006 indicantur,
1306 1920 1443 1993 nedum
1481 1943 1552 2014 pro
1579 1941 1626 1992 eo

125 2041 233 2138 quod
261 2041 297 2114 in
324 2043 425 2117 omni
452 2061 561 2140 parte
589 2045 691 2118 urbis
719 2069 767 2118 ex
794 2043 881 2118 mali
908 2045 1005 2118 aeris
1033 2045 1222 2119 influentia
1240 2045 1436 2142 repentine
1455 2043 1627 2117 homines

128 2166 347 2254 moriuntur,
377 2182 416 2242 et
444 2192 513 2243 nos
541 2167 805 2266 undecumque
841 2171 1034 2244 venientes
1068 2170 1118 2244 ad
1150 2171 1523 2244 communicationem
1555 2194 1626 2265 pro

124 2289 261 2378 officio,
292 2293 400 2366 nobis
428 2317 498 2392 per
525 2293 697 2368 eamdem
735 2295 982 2369 Sanctitatem
1010 2294 1186 2369 Vestram
1218 2295 1393 2382 iniuncto,
1428 2293 1627 2367 admittere

125 2441 258 2490 sumus
286 2415 465 2503 adstricti,
488 2443 613 2516 neque
632 2442 701 2493 eos
718 2417 954 2494 laudabiliter
971 2417 1154 2517 repellere
1181 2427 1405 2516 possumus3
1426 2418 1625 2493 sedetiam

126 2541 217 2636 quia
243 2565 313 2637 pro
340 2558 449 2638 parte
477 2539 674 2618 Generalis
702 2559 743 2618 et
769 2544 1039 2640 presidentium
1069 2543 1245 2641 Capitulo
1273 2543 1439 2642 generali
1454 2541 1627 2640 predica-

125 2682 264 2754 torum,
294 2693 377 2741 eum
414 2669 659 2758 conniventia,
700 2686 742 2744 ut
782 2671 974 2758 asseritur,
1013 2669 1182 2744 eiusdem
1217 2669 1434 2744 Sanctitatis
1474 2667 1623 2754 Vestre,

125 2789 264 2865 luimus
293 2792 460 2890 requisiti
487 2809 529 2868 ut
556 2792 638 2868 loca
666 2795 702 2868 in
730 2795 866 2891 quibus
894 2794 1094 2869 convenire
1123 2795 1404 2869 consuescimus
1441 2819 1511 2890 pro
1543 2816 1627 2867 con-

125 2913 218 2990 siliis
245 2933 285 2991 et
312 2917 511 3007 audientia,
541 2919 597 2992 eis
625 2917 776 2993 omnino
804 2911 1069 3015 relinquamus,
1100 2919 1356 2994 asserentibus
1385 2944 1426 2994 se
1458 2917 1529 2993 illis
1556 2943 1627 3015 pro

126 3041 415 3116 necessitatibus
443 3044 605 3141 propriis
633 3043 813 3146 indigere,
843 3061 992 3118 etcum
1020 3044 1129 3119 nobis
1158 3067 1232 3119 non
1268 3058 1441 3119 occurrat
1474 3044 1510 3116 in
1545 3068 1626 3140 pre·

125 3165 335 3240 sentiarum
361 3165 466 3241 locus
494 3183 599 3242 tutus
626 3183 667 3242 et
693 3169 960 3244 accomodatus
987 3168 1037 3244 ad
1063 3194 1177 3267 quem
1205 3167 1455 3243 declinemus:
1477 3191 1562 3241 nam
1591 3167 1626 3240 in

127 3289 291 3365 rotunda
318 3307 358 3365 et
385 3291 421 3363 in
450 3307 580 3368 sancto
609 3292 815 3367 Eustachio
835 3293 976 3391 passim
995 3295 1180 3367 cadavera
1198 3293 1416 3368 deseruntur
1435 3310 1473 3367 et
1505 3292 1626 3366 insecti

125 3413 332 3491 confluunt.
354 3416 616 3513 Supplicamus
644 3442 691 3491 ex
719 3419 856 3491 intimis
874 3416 1046 3492 eamdem
1075 3417 1321 3492 Sanctitatem
1341 3419 1519 3492 Vestram
1538 3441 1628 3514 qua-

126 3553 241 3614 tenus
282 3540 471 3636 predictas
506 3542 697 3616 vacantias
734 3543 910 3627 indicere,
948 3558 1015 3617 aut
1055 3543 1163 3617 indici
1205 3544 1384 3617 mandare
1430 3543 1627 3642 dignetur:

125 3663 291 3738 maxime
309 3690 404 3752 cum,
427 3681 469 3740 ut
487 3665 697 3740 indicantur
719 3693 915 3742 commune
934 3669 1101 3742 omnium
1120 3669 1169 3742 sit
1188 3685 1328 3754 votum,
1350 3657 1488 3742 nedum
1508 3667 1628 3740 Reve-

124 3788 436 3866 rendissimorum
478 3791 712 3865 dominorum
746 3791 998 3867 Cardinalium
1028 3792 1096 3866 sed
1137 3793 1249 3868 etiam
1279 3807 1562 3890 procuratorum
1590 3806 1629 3865 et

123 3913 422 4002 sollicitatorum,
443 3917 691 3991 asserentium
711 3943 845 3992 causas
864 3934 1022 4014 propter
1041 3919 1230 3992 vacantias
1251 3941 1324 3992 non
1342 3917 1476 4016 perire,
1497 3941 1627 3990 verum

123 4063 178 4113 ex
206 4063 402 4113 causarum
443 4065 554 4114 cursu
591 4066 707 4138 posse
744 4043 892 4116 diversa
927 4041 1093 4138 pericula
1125 4042 1334 4140 provenire,
1360 4055 1474 4139 prout
1508 4064 1628 4137 nuper

124 4163 407 4238 evidentissime
434 4179 495 4239 est
521 4182 767 4260 compertum.

212 4287 533 4363 Commendamus
561 4313 744 4385 personas
773 4308 923 4364 nostras
951 4290 1073 4364 eidem
1102 4289 1299 4365 Sanctitati
1327 4291 1475 4377 Vestre,
1513 4313 1625 4385 quam

122 4412 334 4490 altissimus
361 4414 411 4489 ad
425 4416 594 4514 regimen
612 4414 769 4490 ecclesie
789 4440 857 4490 sue
876 4433 1005 4490 sancte
1024 4414 1177 4490 feliciter
1194 4440 1418 4491 conservare
1437 4415 1624 4512 dignetur.

210 4538 391 4613 Eiusdem
420 4539 559 4614 Vestre
589 4538 836 4614 Beatitudinis

1108 4663 1253 4740 Servuli
1281 4681 1320 4737 et
1347 4681 1520 4737 oratores

1202 4787 1419 4862 Auditores.

208 5048 317 5108 ¹Tria
347 5049 428 5107 haec
457 5049 649 5108 documenta
677 5049 748 5106 sine
775 5047 858 5120 data,
886 5047 1140 5120 subnum.128,
1167 5045 1219 5106 129
1245 5055 1277 5104 et
1306 5045 1366 5116 130,
1393 5045 1513 5104 colloco
1542 5045 1627 5103 inter

122 5140 254 5202 Sixtum
278 5137 327 5197 IV
354 5145 386 5198 et
409 5137 632 5198 Innocentium
659 5136 733 5196 V111
760 5143 867 5211 utpote
895 5151 978 5212 quae
1004 5137 1186 5210 conscripta
1214 5135 1386 5194 videantur
1410 5135 1463 5193 vel
1491 5133 1627 5193 notario

124 5245 203 5290 rum
221 5227 374 5288 manibus
391 5228 446 5302 qui
465 5227 526 5288 sub
550 5236 686 5302 utroque
710 5227 798 5302 Papa
821 5226 1008 5299 floruerunt,
1032 5227 1085 5285 vel
1107 5225 1221 5285 cartha
1239 5231 1271 5283 et
1288 5231 1470 5283 atramento
1487 5232 1519 5282 et
1536 5239 1627 5281 cara-

122 5329 213 5380 ctere
232 5319 321 5378 illius
339 5318 547 5392 tempestatis.
