3708 5918
616 309 768 382 Eugenr'o
786 309 808 368 J
813 308 841 368 V
855 341 872 352 -
890 307 1027 368 Nicotao
1054 308 1081 367 V
1546 305 1595 364 131

98 507 288 582 minimum
316 507 413 580 inter
440 507 630 604 predictos
659 505 876 591 Auditores‚
904 504 1088 601 deputare
1116 521 1155 578 et
1181 505 1320 603 eligere
1349 508 1385 578 in
1403 507 1598 581 thesaura-

98 632 191 706 rium
229 633 408 728 ipsorum,
438 657 522 704 cum
562 656 631 728 pro
660 633 762 728 prius
791 631 921 704 fuisset
949 629 1067 705 Rdus.
1097 657 1133 726 p.
1164 630 1200 705 d.
1232 631 1373 727 Symon
1400 633 1449 706 de
1478 630 1595 706 Valle.

98 758 227 854 ltaque
255 756 314 829 hic
333 755 482 829 inferius
510 781 622 829 manu
651 756 723 829 mei
752 755 942 830 familiaris
969 755 1128 828 scribam
1157 770 1197 828 et
1223 755 1415 830 adnotabo
1442 780 1517 851 que
1549 755 1598 828 ad

98 906 229 954 manus
262 905 367 955 meas
399 883 543 954 ratione
571 880 669 953 dicte
697 877 931 952 thesaurarie
958 893 998 952 et
1033 877 1200 951 similiter
1231 880 1267 952 in
1305 880 1478 976 sequenti
1511 879 1598 953 lolio

99 1019 186 1102 post
213 1005 316 1077 istud
344 1004 526 1078 escribam
553 1005 728 1099 exposita
755 1019 794 1076 et
821 1001 1045 1098 exponenda
1072 1028 1142 1098 per
1169 1029 1240 1078 me.

178 1129 218 1202 In
248 1128 388 1224 primis,
418 1129 453 1200 in
483 1152 597 1202 causa
626 1127 861 1226 Urgellensis
892 1171 919 1182 -
951 1127 1174 1222 parochialis
1202 1169 1228 1182 -·
1256 1129 1303 1202 de
1333 1127 1452 1226 Vaga,
1483 1128 1604 1225 recepi

103 1279 214 1326 unum
243 1252 427 1328 florenum
455 1268 528 1328 etc,
1034 1272 1037 1279 ·

820 1534 883 1611 77.

101 1737 257 1812 Nicalao
281 1737 319 1808 V
325 1735 480 1832 (1447·1
490 1758 514 1825 4
519 1755 537 1827 5
546 1735 585 1834 5)
595 1730 743 1806 -Fides
760 1730 976 1804 Cardr'rtalis
993 1729 1205 1804 Camerarii
1220 1740 1255 1803 et
1268 1729 1484 1806 Cardzaalis
1508 1732 1600 1806 Vice-

182 1859 410 1935 Cancrllarii
438 1859 483 1932 alr
516 1859 721 1932 iuramenta
757 1856 801 1930 ab
843 1855 1027 1932 Ludoaico
1066 1855 1111 1928 da
1153 1855 1373 1940 Ludovisiis‚
1417 1856 1601 1931 Audiam

180 1988 301 2062 Rotae
327 1984 441 2070 electa,
473 1992 548 2056 tam
585 1983 624 2054 in
664 1980 822 2055 Camera
857 2005 968 2079 quam
1005 1981 1045 2054 in
1085 1979 1317 2056 Cancellaria
1347 1983 1536 2078 praestito.
1575 2025 1602 2037 -

182 2109 400 2184 Cameraria
428 2107 537 2206 Papa
564 2106 727 2191 mandat,
757 2107 860 2180 aiaar
893 2107 986 2180 vacis
1013 2103 1173 2192 oracula,
1201 2104 1348 2179 electum
1375 2107 1535 2204 recipere
1560 2107 1601 2182 in

184 2233 424 2332 capellanum
448 2231 669 2306 Auditaram
696 2232 799 2303 sacri
819 2231 961 2327 palatii
984 2237 1020 2304 rt
1045 2230 1299 2302 Romanarum
1327 2229 1547 2324 Pontificum
1575 2273 1598 2284 -

178 2361 286 2434 electa
315 2356 554 2432 Camerarius
571 2355 691 2428 tradit
706 2363 742 2428 ct
757 2356 911 2453 imponit
925 2354 1089 2452 zmnjgnia
1107 2364 1285 2442 ammeta,
1309 2381 1371 2428 seu
1389 2355 1562 2432 habitam.
1584 2399 1602 2412 -

191 2482 553 2565 Via-cancellarius,
592 2490 730 2580 accepta
766 2481 867 2553 aritae
903 2481 997 2554 vacis
1032 2481 1191 2566 oracula,
1230 2481 1478 2554 atramentum
1504 2480 1605 2554 alecti

181 2609 314 2707 recipit
338 2617 373 2681 at
397 2607 553 2680 mandat
577 2605 821 2680 Auditoribus
846 2604 952 2678 illum
978 2605 1019 2680 in
1035 2605 1206 2699 fratrem
1224 2613 1259 2678 rt
1275 2605 1328 2678 aa'
1342 2605 1482 2678 actuale
1499 2630 1602 2678 exer-

181 2734 308 2808 citium
335 2732 568 2805 aactz'taratas
594 2731 766 2829 recipere.

183 2943 303 3016 (Anca.
322 2941 409 3015 Rom,
432 2965 445 2990 ‹
456 2939 685 3000 Admissiones
699 2959 724 3012 t,
741 2944 830 3013 part.
847 2938 875 3013 Ι,
894 2938 1030 2997 Nr'colao
1057 2937 1092 3012 V,
1110 2955 1141 2996 n.
1160 2939 1205 3012 2).

1181 3155 1258 3228 1447,
1277 3157 1390 3230 aprilis
1408 3157 1453 3230 25,
1472 3158 1604 3220 Romae.

183 3257 227 3331 L.
260 3252 469 3328 Cardinalis
497 3251 720 3348 Aquileyen.

185 3379 340 3454 Domini
368 3378 468 3474 Pape
495 3377 734 3451 camerarius.

183 3503 314 3590 Vobis,
346 3501 579 3578 Reverendis
606 3501 787 3598 patribus
817 3499 976 3574 dominis
1004 3499 1251 3574 Auditoribus
1272 3501 1481 3576 Causarum
1501 3503 1605 3578 Sacri

101 3630 230 3728 palatii
264 3626 472 3724 apostolici,
504 3625 644 3700 Notum
675 3625 828 3698 facimus
864 3650 934 3722 per
960 3642 1171 3720 presentes
1197 3627 1357 3721 qualiter
1383 3629 1605 3703 venerabilis

102 3757 159 3829 vir
200 3771 241 3826 et
282 3751 450 3826 Eximius
490 3749 618 3846 legum
655 3749 789 3824 doctor
832 3749 1006 3824 dominus
1043 3749 1257 3824 Ludovicus
1295 3751 1342 3824 de
1379 3751 1602 3840 Ludovisiis‚

104 3878 319 3954 Canonicus
356 3876 561 3949 Bononien.
591 3889 630 3948 et
658 3873 891 3948 Sanctissimi
918 3873 1058 3947 domini
1089 3875 1209 3948 nostri
1236 3899 1335 3970 pape
1364 3875 1604 3972 Capelianus,

104 4003 219 4077 hodie
246 4001 282 4074 in
316 3999 488 4073 manibus
526 3996 662 4071 nostris
691 3999 739 4070 de
767 3998 946 4072 mandato
974 3998 1143 4071 eiusdem
1173 3997 1324 4072 Domini
1351 4003 1467 4074 nostri
1494 4026 1604 4098 pape,

103 4150 220 4223 super
256 4125 327 4198 hoc
362 4125 445 4198 vive
473 4120 576 4196 vocis
612 4121 763 4195 oraculo
801 4123 907 4196 nobis
935 4122 1046 4208 iacto,
1075 4123 1239 4218 prestitit
1276 4121 1483 4220 Corporale
1510 4124 1606 4200 Iura·

104 4265 273 4326 mentum
310 4247 493 4322 informa
528 4263 710 4321 consueta
745 4272 893 4323 camere
930 4273 998 4344 per
1026 4247 1278 4343 Recipiendos
1314 4249 1351 4320 in
1380 4247 1606 4345 Capelianos

101 4393 142 4450 et
170 4375 378 4449 Auditores
406 4374 494 4447 dicti
522 4371 626 4445 Sacri
662 4371 789 4467 palatii
827 4388 865 4445 et
902 4373 1160 4446 Romanorum
1193 4371 1410 4446 Pontificum
1448 4377 1607 4469 prestari

104 4501 270 4586 solitum,
300 4498 426 4594 illique
452 4497 615 4594 insignia
642 4511 835 4581 consueta,
866 4521 932 4570 seu
966 4495 1144 4580 habitum,
1176 4495 1394 4570 tradidimus
1423 4514 1461 4572 et
1487 4498 1607 4596 impo-

104 4627 262 4711 suimus,
300 4647 345 4696 ac
380 4623 453 4696 alia
489 4622 702 4696 necessaria
737 4637 777 4695 et
803 4637 1019 4717 opportuna
1047 4645 1131 4715 que,
1163 4624 1199 4694 in
1227 4621 1419 4715 premissis
1445 4639 1485 4696 et
1512 4625 1607 4698 circa

104 4777 163 4836 ea,
184 4766 367 4824 consueta
387 4761 484 4833 sunt,
505 4747 632 4821 debito
651 4747 766 4820 modo
783 4746 1019 4842 perfecimus.
1040 4745 1079 4817 ln
1095 4769 1256 4841 quorum
1272 4745 1393 4832 fidem,
1411 4763 1608 4842 presentes

105 4875 185 4949 fieri
226 4889 266 4946 et
307 4874 427 4946 nostri
467 4869 576 4968 sigilli
613 4871 748 4944 secreti
785 4871 961 4944 iussimus
997 4869 1243 4964 impressione
1280 4869 1423 4946 muniri.

189 4997 332 5075 Datum
353 4995 485 5081 Rome,
510 4993 570 5068 die
600 5015 646 5088 25
669 4993 809 5089 Aprilis
835 5013 945 5086 1447,
967 4992 1167 5067 indictione
1194 4992 1350 5080 decima,
1372 4994 1607 5090 pontificatus

107 5121 342 5199 Sanctissimi
362 5119 412 5195 D.
429 5144 477 5207 n.,
492 5119 630 5194 domini
650 5119 793 5194 Nicolai
807 5117 931 5192 divina
945 5117 1179 5215 providentia
1198 5141 1296 5212 pape
1314 5117 1347 5188 V
1361 5142 1460 5192 anno
1475 5120 1606 5216 primo.
1628 5094 1631 5102 Ι

1279 5350 1330 5426 Η.
1361 5350 1526 5426 Folanin.
