3718 5918
718 303 909 363 Innocentio
931 303 984 363 XI

799 639 889 716 363.

331 783 519 857 Examini
541 783 785 857 somniantur
811 783 898 858 nom'
922 783 1073 856 Rotales
1101 783 1382 857 Procuratores.

185 923 304 993 (Anca.
325 921 413 994 Rau,
436 919 622 979 «Diarc'um
642 919 754 980 Iacobo·
769 917 956 992 amarae-v,

554 1112 602 1179 ²4
632 1085 858 1160 Novembris
886 1085 971 1158 dicti
1000 1088 1145 1183 (1686).

184 1343 275 1429 416.
309 1337 435 1412 Habui
464 1362 601 1410 novum
630 1359 789 1409 examen
816 1337 852 1410 in
881 1358 958 1434 quo
985 1335 1139 1410 admissi
1168 1351 1208 1410 et
1235 1334 1435 1433 approbati
1454 1336 1603 1410 suerunt

103 1460 161 1534 alii
192 1487 239 1534 22
273 1462 540 1536 Procuratores
569 1478 608 1534 et
640 1459 738 1535 volui
781 1474 822 1533 ut
859 1485 991 1534 omnes
1030 1460 1252 1534 exhiberent
1292 1461 1396 1556 prius
1438 1459 1602 1534 Litteras

105 1586 339 1660 authenticas
366 1586 509 1682 gradus
546 1584 604 1658 sui
633 1585 865 1660 Doctoratus
893 1583 929 1657 in
958 1584 1106 1680 publica
1133 1583 1399 1672 Universitate,
1436 1610 1482 1658 ne
1511 1583 1602 1658 alias

104 1727 234 1784 contra
260 1710 455 1806 antiquam
483 1709 760 1784 observantiam
788 1709 923 1805 aliquis
945 1711 1208 1784 admitteretur
1224 1709 1273 1783 ad
1294 1710 1603 1806 patrocinandum

104 1835 140 1907 in
169 1833 307 1910 Causis
336 1834 534 1909 Rotalibus
561 1835 627 1931 qui
654 1857 729 1908 non
757 1850 862 1908 esset
889 1833 925 1905 in
953 1835 1102 1930 publica
1135 1832 1403 1922 Universitate,
1434 1834 1504 1908 sed
1536 1859 1604 1932 per

79 1957 342 2058 ¹privilegium
371 1961 592 2057 graduatus.

185 2106 278 2177 417.
310 2083 437 2158 Causa
464 2083 702 2157 admissionis
722 2083 815 2158 tanti
835 2083 977 2158 numeri
996 2082 1065 2158 suit
1091 2081 1246 2158 facilitas
1274 2084 1342 2158 bo:
1363 2107 1438 2159 me:
1468 2082 1605 2158 Alber-

102 2209 182 2306 gati
226 2209 340 2283 dandi
380 2208 552 2282 omnibus
587 2206 800 2281 indistincte
840 2206 1026 2282 licentiam
1068 2207 1265 2294 scribendi,
1307 2207 1359 2282 ita
1400 2223 1442 2280 ut
1481 2209 1606 2304 spatio

109 2337 153 2406 18
174 2358 361 2408 annorum
389 2359 466 2430 quo
494 2333 576 2428 ipse
602 2332 750 2408 functus
769 2347 829 2408 est
856 2332 979 2408 officio
1008 2331 1227 2408 Decanatus
1245 2333 1459 2430 paucissimi
1487 2331 1606 2429 petie-

103 2457 176 2530 rint
206 2457 412 2531 examinari
415 2513 692 2533 .....

807 2666 898 2746 364.

102 2810 150 2884 In
176 2811 401 2884 admissione
427 2810 514 2884 noui
537 2809 735 2886 Auditoris
765 2810 921 2884 Camera
948 2811 1082 2908 pergit
1114 2811 1270 2885 scribere
1309 2812 1411 2910 qaod
1446 2811 1610 2886 admittit

184 2937 299 3008 etiam
334 2934 389 3008 acl
418 2937 678 3034 possessionem
707 2933 966 3022 Auditoratus,
995 2945 1033 3042 et
1063 2936 1173 3020 Rota,
1212 2944 1350 3023 contra,
1381 2937 1511 3036 repetit
1533 2948 1608 3036 per

184 3059 394 3132 Notarium
417 3061 721 3158 protestationem.

187 3198 309 3270 (Anca.
330 3195 418 3257 Ror..
440 3195 628 3256 ‹De'cerium
648 3196 760 3258 racoot
775 3195 960 3270 Emerc'x»).

568 3346 698 3419 Lunae
727 3369 750 3437 9
782 3345 1000 3422 Decembris
1035 3347 1145 3420 1686.

185 3511 281 3581 420.
313 3487 537 3562 Terminatis
569 3487 716 3572 Causis,
755 3487 906 3561 intravit
933 3487 1112 3561 Notarius
1145 3488 1209 3585 qui
1246 3487 1358 3561 fidem
1395 3487 1482 3562 facit
1513 3491 1610 3562 iura-

98 3613 221 3686 menti
252 3612 425 3708 praestiti
452 3632 491 3686 et
519 3611 660 3708 recepti
687 3610 884 3686 Rocchetti
912 3611 949 3683 in
978 3611 1139 3686 Camera
1166 3635 1234 3709 per
1263 3611 1311 3688 D.
1334 3611 1609 3686 Ferdinandum

98 3735 276 3823 Manuel,
305 3753 344 3809 et
371 3736 459 3832 quia
487 3737 522 3810 in
552 3736 713 3810 Camera
731 3736 949 3810 continuant
967 3737 1130 3810 scribere
1149 3735 1252 3830 quod
1267 3737 1470 3810 admittunt
1496 3737 1609 3812 etiam

95 3862 148 3936 ad
179 3861 469 3959 possessionem
497 3861 759 3948 Auditoratus,
788 3865 962 3933 mandavi
990 3862 1259 3934 antecedenter
1279 3861 1436 3936 Notario
1457 3861 1611 3935 Cancel-

94 3988 219 4062 lariae
251 4002 294 4059 ut
322 4001 512 4083 repeteret
540 3987 853 4083 protestationem
881 3988 930 4059 ab
957 3987 1207 4071 innovatione,
1237 3987 1315 4061 fieri
1352 3987 1500 4061 solitam
1535 4005 1609 4060 tam

96 4113 259 4188 nomine
279 4109 591 4196 Vicecancellarii,
613 4132 727 4206 quam
754 4109 903 4184 nomine
925 4109 1058 4197 Rotae,
1080 4126 1194 4206 prout
1213 4133 1255 4184 se
1272 4109 1405 4184 secisse
1425 4109 1544 4185 dixit.
1570 4173 1576 4186 .
1600 4171 1607 4188 .

813 4389 902 4469 365.

95 4543 232 4640 Papa,
268 4538 461 4611 restituens
499 4537 616 4610 Rotae
650 4535 936 4609 cortsultaratnm
972 4533 1012 4611 S.
1055 4533 1187 4630 Officii,
1222 4535 1398 4620 declarat,
1433 4533 1617 4609 Auditori

188 4665 312 4738 Rotae
339 4661 379 4736 in
397 4661 465 4735 illa
484 4661 523 4735 S.
548 4659 835 4757 Congregatcone
861 4686 934 4732 non
956 4669 1151 4758 competere
1169 4659 1465 4757 praecedentiam
1483 4670 1612 4735 contra

186 4789 350 4862 Patrem
380 4785 595 4860 Generalem
614 4784 968 4858 ·Dominicanornm.

188 4929 314 5000 (Axcu.
333 4924 420 4994 Rea,
444 4922 632 4980 ‹Diare'um
653 4921 765 4980 Iacooi
780 4919 921 4979 Emerix
935 4927 972 4991 »).

586 5089 759 5164 Mercurii
793 5113 805 5162 1
839 5089 997 5164 Ianuarii
1031 5091 1143 5181 1687.

187 5256 287 5328 424.
308 5230 538 5329 Significavit
555 5230 641 5304 mihi
660 5228 795 5304 diebus
812 5229 1024 5324 praeteritis
1048 5229 1166 5306 Emus
1195 5227 1307 5304 Card.
1334 5227 1442 5324 Cybo
1462 5229 1613 5303 Samum

93 5367 147 5440 D.
186 5358 242 5434 N.
274 5355 485 5432 restituisse
514 5355 635 5430 Rotae
665 5354 975 5431 Consultoratum
1003 5354 1146 5430 ssffiae
1179 5354 1430 5451 inquisitionis
1449 5377 1613 5450 eumque
