3688 5924
729 336 921 395 Alexandro
939 335 961 394 I
965 335 994 395 V
1177 319 1181 329 ¹
1569 333 1607 393 39

186 529 330 604 Coram
349 529 469 615 vobis,
500 528 682 628 magistro
710 527 884 616 Martino,
915 526 1054 602 domini
1081 553 1179 626 pape
1195 526 1413 624 Capellam,
1437 511 1605 624 partibus

108 654 277 728 auditore
315 677 507 741 concesso,
537 653 765 752 proponit..
804 668 1027 751 procurator
1063 651 1285 727 venerabilis
1318 651 1437 750 patris
1467 709 1488 728 ..
1526 652 1607 750 epi-

107 783 206 876 scopi
235 779 451 867 Tusculani,
481 803 642 876 quorum
670 778 1069 876 archipresbiterorum
1099 777 1246 852 nomina
1274 776 1311 850 in
1339 776 1605 873 procuratoriis

107 907 374 1002 exprimuntur,
404 905 553 979 nomine
581 905 813 989 eorumdem,
854 919 984 977 contra
1021 963 1042 978 ..
1071 903 1258 990 abbatem,
1297 917 1337 976 et
1366 901 1604 976 Conventum

108 1029 376 1126 Cripteierrate
417 1031 496 1102 sive
538 1023 821 1124 procuratorem
863 1051 928 1100 seu
970 1049 1195 1123 yconomum
1232 1027 1410 1123 ipsorum,
1457 1027 1605 1100 nomine

106 1153 333 1239 eorumdem,
365 1153 468 1250 quod
495 1152 653 1250 predicti
678 1153 796 1228 abbas
824 1167 864 1226 et
883 1151 1104 1226 Conventus
1132 1152 1318 1248 quosdam
1338 1151 1605 1248 parrochianos

106 1279 190 1353 dicti
217 1279 386 1375 episcopi
413 1294 453 1353 et
488 1277 885 1375 archipresbiterorum
913 1293 953 1350 et
980 1277 1273 1374 presbiterorum
1311 1277 1409 1351 dicte
1441 1275 1604 1350 diocesis

106 1417 326 1500 receperunt
353 1402 402 1476 ad
428 1401 717 1476 ecclesiasticam
747 1401 988 1499 sepulturam,
1011 1399 1223 1496 recipiendo
1251 1416 1391 1474 certam
1420 1425 1603 1474 summam

104 1529 259 1624 pecunie
277 1552 346 1626 pro
365 1526 578 1602 mortuariis
596 1527 825 1613 earumdem,
846 1549 1007 1622 quarum
1024 1525 1177 1624 quidam
1197 1526 1299 1623 apud
1318 1550 1385 1600 eos
1408 1524 1604 1624 elegerant

106 1651 348 1749 sepulturam,
378 1652 532 1750 quidam
559 1677 647 1728 non.

182 1775 277 1852 ltem
304 1791 528 1874 receperunt
546 1801 578 1851 ¹a
613 1774 839 1872 quibusdam
875 1773 957 1848 aliis
985 1773 1240 1871 parrochianis
1268 1773 1410 1848 domini
1436 1775 1602 1871 episcopi

102 1917 141 1976 et
181 1902 487 1998 presbiterorum,
534 1900 933 1997 archipresbiterorum
973 1914 1013 1973 et
1055 1897 1360 1996 presbiterorum,
1398 1899 1463 1996 qui
1499 1899 1603 1995 apud

100 2053 168 2102 eos
197 2051 272 2102 non
301 2027 450 2101 luerunt
477 2025 625 2122 sepulti,
647 2025 810 2122 quedam
829 2023 956 2122 legata
974 2049 1040 2097 seu
1061 2025 1190 2098 relicta
1207 2021 1266 2098 vel
1286 2023 1371 2098 fidei
1390 2025 1600 2111 commissa,

102 2154 137 2226 in
165 2151 284 2248 ipsius
312 2151 452 2225 domini
479 2150 647 2247 episcopi
675 2165 714 2222 et
744 2147 998 2246 predictorum
1030 2147 1427 2245 archipresbiterorum
1454 2165 1493 2222 et
1521 2173 1604 2245 pre·

100 2281 341 2374 sbyterorum
373 2273 614 2373 preludicium
641 2297 716 2348 nou
745 2273 932 2349 modicum
959 2290 1000 2349 et
1024 2297 1241 2371 gravamen.
1263 2271 1377 2348 Unde
1405 2297 1490 2350 cum
1522 2289 1600 2348 tam

99 2405 148 2478 de
173 2400 354 2499 predictis
381 2400 593 2474 mortuariis
622 2423 735 2497 quam
773 2398 822 2472 de
848 2397 994 2496 legatis,
1026 2395 1163 2472 relictis
1192 2395 1250 2471 vel
1278 2396 1365 2472 fidei
1391 2399 1600 2473 commissis
1700 2403 1703 2410 '

101 2526 291 2626 predictis,
321 2524 493 2600 videlicet
519 2549 604 2598 cum
633 2523 682 2598 ibi
708 2522 867 2622 eligeret
906 2523 1140 2619 sepulturam
1173 2523 1232 2606 vel
1264 2524 1379 2598 etiam
1405 2520 1502 2611 alibi,
1533 2524 1602 2600 sed

99 2655 167 2740 eis,
188 2653 314 2749 aliqua
334 2650 599 2746 relinquerunt,
631 2650 730 2723 idem
749 2647 952 2745 episcopus
971 2663 1010 2723 et
1028 2649 1184 2744 predicti
1204 2649 1368 2724 debeant
1385 2647 1601 2723 canonicam

99 2779 313 2876 portionem
340 2777 490 2860 habere,
520 2773 725 2849 secundum
754 2775 950 2848 canonicas
970 2772 1193 2861 sanctiones,
1224 2774 1319 2870 petit
1337 2773 1475 2847 dictam
1492 2797 1601 2848 cano

52 2910 56 2918 '
99 2905 221 2976 nicam
240 2899 452 2997 portionem
472 2899 540 2974 sibi
560 2897 676 2986 reddi,
698 2915 737 2972 et
756 2897 933 2995 predictis
951 2898 1292 2995 archipresbyteris,
1314 2913 1353 2971 et
1371 2897 1601 2995 presbyteris

99 3045 138 3102 et
151 3028 202 3102 de
221 3024 389 3123 predicta
408 3024 586 3099 canonica
599 3023 772 3119 portione
787 3021 857 3098 sibi
875 3023 1022 3120 integre
1040 3021 1213 3098 satisfieri
1225 3024 1275 3096 ab
1292 3023 1448 3098 eisdem.
1465 3021 1603 3098 Omnia

96 3176 189 3226 vero
216 3149 290 3224 alia
315 3172 391 3244 que
419 3148 469 3223 ad
505 3149 610 3244 ipsos
647 3164 899 3244 pervenerunt
934 3149 983 3223 ab
1020 3147 1089 3222 illis
1122 3148 1187 3244 qui
1221 3145 1323 3244 apud
1357 3171 1426 3222 eos
1463 3147 1600 3244 sepulti

97 3291 199 3362 sunt,
228 3301 314 3350 cum
341 3289 466 3347 tamen
494 3273 543 3348 ibi
571 3296 646 3347 nou
672 3271 880 3371 elegissent
898 3272 1141 3370 sepulturam,
1171 3273 1266 3370 petit
1293 3272 1362 3348 sibi
1386 3273 1534 3370 integre
1560 3289 1600 3345 et

94 3403 244 3496 absque
271 3398 515 3473 diminutione
552 3397 706 3482 restitui,
737 3412 777 3472 et
804 3397 876 3473 hoc
903 3422 992 3472 casu
1026 3395 1120 3495 petit
1147 3421 1215 3472 eos
1243 3396 1364 3494 puniri
1392 3398 1598 3472 secundum

95 3524 296 3600 canonicas
324 3525 548 3598 sanctiones.
580 3521 677 3598 Petit
711 3523 826 3596 etiam
862 3523 1006 3596 eisdem
1043 3519 1313 3597 sententialiter
1347 3521 1513 3608 inhiberi,
1552 3525 1600 3595 rie

94 3651 245 3747 aliquos
273 3647 542 3745 parrochianos
570 3647 658 3722 dicti
685 3646 824 3721 domini
860 3645 1028 3742 episcopi
1064 3662 1103 3721 et
1140 3647 1391 3744 predictorum
1420 3646 1600 3743 recipiant

96 3775 144 3848 ad
172 3772 465 3849 ecclesiasticam
492 3771 737 3870 sepulturam,
768 3773 836 3845 nisi
865 3787 977 3868 prout
1004 3773 1084 3846 iura
1112 3770 1333 3859 concedunt,
1363 3788 1402 3846 et
1435 3789 1524 3844 tunc
1551 3772 1600 3846 de

95 3900 272 3974 omuibus
300 3899 563 3982 oblationibus,
585 3898 722 3996 legatis
749 3913 789 3972 et
815 3899 989 3972 omnibus
1016 3896 1097 3971 aliis
1124 3921 1199 3994 que
1228 3894 1442 3995 relinquunt
1469 3921 1600 3994 parro-

94 4026 219 4100 chiani
247 4024 458 4098 huiusmodi
488 4023 648 4097 diocesis
685 4020 900 4096 Tusculaue
934 4023 1005 4118 ipsi
1041 4021 1271 4097 monasterio
1305 4047 1374 4118 pro
1405 4023 1600 4096 animabus

93 4151 174 4224 suis
204 4148 242 4222 iu
270 4147 399 4221 ultima
427 4147 630 4232 voluntate,
662 4145 813 4221 solvant
840 4147 895 4221 eis
922 4147 1076 4221 terciam
1112 4163 1259 4244 partem
1295 4145 1482 4245 integram
1519 4146 1599 4220 sine

93 4273 224 4371 aliqua
243 4271 488 4346 diminutione
501 4295 571 4367 pro
591 4297 660 4346 sua
680 4271 856 4346 canonica
870 4271 1052 4367 portione,
1075 4269 1125 4346 ita
1154 4271 1258 4368 quod
1285 4271 1333 4344 de
1361 4270 1497 4368 legatis
1516 4270 1600 4346 reli-

93 4401 166 4474 ctis
184 4399 368 4495 episcopo
386 4395 601 4472 Tusculano
630 4421 697 4471 seu
721 4395 877 4494 prelatis
894 4397 1217 4493 archipresbiteris
1235 4397 1314 4470 sive
1335 4418 1466 4470 eorum
1484 4392 1600 4470 eccle-

91 4524 170 4609 siis,
192 4524 242 4597 ab
260 4521 474 4595 huiusmodi
495 4520 771 4617 parroechianis
796 4519 895 4596 nulla
923 4546 1081 4618 prorsus
1099 4521 1164 4594 fiat
1200 4520 1386 4607 deductio,
1407 4536 1473 4594 aut
1500 4546 1599 4595 com·

91 4645 270 4742 pensatio
288 4645 482 4728 habeatur,
504 4647 574 4721 sed
594 4661 724 4744 preter
741 4645 924 4743 prefatam
944 4647 1097 4720 terciam
1115 4645 1216 4742 apud
1237 4645 1359 4742 ipsum
1378 4645 1597 4742 episcopum

89 4789 131 4845 ct
151 4769 490 4867 archipresbiteros
515 4771 594 4844 sive
612 4795 746 4846 eorum
766 4769 944 4845 ecclesias
963 4771 1111 4868 integra
1129 4785 1305 4844 maneant
1323 4787 1363 4844 et
1380 4769 1596 4866 persistant.

175 4895 270 4968 Item
289 4893 385 4989 petit
411 4893 643 4968 consimilem
672 4894 827 4969 terciam
847 4910 990 4989 partem
1020 4893 1089 4967 sibi
1117 4890 1211 4967 solvi
1239 4892 1287 4967 de
1306 4893 1479 4967 omnibus
1498 4892 1598 4967 obla·

88 5021 269 5104 tionibus,
300 5016 437 5116 legatis
465 5033 505 5091 et
532 5018 705 5093 omnibus
732 5017 813 5092 aliis
847 5041 921 5114 que
945 5016 1179 5114 parrochiani
1206 5015 1304 5091 dicte
1332 5017 1502 5104 diooesis,
1532 5019 1597 5113 qui

87 5143 178 5218 alibi
207 5141 453 5237 sepeliuntur,
485 5141 699 5240 relinquunt
726 5143 797 5240 ipsi
824 5141 1054 5216 monasterio
1082 5142 1118 5215 in
1147 5139 1276 5214 ultima
1301 5141 1506 5216 voluntate.

174 5269 269 5341 ltem
288 5267 396 5363 petit,
427 5282 476 5354 ut,
499 5267 530 5341 si
559 5291 721 5363 corpora
747 5267 958 5363 aliquorum
986 5265 1317 5362 parrochianorum
1346 5287 1510 5350 suorum,
1533 5266 1597 5360 qui

88 5392 195 5488 apud
213 5417 283 5466 eos
303 5416 379 5467 non
406 5391 590 5489 elegerint
609 5391 769 5488 sepeliri,
791 5390 841 5465 ad
868 5391 1100 5487 sepulturam
1128 5387 1356 5475 admiserint,
1378 5387 1596 5486 omniaque
