3720 5916
874 293 1011 352 soeculo
1030 291 1062 352 X
1071 291 1134 352 VII

959 661 1048 741 261.

201 905 206 915 Ι
261 824 487 897 Decernitur
503 850 576 898 csse
587 825 809 923 pomz'tmtia
827 824 1053 898 mulctandos
1069 823 1237 898 alumnos
1258 823 1432 922 quosdam
1455 821 1610 919 Collega·
1625 823 1757 896 Naza-

339 949 425 1022 rmi
448 950 522 1046 qui,
551 950 640 1023 duce
666 949 865 1036 Fracassa‚
895 949 1019 1022 relicto
1047 949 1299 1048 praeceptore,
1328 947 1567 1044 ausitgerant.

341 1103 455 1174 (Accu.
473 1103 561 1178 Rom,
585 1103 774 1162 «Dcnrc'um
795 1102 929 1174 Colch).

343 1303 485 1378 Retulit
498 1305 638 1401 pariter
658 1305 835 1379 Decanus
849 1307 953 1402 quod
972 1321 1060 1379 octo
1077 1283 1214 1378 alumni
1235 1304 1392 1402 Collegii
1413 1305 1609 1392 Nazareni,
1630 1304 1760 1378 relicto

257 1429 487 1525 ‘Preceptore
506 1432 569 1526 qui
589 1456 657 1504 eos
676 1430 848 1516 ducebat
874 1430 1120 1528 aufugerunt;
1149 1446 1189 1503 et
1206 1427 1292 1502 licet
1309 1445 1445 1526 postea
1468 1429 1573 1502 multi
1600 1455 1648 1503 ex
1675 1429 1759 1512 illis,

262 1570 514 1652 agnoscentes
546 1579 722 1642 errorem,
754 1555 939 1630 voluerint
975 1554 1107 1638 redire,
1138 1553 1373 1628 nihilominus
1410 1553 1649 1628 existimabat
1684 1578 1759 1628 non
1845 1599 1846 1682 1

261 1705 348 1753 esse
375 1680 631 1754 admittendos
669 1681 748 1754 sine
784 1679 909 1778 aliqua
937 1679 1167 1776 poenitentia
1195 1681 1419 1776 imponenda
1447 1705 1483 1774 p.
1514 1679 1846 1777 Preceptores

262 1806 349 1879 dicti
379 1804 556 1902 Collegii:
587 1807 674 1901 quia
702 1827 793 1878 vero
822 1806 1000 1879 seductor
1019 1803 1163 1878 illorum
1184 1803 1250 1878 suit
1278 1803 1429 1900 quidam
1458 1806 1505 1877 de
1534 1804 1649 1878 domo
1670 1805 1761 1878 Fra-

262 1955 383 2016 cassa,
403 1931 466 2026 qui
493 1929 586 2005 alias
615 1930 771 2004 similem
800 1946 943 2005 motum
973 1929 1070 2016 lecit,
1098 1929 1312 2004 ordinatum
1341 1930 1409 2002 suit
1436 1927 1629 2026 quodille
1658 1929 1762 2003 solus

263 2055 460 2128 eiiceretur
486 2055 535 2128 de
564 2053 747 2152 Collegio,
768 2055 899 2152 reliqui
927 2078 1018 2129 vero
1038 2079 1120 2127 cum
1141 2052 1265 2151 aliqua
1284 2055 1515 2152 poenitentia
1536 2054 1761 2129 auctoritate

267 2180 442 2253 Patruum
472 2181 735 2275 reciperentur.

976 2457 1066 2538 262.

268 2621 474 2720 Impressor
485 2619 689 2693 Camernlz's
702 2620 889 2694 tenebatur
898 2621 1048 2694 tradere
1055 2620 1183 2716 gratis
1194 2620 1437 2694 Auditoribus
1450 2619 1588 2719 coptitm
1603 2621 1763 2692 omm'um
1846 2675 1847 2722 ἒ

348 2745 563 2831 Bullarum,
587 2743 833 2818 Iubc'laeorum
851 2755 887 2818 et
910 2745 1087 2818 similium
1114 2771 1207 2842 quae
1235 2745 1274 2818 in
1302 2745 1378 2818 dits
1396 2744 1712 2842 imprimebantur.
1739 2787 1763 2799 -

349 2869 477 2942 Eidem
504 2868 648 2942 sublata
664 2868 803 2962 suerat
827 2868 970 2942 licentia
997 2869 1239 2968 imprimendi
1262 2869 1472 2942 Decisioms
1499 2868 1627 2943 Rotae.

349 3027 464 3097 (Arcu.
482 3023 573 3100 Rom,
597 3023 786 3082 «Diarr'um
807 2989 940 3095 Celsr'i).
1446 3035 1451 3044 ·

834 3247 876 3296 21
911 3223 1051 3319 Aprilis
1085 3229 1195 3316 1653.

350 3385 561 3458 Occasione
591 3382 799 3457 Decisionis
828 3383 947 3457 factae
976 3409 1045 3480 per
1063 3384 1203 3457 Rotam
1222 3385 1270 3456 de
1289 3408 1364 3457 non
1384 3383 1638 3479 imprimendis
1658 3383 1765 3458 Deci-

268 3510 444 3596 sionibus‚
469 3510 516 3584 D.
539 3509 688 3582 Bichius
712 3509 804 3583 dixit
823 3509 1012 3606 Angelum
1033 3507 1284 3594 Mausonium
1305 3525 1587 3605 procuratorem
1606 3509 1766 3606 Impres-

268 3635 376 3719 soris‚
408 3633 617 3707 notificasse
638 3634 706 3708 sibi
734 3635 837 3729 quod
865 3633 1074 3730 Impressor
1100 3649 1177 3707 tam
1206 3659 1253 3707 ex
1280 3632 1400 3707 forma
1429 3631 1764 3708 Constitutionis...

270 3783 383 3854 quam
411 3784 459 3831 ex
487 3774 618 3832 tenore
647 3758 885 3831 Instrumenti
912 3758 1099 3855 appaltus,
1121 3760 1321 3832 tenebatur
1349 3758 1498 3831 tradere
1523 3759 1766 3831 Auditoribus

269 3884 389 3980 gratis
416 3883 561 3978 copiam
581 3883 745 3956 omnium
775 3882 974 3968 Bullarum,
1006 3883 1227 3957 lubileorum
1256 3899 1295 3956 et
1324 3883 1496 3956 similium
1515 3907 1614 3978 quae
1633 3883 1669 3954 in
1689 3883 1767 3955 dies

270 4009 542 4104 imprimuntur,
572 4024 612 4081 et
639 4009 742 4105 quod
765 4010 845 4104 ipse
874 4007 1131 4082 notificaverat
1157 4009 1377 4104 Impressori
1405 4008 1508 4102 quod
1540 4005 1653 4080 talem
1681 4005 1769 4081 obli-

271 4133 461 4230 gationem
489 4133 642 4231 implere
671 4150 818 4208 curaret
851 4151 964 4231 prout
1001 4134 1120 4210 lacere
1154 4133 1336 4231 promisit.
1366 4133 1451 4231 Ego
1478 4156 1570 4207 vero
1597 4133 1769 4206 existimo

271 4261 363 4332 haec
392 4259 515 4332 omnia
554 4284 627 4332 non
663 4260 870 4354 procedere
902 4284 950 4332 ex
986 4284 1089 4333 mera
1126 4259 1318 4344 charitate,
1348 4259 1416 4332 sed
1444 4259 1533 4355 quia
1562 4259 1768 4354 Impressor

270 4381 510 4456 desiderabat
536 4382 720 4457 licentiam
757 4383 992 4478 imprimendi
1023 4383 1232 4456 decisiones
1268 4399 1381 4486 prout
1408 4381 1568 4454 faciebat
1590 4397 1686 4464 ante,
1720 4405 1768 4452 ex

272 4531 347 4603 qua
374 4502 631 4602 impressione,
664 4523 705 4578 ut
733 4507 856 4593 audio,
874 4507 1088 4580 maximum
1124 4509 1428 4603 consequebatur
1462 4504 1765 4580 emolumentum.

1842 3721 1848 3756 t
