3718 5918
235 297 290 358 446
860 297 997 356 Soecuto
1015 297 1121 357 XVII

235 489 382 565 cellaria
406 490 631 587 'Apostolica
658 514 683 562 a
703 490 750 565 D.
774 488 981 564 Benincasa
995 489 1043 563 de
1062 514 1167 563 more
1188 491 1344 588 egregie
1363 489 1614 574 defensatum,
1638 489 1734 562 noti-

235 613 368 689 ficasse
386 631 428 689 ut
442 615 550 688 nobis
571 613 834 711 significarent,
856 615 960 710 quod
979 615 1257 714 invigilaremus
1278 639 1323 687 ne
1340 612 1561 687 Decisiones
1581 626 1732 686 nostrae

235 740 536 836 imprimerentur
564 739 633 812 nisi
660 738 860 837 diligenter
888 739 1033 814 revisae
1059 756 1099 813 et
1125 752 1328 824 correctae,
1359 752 1398 812 et
1424 739 1513 833 quia
1531 736 1617 812 huic
1636 738 1734 812 malo

235 864 432 939 difficulter
459 864 496 936 in
525 880 646 938 totum
674 862 819 937 occurri
846 879 986 960 potest,
1008 889 1056 938 ex
1083 889 1159 959 quo
1188 862 1326 937 multae
1346 863 1609 958 imprimuntur
1627 880 1733 938 extra

236 989 379 1064 Urbem
398 988 514 1062 Foliis
540 987 753 1072 uolantibus,
782 986 877 1062 aliae
905 1003 994 1085 post
1021 1003 1204 1062 tractatus
1224 988 1432 1060 Auctorum
1461 987 1518 1060 vel
1547 1010 1571 1059 a
1600 985 1734 1063 Biblio-

235 1112 332 1212 polis
360 1112 419 1187 vel
447 1115 507 1188 ab.
522 1111 603 1186 aliis
632 1137 701 1208 pro
728 1111 880 1186 faciliori
908 1112 1104 1187 Librorum
1134 1111 1387 1196 distractione,
1417 1110 1630 1184 ordinatum
1668 1111 1734 1184 suit

236 1255 278 1313 ut
304 1237 470 1335 desuper
496 1237 607 1312 latins
635 1253 773 1335 agatur
800 1237 837 1310 in
866 1237 967 1311 Rota
1009 1236 1282 1311 Memorialium
1326 1250 1366 1310 et
1402 1234 1547 1309 interim
1582 1235 1735 1309 Domini
1841 1293 1842 1300 ,

237 1363 445 1440 deliberent
472 1388 519 1436 an
548 1362 736 1458 expediat,
766 1385 894 1448 necne,
925 1378 967 1436 ut
994 1378 1200 1459 reponatur
1228 1362 1264 1435 in
1293 1359 1470 1435 Archivio
1498 1378 1631 1434 nostro
1664 1383 1736 1434 una

237 1489 345 1585 copia
373 1489 585 1583 subscripta
612 1488 662 1561 ab
697 1485 884 1563 Auditore
920 1502 1121 1562 extensore
1157 1485 1389 1585 singularum
1428 1483 1671 1559 Decisionum
1701 1487 1734 1557 in

238 1630 430 1711 posterum
461 1611 779 1709 publicandarum.

934 1931 1024 2011 356.

241 2099 349 2197 Papa
376 2098 490 2170 instet
514 2106 558 2170 ut
581 2095 808 2194 advigilaret
834 2096 934 2170 Rota
960 2121 1005 2168 ue
1032 2093 1241 2170 Deciu'oues
1281 2098 1585 2196 imprimerentur
1621 2097 1733 2170 incor-

319 2232 437 2296 rectae
472 2231 508 2295 et
541 2247 613 2295 nou
653 2221 793 2295 revisae
832 2228 868 2292 et
905 2229 948 2294 ut
982 2219 1225 2318 deputaretur
1260 2247 1357 2295 uuus
1394 2222 1560 2296 Auditor
1585 2222 1655 2319 qui
1676 2246 1736 2294 eas

318 2373 439 2422 omnes
465 2345 647 2420 reuzileret
671 2355 707 2418 et
730 2347 941 2443 corregnet,
967 2371 1010 2420 ac
1037 2355 1080 2418 ut
1103 2345 1266 2420 breueme'
1287 2347 1427 2422 calamo
1453 2348 1736 2421 exteeedereutur

318 2473 489 2546 resecab's
506 2469 705 2572 superfluis
722 2455 1001 2569 allegatebnibus
1019 2480 1054 2544 et
1063 2473 1287 2570 praesertim
1304 2471 1584 2570 allegatebne'bus
1602 2474 1733 2546 Aucto-

320 2623 407 2672 rum
434 2597 704 2672 nwdernorum.

324 2754 439 2826 (Anca.
458 2753 545 2827 Ron,
570 2752 757 2812 ‹De'arium
776 2753 887 2812 Iacobt
902 2751 1087 2824 Emere'x›).

688 2951 829 3037 Lunae,
865 2977 911 3047 14
940 2953 1150 3028 decembris
1184 2957 1295 3028 1682.

324 3139 411 3211 321.
443 3113 667 3188 Retulerunt
694 3113 806 3188 hodie
837 3113 923 3189 DD.
947 3114 1134 3188 Hervault
1160 3131 1199 3189 et
1228 3115 1372 3200 Caccia,
1403 3116 1471 3191 SS.
1492 3116 1626 3190 denuo·
1651 3133 1738 3215 post

243 3241 461 3316 relationem
489 3239 671 3313 examinis
699 3241 833 3313 secreti
864 3240 910 3312 D.
933 3237 1163 3314 Benincasae
1190 3241 1395 3315 inculcasse
1416 3257 1457 3314 ut
1475 3242 1609 3316 sedulo
1637 3244 1738 3318 advi-

243 3368 457 3465 gilarcmuS,
488 3390 534 3436 ne
565 3365 785 3440 Decisiones
811 3381 962 3439 nostrae
982 3365 1160 3462 deinceps
1179 3365 1437 3462 imprimentur
1455 3366 1523 3442 nisi
1542 3367 1739 3467 diligenter

245 3493 388 3566 revisae
416 3503 455 3564 et
482 3505 672 3564 correctae
701 3504 741 3564 et
758 3489 862 3585 quod
881 3491 931 3563 ad
949 3515 1033 3564 eum
1062 3489 1172 3563 finem
1188 3491 1435 3586 deputaretur
1453 3515 1549 3565 unus
1578 3493 1739 3568 Auditor

244 3616 308 3712 qui
336 3638 421 3687 eam
448 3637 575 3688 curam
603 3615 771 3702 haberet,
801 3614 980 3711 quodque
1009 3613 1044 3686 in
1077 3629 1272 3710 posterum
1307 3639 1440 3689 omnes
1481 3633 1736 3712 procurarent,

244 3739 326 3814 illas
351 3761 466 3834 quam
493 3739 657 3813 breviter
683 3738 773 3826 fieri,
795 3739 934 3836 pariter
951 3739 1156 3814 extendere
1174 3757 1214 3814 et
1235 3763 1406 3815 resecare
1424 3741 1636 3837 superfluas
1653 3743 1739 3817 alle-

245 3865 429 3964 gationes,
458 3879 499 3938 et
525 3864 748 3961 praesertim
774 3863 965 3938 abstinere
993 3864 1042 3938 ab
1060 3862 1287 3962 allegatione
1316 3867 1523 3939 Auctorum
1544 3867 1738 3942 moderno

246 4011 349 4062 rum:
378 4001 419 4061 ct
446 3987 583 4084 placuit
609 3989 712 4063 zelus
739 3989 837 4062 Suae
857 3987 1083 4075 Sanctitatis,
1105 3988 1248 4085 fuitque
1266 3989 1478 4064 ordinatum
1498 4006 1539 4063 ut
1557 3991 1594 4063 in
1613 4008 1737 4090 poste-

246 4139 328 4187 rum
357 4115 408 4187 ita
436 4129 660 4190 servaretur.

943 4415 1033 4494 357.

249 4577 309 4650 De
337 4577 451 4663 Luca,
486 4577 711 4663 Cardinale's,
741 4577 926 4651 moritur:
953 4577 1224 4677 coeuotupln’um
1252 4579 1370 4652 Rotae
1406 4579 1447 4650 e're
1481 4577 1585 4651 illius
1617 4603 1735 4652 memo

328 4727 438 4778 ream.

331 4856 445 4926 (Anca.
464 4857 551 4929 Rom,
575 4857 764 4915 ‹Debetum
783 4856 894 4915 Iacobt
910 4855 1051 4915 Emertx
1063 4857 1098 4929 »).

729 5056 825 5130 Ven.
858 5078 876 5150 5
910 5055 1102 5130 Februarii
1136 5059 1247 5147 1683.

331 5240 417 5313 327.
451 5218 536 5291 Hoc
571 5243 741 5314 vespere,
762 5217 866 5292 brevi
895 5217 962 5290 sed
988 5215 1134 5290 ardenti
1154 5217 1255 5291 lebre
1274 5231 1483 5312 correptus,
1503 5214 1595 5290 obiit
1627 5215 1738 5288 Emus

253 5343 314 5416 De
342 5344 444 5418 Luca
471 5368 599 5439 nuper,
639 5369 685 5416 ex
722 5345 921 5419 Advocato
957 5341 1077 5415 sactus
1113 5341 1276 5415 Auditor
1309 5340 1550 5415 Domesticus
1580 5341 1678 5414 Ssri'ii
1702 5354 1739 5412 et
