3718 5918
229 323 284 383 430
855 323 992 382 Soeculo
1011 323 1117 383 XVII

228 517 380 604 Decani,
403 542 477 593 non
496 521 672 594 obstante
691 520 795 616 quod
815 541 889 593 non
909 519 958 593 sit
975 519 1135 616 amplius
1157 518 1319 593 Auditor
1338 519 1407 594 sed
1426 517 1548 592 solum
1568 519 1724 593 Locum·

227 659 369 727 tenens,
390 659 429 717 et
456 643 569 718 etiarn
597 643 850 718 nonobstante
868 642 973 739 quod
992 644 1188 718 eveniente
1207 659 1379 740 tempore
1406 643 1623 730 vacationis,
1645 667 1728 718 con-

225 767 389 864 tingeret
408 768 530 863 ipsum
549 793 624 843 non
643 793 729 842 esse
747 784 1005 865 praesentem:
1035 768 1135 842 unde
1154 767 1264 843 valde
1283 769 1460 843 commoti
1489 784 1577 842 sunt
1596 793 1726 842 omnes
1836 821 1837 824 ,

227 891 377 966 Domini
396 907 553 990 propter
570 893 784 989 exemplum
805 909 881 967 tam
902 891 1165 990 praeiudiciale
1185 891 1526 968 Constitutionibus
1545 909 1585 966 et
1605 893 1727 990 Regu·

225 1015 270 1090 Iis
298 1031 375 1092 tam
403 1034 537 1092 exacte
564 1019 745 1092 hactenus
764 1017 800 1091 in
829 1018 928 1095 Rota
946 1019 1168 1105 observatis,
1190 1032 1230 1092 et
1258 1017 1482 1092 unanimiter
1508 1018 1728 1092 ordinarunt

225 1157 267 1214 ut
285 1142 558 1238 deputarentur
576 1143 653 1218 duo
671 1144 720 1217 ad
740 1143 874 1217 Emum
893 1142 1006 1218 Card.
1024 1141 1419 1228 Vice-Cancellarium,
1435 1143 1513 1218 duo
1527 1143 1576 1216 ad
1592 1144 1725 1216 Enum

228 1265 277 1342 D.
317 1264 429 1344 Card.
469 1267 654 1342 Alterinm
685 1266 902 1341 Sanctitatis
941 1267 1041 1342 Suae
1078 1284 1273 1364 nepotem,
1316 1281 1357 1342 et
1392 1269 1469 1342 duo
1502 1269 1552 1342 ad
1590 1267 1725 1340 Emum

165 1431 174 1458 r
227 1391 275 1466 D.
307 1391 420 1468 Card.
451 1392 679 1490 Carpineum
707 1393 772 1489 qui
800 1393 920 1466 iustas
939 1391 1153 1467 Tribunalis
1179 1390 1355 1487 querelas
1375 1417 1463 1466 suas
1491 1393 1728 1489 deponerent

225 1533 265 1589 et
292 1513 526 1616 singulorum
553 1543 666 1614 opem
695 1518 804 1593 enixe
831 1517 1085 1613 implorarent
1122 1517 1280 1616 Etego
1307 1541 1392 1590 cum
1420 1517 1470 1593 D.
1502 1517 1727 1592 Rondanino

87 1727 93 1738 ¹
224 1641 368 1716 accessi
394 1641 443 1716 ad
464 1641 600 1716 Emum
621 1641 669 1716 D.
691 1639 805 1719 Card.
820 1640 1200 1716 Vim-cancellarium
1228 1657 1268 1716 et
1296 1641 1432 1716 Emum
1453 1641 1501 1718 D.
1524 1641 1639 1718 Card.
1660 1641 1725 1715 Ot-

223 1765 433 1840 thobonum
460 1766 524 1863 qui
541 1765 653 1840 valde
680 1767 802 1840 mirati
820 1781 919 1851 sunt,
940 1791 1021 1842 rem
1040 1782 1117 1841 tam
1137 1765 1438 1863 praeiudicialem
1462 1765 1577 1840 luisse
1597 1791 1724 1864 respe-

224 1891 322 1967 ctive
356 1891 513 1988 petitam
548 1906 588 1966 et
619 1914 839 1967 concessam
874 1894 1020 1989 absque
1051 1891 1335 1988 participatione
1372 1891 1508 1980 Rotae,
1542 1915 1725 1986 suamque

224 2037 337 2112 opem
356 2031 395 2090 et
413 2017 677 2091 auctoritatem
694 2015 894 2090 efficaciter
912 2016 1149 2104 addixerunt,
1170 2030 1210 2090 et
1236 2017 1334 2092 inter
1356 2017 1427 2092 alia
1448 2017 1567 2090 Rrirus
1588 2015 1724 2090 Ottho·

224 2141 346 2216 bonus
374 2141 466 2216 dixit
502 2167 544 2216 se
576 2141 665 2215 mihi
697 2141 1006 2216 transmissurum
1041 2156 1250 2216 extractum
1282 2164 1331 2216 ex
1369 2141 1509 2216 Diariis
1537 2142 1608 2215 bo:
1644 2164 1722 2214 me:

225 2266 395 2353 Poeniae,
417 2293 464 2341 ex
490 2292 569 2363 quo
587 2281 758 2364 apparet,
779 2291 808 2342 s.
829 2292 878 2342 m.
901 2265 1138 2342 Clementem
1158 2265 1242 2340 VIII
1261 2291 1345 2342 curn
1374 2283 1541 2342 creasset
1559 2265 1724 2340 similiter

226 2390 476 2467 Patriarcham
505 2390 801 2468 Alexandrinum
829 2391 872 2468 cI.
903 2414 979 2468 me:
1010 2391 1123 2468 Card.
1146 2391 1405 2488 Seraphinum,
1426 2406 1513 2466 actu
1541 2389 1581 2466 S.
1603 2391 1723 2464 Rotae

227 2515 431 2602 Decanum,
448 2543 533 2592 cum
549 2517 759 2592 retentione
772 2516 1023 2590 Auditoratus
1038 2531 1109 2592 etc.
1124 2515 1216 2614 (Cir.
1233 2541 1347 2613 supra
1366 2543 1401 2595 n.
1424 2519 1494 2590 188
1516 2540 1603 2614 pag.
1624 2517 1720 2612 3²1)·
1836 2595 1837 2604 .

930 2868 1021 2948 323.

228 3033 460 3131 Benilacqua,
482 3031 714 3106 patriarcha
733 3032 1031 3115 Alexandrinus,
1051 3030 1176 3104 statim
1202 3055 1245 3102 ac
1271 3029 1435 3126 cognovit
1454 3029 1625 3128 gratiam
1657 3029 1723 3104 sibi

302 3184 327 3233 a
346 3156 456 3256 Papa
482 3181 681 3230 concessam
707 3155 862 3255 optandi
883 3155 1000 3230 locum
1028 3153 1250 3240 Decanatus,
1271 3155 1438 3250 quamvis
1464 3179 1537 3228 non
1564 3155 1719 3253 amplius

304 3283 470 3357 Auditor
495 3280 563 3355 scd
586 3281 856 3366 Locumtamnr,
877 3307 952 3356 esse
977 3278 1206 3356 contrariam
1232 3279 1383 3376 antiquo
1408 3279 1501 3378 stylo
1527 3288 1563 3353 et
1590 3279 1720 3354 const-
1836 3297 1837 3316 *

303 3405 500 3480 tudonibus
527 3406 655 3489 Rotae,
684 3403 799 3480 erilem
825 3405 1016 3480 valedixit.

305 3563 420 3634 (Aren.
438 3561 528 3634 Ros,
553 3559 743 3620 «Dr'arr'um
762 3558 874 3620 Iacobr'
889 3559 1029 3620 Emerr'x
1043 3561 1079 3632 »).

677 3777 684 3794 ·
716 3758 847 3833 Lunae
877 3781 924 3851 23
956 3757 1082 3832 Martii
1117 3763 1228 3852 1676.

305 3921 367 3994 88.
398 3917 484 3991 Fuit
504 3918 603 3993 Rota
623 3917 896 3992 Memorialium
914 3919 951 3991 in
971 3941 1046 4013 qua
1066 3916 1230 3992 interfuit
1248 3917 1361 3990 etiam
1381 3916 1595 3991 Patriarcha
1615 3917 1717 3992 Bevi·
1836 3967 1837 3984 .

223 4045 358 4141 lacqua
385 4043 449 4140 qui
476 4043 512 4117 in
540 4042 613 4116 fine
630 4042 810 4118 valedixit
838 4041 1011 4116 Dominis
1039 4059 1078 4116 et
1105 4040 1335 4140 significavit,
1367 4066 1420 4129 se,
1451 4042 1504 4116 uti
1531 4042 1713 4128 intellexit,
1836 4063 1837 4134 l

224 4170 384 4269 gratiam
413 4169 483 4242 sibi
511 4193 534 4241 a
553 4168 591 4242 S.
614 4167 663 4241 D.
684 4167 731 4242 N.
761 4191 990 4254 concessam,
1012 4181 1054 4241 ut
1071 4166 1267 4241 eveniente
1285 4167 1479 4240 vacatione
1504 4166 1716 4242 Decanatus
1836 4185 1837 4190 ’

225 4295 347 4392 possit
374 4318 461 4368 eum
489 4292 611 4368 Iocum
640 4307 786 4389 optare,
806 4291 892 4367 licet
920 4317 993 4366 non
1023 4291 1071 4365 sit
1098 4291 1258 4390 amplius
1287 4289 1450 4365 Auditor
1467 4293 1535 4366 sed
1564 4292 1717 4366 Locum·

224 4435 367 4506 tenens,
396 4444 483 4492 esse
510 4418 734 4492 contrariam
760 4415 916 4512 antiquo
944 4415 1042 4514 stylo
1069 4432 1109 4490 et
1141 4415 1482 4490 Constitutionibus
1511 4417 1713 4500 Rotalibus,

224 4542 322 4619 nolle
348 4569 395 4618 ea
412 4542 571 4639 amplius
591 4543 653 4629 uti,
675 4557 715 4616 et
742 4558 945 4639 propterea
973 4564 1048 4614 non
1066 4541 1303 4636 expedivisse
1331 4565 1453 4638 neque
1471 4541 1508 4614 in
1526 4558 1714 4638 posterum
1836 4537 1837 4600 l

221 4668 317 4744 velle
344 4667 521 4766 expedire
550 4666 670 4742 Breve
697 4663 970 4764 Apostolicum,
1001 4666 1070 4740 sed
1089 4666 1138 4741 illi
1166 4667 1405 4740 renunciasse
1433 4682 1472 4740 et
1491 4669 1712 4742 renunciare.

224 4793 337 4887 Quod
356 4809 507 4893 gratum
536 4792 603 4867 Iuit
620 4793 794 4866 omnibus
824 4791 1008 4878 Dominis,
1038 4791 1102 4888 qui
1130 4808 1336 4889 propterea
1362 4807 1402 4864 et
1430 4791 1566 4892 singuli
1595 4807 1635 4866 et
1653 4792 1716 4866 col·

221 4917 406 5016 legialiter
432 4916 482 4991 illi
509 4941 555 4992 ea
582 4917 630 4990 de
659 4941 771 4990 causa
800 4914 948 4990 debitas
976 4915 1118 5016 gratias
1147 4915 1403 4992 reddiderunt.
1425 4915 1476 4989 Et
1504 4942 1578 5016 ego
1606 4933 1647 4992 ut
1672 4915 1714 4988 de

221 5043 292 5116 hoc
320 5057 404 5117 actu
434 5041 613 5117 memoria
641 5056 799 5125 extaret,
829 5037 930 5113 illum
958 5039 1017 5114 hic
1045 5041 1250 5140 registrare
1277 5042 1389 5117 volui.
