3720 5914
785 307 879 368 Sixto
895 309 918 368 t
922 308 951 370 V
1562 311 1615 370 197

111 513 219 571 tuam
257 498 311 572 rei
338 501 557 574 memoriam
594 525 916 588 concesseramus,
945 503 1168 578 mandantes
1196 503 1365 578 eiusdem
1394 502 1523 601 palatii
1550 506 1615 600 qui

112 639 202 696 tunc
230 640 340 699 erant
365 641 406 698 et
432 649 502 722 pro
530 641 703 724 tempore
722 627 970 702 Auditoribus
994 641 1033 702 et
1060 627 1143 704 loca
1160 627 1376 703 tenentibus
1395 630 1615 703 eorumdem

111 765 152 821 et
180 749 375 844 quibusvis
403 749 485 824 aliis
512 751 781 847 cuiuscumque
808 750 1013 849 dignitatis,
1044 767 1178 838 status,
1207 751 1361 850 gradus,
1392 752 1615 828 conditionis

111 871 172 945 vel
200 876 469 970 preeminentie
496 875 631 962 forent,
661 877 774 951 etiam
803 878 875 950 sub
901 877 1297 952 excommunicationis
1324 877 1401 953 late
1429 879 1616 953 sententie

111 1022 212 1093 pena
240 1016 281 1073 ut
307 997 368 1073 illa
395 1001 522 1075 omnia
540 1017 580 1074 et
599 1001 747 1101 singula
765 1026 809 1076 ac
828 999 921 1075 alias
940 1018 1030 1077 tunc
1047 1027 1231 1100 expressa
1249 1004 1499 1078 observarent
1521 1004 1615 1078 etin

112 1122 214 1197 nullo
241 1125 501 1200 contravenire
529 1124 724 1212 deberent,
739 1140 853 1224 prout
880 1126 916 1200 in
944 1105 1077 1201 litteris
1104 1127 1324 1224 apostolicis
1342 1127 1510 1225 desuper
1528 1153 1617 1202 con-

111 1247 230 1333 fectis,
260 1273 419 1345 quarum
437 1264 609 1324 tenorem
627 1249 686 1324 hic
713 1249 842 1326 haberi
861 1249 1034 1326 volumus
1054 1276 1124 1348 pro
1141 1275 1337 1348 expresso,
1360 1250 1506 1349 plenius
1526 1276 1615 1326 con-

112 1373 262 1448 tinetur.
284 1373 428 1448 Tamen
449 1373 613 1448 nonnulli
642 1372 770 1471 palatii
797 1375 1012 1450 huiusmodi
1039 1376 1247 1452 Auditores
1275 1393 1314 1450 et
1340 1376 1424 1451 loca
1441 1391 1615 1452 tenentes

112 1523 156 1570 ac
182 1498 255 1572 alie
282 1522 457 1595 persone,
488 1498 652 1574 nescitur
670 1525 747 1597 quo
766 1499 897 1596 spiritu
922 1500 1034 1588 ducti,
1056 1501 1189 1574 litteris
1207 1516 1247 1576 et
1265 1499 1468 1600 privilegiis
1487 1501 1617 1575 huius-

113 1622 215 1697 modi
243 1623 514 1698 contumaciter
541 1624 577 1696 in
605 1623 813 1698 animarum
842 1649 995 1698 suarum
1014 1623 1219 1721 periculum
1239 1625 1559 1723 Notariorumque
1577 1641 1617 1698 et

112 1747 319 1824 officiorum
348 1749 602 1846 predictorum
631 1748 900 1823 detrimentum
930 1774 1004 1824 non
1033 1750 1222 1825 modicum
1251 1775 1295 1824 ac
1322 1751 1425 1824 sedis
1461 1765 1618 1848 aposto-

113 1872 181 1946 lice
208 1872 449 1969 vilipendium
477 1872 633 1947 obedire
651 1890 838 1960 recusant,
855 1890 895 1947 et
922 1873 993 1948 illis
1020 1875 1068 1949 de
1097 1873 1196 1949 lacto
1226 1874 1437 1949 temeritate
1464 1875 1618 1971 propria

112 1997 419 2085 contraveniunt;
449 2023 519 2072 nos
546 1997 671 2097 igitur,
694 1997 865 2072 volentes
893 2023 940 2072 ea
964 2023 1040 2096 que
1068 2023 1139 2098 pro
1167 1999 1369 2096 reipublice
1387 2017 1426 2074 et
1446 2000 1617 2074 Romane

113 2121 214 2195 curie
240 2119 451 2195 officialium
480 2121 640 2196 utilitate
661 2147 705 2196 ac
724 2123 888 2218 partium
916 2123 966 2197 ad
994 2120 1092 2198 illam
1122 2148 1192 2220 pro
1220 2137 1349 2198 eorum
1378 2122 1619 2220 expeditione

115 2246 358 2344 negociorum
386 2245 645 2321 accedentium
673 2247 941 2322 commoditate
968 2273 992 2322 a
1017 2247 1125 2324 nobis
1144 2249 1315 2322 consulte
1337 2263 1616 2344 processerunt,

114 2370 272 2444 semotis
286 2371 482 2445 contrariis
497 2384 537 2444 et
550 2370 829 2446 difficultatibus
843 2371 1082 2468 quibuslibet,
1098 2373 1308 2446 executioni
1322 2372 1448 2446 debite
1463 2373 1619 2447 deman-

113 2494 194 2569 dari
223 2521 268 2568 ac
293 2495 555 2570 inviolabiliter
581 2497 775 2571 observari
806 2497 958 2584 debere,
989 2498 1097 2572 Motu
1126 2514 1166 2572 et
1193 2497 1347 2572 scientia
1367 2497 1546 2572 similibus
1573 2522 1618 2572 ac

113 2635 261 2694 matura
301 2619 582 2708 deliberatione,
612 2621 815 2696 venerabili
860 2622 963 2696 fratri
1009 2638 1141 2695 nostro
1186 2621 1382 2720 Roderigo
1424 2621 1616 2720 Episcopo

115 2744 305 2832 Portuen.,
335 2743 375 2820 S.
406 2746 450 2820 R.
483 2745 539 2830 E.,
564 2760 603 2820 et
630 2770 700 2842 pro
739 2763 912 2842 tempore
939 2747 1113 2820 existenti
1142 2744 1467 2833 Vicecancellario‚
1503 2770 1617 2842 quem

112 2886 342 2966 perpetuum
369 2884 677 2945 conservatorem
695 2884 735 2944 et
763 2886 1019 2968 protectorem
1047 2870 1328 2969 privilegiorum
1356 2872 1468 2946 etiam
1494 2871 1617 2946 eidem

113 2993 276 3092 collegio
303 3017 570 3070 concessorum
595 2995 689 3069 etin
716 3011 913 3091 posterum
933 2995 1260 3070 concedendorum
1280 3011 1384 3070 motu
1404 3011 1445 3069 et
1463 2995 1619 3069 scientia

114 3118 298 3192 similibus
324 3117 564 3216 deputamus,
598 3134 731 3194 tenore
762 3119 995 3216 presentium
1032 3120 1300 3194 committimus
1328 3136 1368 3194 et
1394 3121 1618 3195 mandamus

113 3257 157 3317 ut
194 3267 326 3316 omnes
366 3259 407 3316 et
449 3243 620 3342 singulos
657 3269 755 3340 quos
796 3261 928 3320 contra
968 3245 1114 3320 litteras
1146 3261 1186 3320 et
1220 3245 1413 3344 privilegia
1449 3244 1620 3343 predicta

114 3368 149 3440 in
201 3365 329 3463 aliquo
370 3368 631 3443 contravenire
671 3384 737 3442 aut
778 3367 814 3441 in
860 3393 991 3443 eorum
1036 3369 1338 3444 observationem
1377 3384 1618 3443 contumaces

116 3491 277 3565 rebelles
304 3491 364 3566 vel
400 3492 581 3568 remissos
608 3516 705 3579 esse,
736 3492 865 3586 luisse,
894 3493 953 3567 vel
985 3493 1022 3566 in
1049 3493 1214 3568 futurum
1244 3519 1330 3568 esse
1356 3492 1475 3590 (quod
1502 3491 1616 3586 absit)

114 3615 310 3712 repererit,
339 3616 608 3718 cuiuscumque
640 3617 867 3692 condicionis
893 3618 1069 3702 existant,
1105 3617 1217 3692 etiam
1250 3619 1282 3694 si
1310 3617 1527 3716 Episcopali
1551 3633 1618 3691 aut

114 3739 435 3838 Archiepiscopali
453 3739 693 3839 prefulgeant
712 3742 906 3842 dignitate,
927 3744 963 3815 in
988 3767 1119 3839 penas,
1138 3743 1344 3818 sententias
1371 3757 1411 3817 et
1438 3767 1618 3816 censuras

112 3867 150 3938 in
168 3863 280 3938 dictis
306 3865 439 3938 litteris
466 3881 664 3940 contentas
693 3865 867 3940 incidisse
894 3883 933 3940 et
952 3865 1034 3942 illas
1052 3866 1252 3941 incurrisse
1270 3865 1436 3942 declaret
1454 3891 1501 3941 eo
1520 3867 1616 3963 ipso,

112 4013 157 4063 ac
185 3989 393 4064 Auditores
421 4005 461 4063 et
487 3987 680 4087 quoslibet
696 3991 790 4065 alios
809 3991 1046 4088 supradictos
1064 3993 1114 4065 ad
1133 3991 1317 4066 dictorum
1338 3990 1617 4090 privilegiorum

113 4131 152 4188 et
165 4115 332 4188 omnium
351 4115 388 4189 in
405 4115 599 4213 premissis
616 4116 750 4190 litteris
769 4133 1033 4191 contentorum
1052 4116 1359 4192 observacionem
1379 4141 1448 4214 per
1462 4141 1617 4213 suspen-

113 4239 242 4312 siones
269 4254 309 4312 et
331 4239 541 4314 amotiones
559 4238 766 4314 officiorum
784 4221 829 4315 ac⁰
848 4242 1095 4336 privationem
1115 4241 1379 4317 beneficiorum
1398 4242 1618 4316 eorumdem

114 4363 214 4437 ultra
242 4387 360 4459 penas
379 4364 628 4460 supradictas,
648 4388 693 4438 ac
714 4363 808 4438 alias
827 4365 917 4438 iuris
935 4382 976 4439 et
995 4365 1081 4439 lacti
1100 4365 1169 4441 sibi
1189 4365 1404 4442 arbitrarias
1422 4365 1478 4440 eis
1498 4367 1619 4461 impo-

115 4487 273 4575 nendas,
300 4487 337 4560 in
365 4487 539 4563 omnibus
557 4504 597 4561 et
615 4514 684 4586 per
702 4491 837 4576 omnia,
854 4507 968 4586 prout
986 4491 1022 4564 in
1041 4489 1176 4565 litteris
1195 4491 1286 4588 ipsis
1304 4508 1366 4566 est
1382 4515 1616 4587 expressum,

113 4612 216 4686 omni
245 4613 444 4687 obstaculo
470 4629 510 4687 et
537 4614 834 4688 contradictione
865 4640 908 4688 ac
937 4615 1070 4712 quavis
1095 4615 1273 4690 facultate
1307 4616 1523 4712 appellandi
1551 4639 1618 4692 seu

115 4761 228 4812 secus
255 4737 527 4834 interpretandi
562 4737 714 4835 penitus
752 4740 976 4835 postpositis
1002 4755 1043 4814 et
1080 4741 1246 4824 seclusis,
1273 4741 1374 4815 iuxta
1402 4741 1620 4816 earumdem

113 4864 336 4950 litterarum,
357 4861 432 4935 vim
455 4863 612 4938 formam
640 4881 680 4938 et
708 4877 879 4938 tenorem
900 4864 1100 4961 compellat
1118 4865 1319 4940 coherceat
1337 4882 1377 4940 et
1395 4867 1618 4965 constrigat:

114 4987 447 5062 constitutionibus
479 5001 519 5062 et
545 4987 844 5064 ordinationibus
882 4989 1100 5086 apostolicis
1138 4991 1331 5086 quibusvis
1358 4990 1472 5064 etiam
1509 4991 1622 5088 privi-

113 5110 225 5211 legiis
252 5111 313 5185 vel
341 5111 493 5186 indultis
521 5113 821 5211 quibuscumque
858 5113 1026 5212 collegiis
1063 5113 1122 5188 vel
1160 5114 1333 5212 personis
1367 5114 1519 5190 indultis
1551 5141 1619 5189 seu

114 5237 244 5311 forsan
273 5236 523 5312 concedendis
551 5235 664 5312 etiam
693 5261 778 5311 cum
806 5237 982 5313 clausulis
1010 5237 1262 5337 derogatoriis
1291 5239 1427 5334 quibus
1446 5239 1621 5336 derogari

114 5383 190 5435 non
217 5358 417 5456 possitae
439 5358 520 5435 aliis
549 5361 584 5434 in
612 5362 839 5436 contrarium
867 5363 1087 5438 facientibus
1116 5389 1191 5438 non
1209 5361 1448 5437 obstantibus
1470 5361 1618 5458 quibus-
