3688 5924
730 313 920 372 Innocentio
938 315 958 372 I
965 313 992 372 V
1569 317 1605 375 27

121 427 162 434 .-.
198 429 212 434 -
221 429 241 434 -
249 429 353 436 --.—.-
359 429 368 435 -
375 429 644 438 .·——---.-.--.—r---.-—

116 505 201 578 dato
228 505 364 600 prefati
393 504 561 604 magistri
590 505 766 578 Adenulft
794 505 934 579 domini
963 505 1063 602 Pape
1095 507 1319 582 Subdiaconi
1355 525 1394 581 et
1426 509 1607 606 capellani

116 629 241 726 scripsi
268 646 308 704 et
337 630 520 726 publicavi
540 647 707 728 rogatus,
729 655 842 726 quam
860 631 910 704 ad
927 630 1124 714 cautelam,
1147 657 1194 705 ne
1218 634 1340 729 possit
1357 635 1392 707 in
1412 650 1605 730 posterum

115 756 283 842 dubitari,
313 755 414 829 idem
443 755 622 852 magister
648 756 860 861 Adenullus
888 757 975 832 iecit
1003 759 1059 831 sui
1078 758 1186 855 sigilli
1205 760 1406 834 munimine
1426 761 1605 835 roborari.

198 909 216 952 c
236 880 336 954 Nulli
364 905 469 976 ergo,
489 898 574 966 etc,
597 896 704 953 notre
730 880 1032 967 confirmationis,
1054 882 1155 982 [etc]
1176 884 1264 958 Dat.
1286 885 1413 970 Asisii,
1441 909 1608 958 11nonas

115 1006 207 1091 maii,
237 1028 338 1078 anno
367 1014 407 1077 x⁰
428 1037 462 1079 x.

825 1307 888 1386 33.

113 1533 335 1608 an'llclmns
363 1536 542 1619 Bnrdzin',
565 1537 694 1636 Papae
716 1536 945 1634 Capellonns,
966 1563 1002 1610 se
1029 1545 1131 1609 vocal
1156 1535 1376 1610 Auditorem
1398 1541 1609 1636 gemalem

189 1687 390 1734 causarum
416 1664 518 1734 curie
537 1662 649 1760 Pape,
670 1687 743 1736 non
769 1664 822 1735 ila
841 1671 961 1735 tamen
978 1662 1190 1760 appellatur
1215 1663 1261 1734 ab
1281 1663 1458 1762 Episcopo
1477 1664 1609 1738 Palen·

189 1786 277 1871 tino,
309 1786 478 1884 deputato
507 1787 690 1859 Andtim
724 1789 764 1859 in
800 1811 911 1859 causa
947 1787 1202 1885 appellationes
1237 1813 1260 1859 a
1294 1791 1471 1862 sententio
1506 1789 1609 1862 Gnil·

186 1909 298 1984 lelmi.
330 1955 356 1965 -
389 1912 521 1984 Datur
548 1922 780 1986 conservator
806 1912 1009 1985 sententiae.

187 2099 282 2170 (Rrec.
301 2099 395 2174 Vna,
413 2101 472 2172 23,
481 2101 546 2174 sol.
565 2101 614 2169 15,
635 2116 727 2158 armo
745 2099 803 2173 XI,
821 2109 890 2174 cap.
910 2101 998 2170 rto·
1015 2085 1051 2158 E.
1070 2101 1214 2174 Battara,
1233 2119 1265 2159 n.
1284 2103 1390 2173 6960).

1173 2263 1251 2339 1253,
1270 2266 1400 2340 augusti
1418 2265 1462 2338 28,
1481 2266 1611 2326 Assisii.

106 2555 789 2577 ...........
836 2501 1066 2576 ‹Universis
1094 2517 1293 2597 presentes
1312 2501 1458 2576 litteras
1490 2503 1611 2600 inspe-

104 2625 225 2698 cturis
255 2623 488 2712 GuillelmuS,
520 2626 735 2723 prepositus
771 2626 1051 2724 Forojuliensis,
1080 2626 1220 2700 domini
1252 2625 1354 2720 Pape
1384 2625 1611 2722 Capelianus

106 2775 152 2822 ac
185 2749 346 2822 n'usdcm
382 2751 483 2824 curie
519 2775 718 2824 tonsarum
751 2751 940 2848 generalis
967 2751 1141 2836 Auditor,
1177 2751 1336 2826 salutem
1365 2753 1401 2825 in
1432 2751 1609 2826 Domino,

107 2875 210 2948 Cum
228 2874 402 2948 dominus
423 2875 526 2971 Papa
547 2874 740 2949 Bernardo
761 2875 955 2960 Fulcherii,
976 2875 1155 2949 canonico
1174 2875 1302 2950 Sancti
1321 2875 1462 2961 Aredii,
1479 2875 1612 2950 Lemo·

103 2998 270 3072 vicensis
298 2997 459 3074 diocesis
486 3001 534 3074 de
561 3002 781 3075 canonicatu
800 3017 840 3074 et
858 3000 1052 3098 prebenda
1070 3001 1106 3072 in
1126 2998 1285 3074 ecclesia
1304 3001 1609 3077 Lemovicensi...

103 3125 248 3197 abbate
277 3123 444 3211 Dolensi‚
477 3125 717 3199 Bituricensis
745 3127 916 3212 diocesis,
947 3142 1150 3202 executore
1187 3125 1256 3201 sibi
1291 3150 1484 3210 concesso,
1523 3151 1612 3221 pro-

107 3248 228 3320 videri
265 3249 484 3324 mandasset
520 3267 559 3324 et
596 3267 725 3324 contra
762 3252 884 3346 ipsum
922 3251 1055 3326 luisset
1090 3250 1308 3346 oppositum
1344 3251 1448 3346 quod
1489 3249 1612 3324 littere

108 3375 268 3448 obtente
305 3373 452 3450 fuerant
489 3379 537 3450 ab
573 3376 710 3450 endem
747 3401 816 3472 per
853 3377 1106 3472 symoniacam
1148 3376 1383 3473 pravitatem,
1427 3391 1466 3450 et
1507 3375 1611 3470 quod

108 3497 250 3592 stylum
279 3501 380 3573 curie
408 3525 482 3575 non
502 3501 695 3584 haberent,
716 3501 898 3598 quodque
918 3501 1161 3597 subbreptive
1181 3516 1309 3596 preter
1337 3500 1453 3595 ipsius
1473 3499 1613 3574 domini

110 3623 213 3717 Pape
233 3626 498 3699 conscientiam
518 3625 664 3698 fuerant
682 3627 796 3700 etiam
816 3627 1024 3722 impetrate,
1042 3641 1287 3723 propterque
1306 3639 1345 3698 et
1359 3623 1432 3698 alia
1446 3623 1611 3698 decanus

109 3765 147 3822 et
176 3749 382 3844 capitulum
412 3750 701 3824 Lemovicenses
728 3775 752 3823 a
781 3750 933 3824 domino
962 3750 1064 3846 Papa
1091 3750 1141 3823 ad
1166 3749 1330 3822 eundem
1358 3750 1532 3824 abbatem
1552 3745 1613 3822 lit-

108 3891 213 3948 teras
241 3874 470 3969 apostolicas
499 3877 757 3970 impetrarunt,
788 3877 885 3948 inter
913 3889 1040 3948 cetera
1067 3874 1303 3948 continentes
1332 3873 1436 3968 quod
1464 3873 1612 3970 prefato

111 3999 338 4092 Blernardo)
368 4001 404 4072 in
432 3998 532 4073 dicta
558 4001 716 4076 ecclesia
743 4000 918 4074 dominus
948 4000 1049 4094 Papa
1069 4023 1143 4073 non
1163 3998 1343 4072 credebat
1360 3996 1505 4072 litteras
1524 4019 1614 4072 cou-

110 4125 290 4211 cessisse,
309 4149 353 4198 ac
373 4141 650 4221 proponeretur
675 4124 779 4220 quod
798 4124 1033 4222 indulgentia
1050 4123 1233 4220 specialis,
1254 4147 1331 4220 qua
1349 4138 1410 4198 est
1427 4123 1612 4196 indultum

110 4246 259 4323 decano
294 4265 335 4324 et
368 4249 534 4346 capitulo
561 4249 888 4324 Lemovicentibus
916 4265 958 4322 ut
983 4247 1034 4322 ad
1061 4249 1315 4345 receptionem
1343 4246 1403 4322 vel
1431 4246 1613 4342 provisio·

112 4399 200 4446 nem
229 4373 385 4448 alicuius
422 4373 595 4471 compelli
629 4399 704 4448 non
733 4375 880 4472 possint
908 4399 976 4470 per
1003 4373 1147 4446 litteras
1184 4372 1424 4469 apostolicas,
1464 4371 1531 4444 nisi
1564 4370 1613 4444 de
1680 4455 1685 4466 Ι

109 4496 194 4591 ipsa
222 4497 457 4596 indulgentia
482 4517 521 4572 et
549 4499 772 4574 duodecimo
801 4499 881 4597 (sic)
909 4498 1171 4573 canonicorum
1201 4521 1358 4570 numero
1376 4512 1416 4570 et
1435 4495 1545 4570 trium
1564 4495 1614 4569 ad

108 4621 317 4718 dignitates
336 4625 373 4696 in
390 4625 525 4710 eadem
543 4624 700 4698 ecclesia
718 4624 943 4698 auctoritate
961 4621 1102 4696 domini
1121 4623 1222 4719 Pape
1240 4621 1349 4695 istius
1374 4636 1613 4717 receptorum

111 4747 318 4842 specialem
345 4765 385 4822 et
411 4772 632 4844 expressam
659 4749 813 4824 iecerint
849 4749 1088 4833 mentionem,
1121 4771 1283 4843 pereas
1320 4745 1469 4820 minime
1506 4743 1614 4818 tolle-

112 4872 238 4958 batur,
271 4871 386 4946 immo
413 4873 495 4970 ipse
522 4898 591 4969 per
618 4871 728 4959 illam,
756 4898 800 4947 ac
829 4873 1055 4968 quibusdam
1092 4871 1174 4946 aliis
1209 4871 1248 4944 in
1283 4869 1408 4945 libello
1435 4895 1614 4966 procura-

109 5013 238 5072 torum
267 4997 436 5094 ipsorum
455 4998 659 5094 propositis
687 4997 856 5092 exceptis
883 4996 1096 5070 criminibus
1123 5011 1301 5092 poterant
1328 4995 1509 5081 enervari,
1531 5017 1611 5078 nos,

107 5121 245 5197 litteris
265 5122 444 5219 predictis
467 5125 516 5198 ab
537 5124 620 5220 ipso
640 5122 864 5221 Blernardo)
880 5146 995 5218 super
1009 5121 1224 5217 provisione
1242 5119 1455 5193 huiusmodi
1481 5121 1615 5193 obten-

108 5249 159 5321 tis
201 5248 312 5324 nobis
353 5248 527 5324 exhibitis
572 5273 615 5324 ac
649 5246 847 5346 diligenter
883 5246 1074 5342 inspectis,
1116 5243 1334 5320 earumdem
1376 5243 1614 5317 considerato

107 5389 256 5458 tenore,
288 5374 338 5448 de
367 5373 485 5470 ipsius
503 5371 643 5448 domini
662 5373 763 5468 Pape
783 5371 961 5446 mandato
979 5371 1082 5467 ipsas
1100 5368 1245 5443 litteras
1264 5393 1379 5464 super
1401 5365 1615 5464 provisione
