3686 5916
263 286 319 346 530
870 283 1007 344 Soeculo
1018 283 1051 344 X
1059 283 1142 344 VIII

263 476 454 575 litigantes
482 477 728 564 consentiant,
750 490 792 548 ut
819 502 933 552 causa
951 475 1077 572 aliqua
1094 477 1220 575 gravis
1239 493 1279 550 et
1296 476 1345 550 de
1364 501 1432 550 sua
1455 493 1589 550 natura
1609 477 1764 562 Rotalis,

264 619 459 697 utsupra,
489 601 595 675 alicui
625 599 797 675 Praelato
825 601 1091 689 committatur,
1120 601 1252 697 possit,
1283 602 1435 698 quidem
1465 600 1593 675 Causa
1620 602 1705 699 ipsa
1732 603 1766 674 in

262 727 337 801 vim
368 725 452 800 talis
479 751 687 800 consensus
717 726 898 800 committi
925 725 1075 800 cuilibet
1103 724 1277 800 Praelato
1298 726 1335 799 in
1355 725 1470 801 Curia
1487 743 1595 800 extra
1614 727 1765 810 Rotam,

263 877 455 950 nunquam
482 868 609 925 autem
638 849 745 925 alicui
774 849 966 946 exipsius
996 852 1120 924 Rotae
1147 851 1407 936 Auditoribus,
1438 853 1491 924 uti
1520 851 1714 927 Praelatis.

345 975 460 1070 Quod
488 991 616 1050 autem
644 975 780 1049 attinet
807 975 855 1047 ad
885 973 1045 1062 Causas
1066 999 1164 1070 quae
1191 976 1241 1050 ad
1261 975 1399 1049 Forum
1421 974 1558 1049 Curiae
1578 965 1767 1072 Capitolii,

263 1127 311 1176 ex
342 1102 578 1199 praescripto
613 1100 849 1174 Statutorum
880 1097 1006 1185 Urbis,
1036 1116 1076 1173 et
1111 1098 1389 1198 privilegiorum
1428 1100 1560 1198 Populi
1593 1102 1766 1184 Romani,

263 1227 452 1325 pertinere
480 1227 764 1325 dignoscuntur,
794 1223 1029 1298 declaramus
1068 1223 1216 1299 Causas
1252 1225 1464 1300 huiusmodi
1503 1241 1579 1301 tam
1615 1251 1768 1324 graves,

265 1375 378 1450 quam
408 1354 529 1426 minus
565 1376 714 1450 graves,
745 1373 937 1446 nunquam
965 1351 1014 1424 ab
1042 1351 1124 1447 ipsa
1153 1349 1267 1425 Curia
1300 1350 1477 1448 Capitolii
1510 1353 1670 1438 avocari,
1703 1377 1770 1426 nec

264 1478 333 1552 nisi
360 1477 575 1560 accedente,
598 1491 640 1548 ut
658 1500 783 1572 supra,
801 1472 987 1548 communi
1006 1476 1171 1548 omnium
1193 1475 1354 1554 Partium
1374 1473 1659 1574 collitigantium
1678 1501 1765 1550 con-

265 1627 389 1687 sensu,
422 1601 615 1700 praedicto
646 1599 844 1674 Auditorio
873 1599 1008 1686 Rotae,
1038 1616 1104 1673 aut
1130 1597 1239 1674 alteri
1266 1600 1486 1696 cuicumque
1518 1601 1633 1675 ludici
1660 1619 1769 1675 extra

266 1727 404 1802 Rotam
432 1725 613 1801 committi
642 1749 768 1821 posse.

345 1850 480 1926 Causis
508 1851 637 1946 itaque
665 1849 863 1925 Rotalibus
891 1875 914 1924 a
942 1847 1165 1926 Praelatitiis
1193 1848 1257 1936 sic,
1278 1865 1318 1923 ut
1346 1850 1618 1947 praemisimus,
1641 1841 1770 1924 distin·
1832 1875 1833 1940 l

255 1963 334 2051 'ctis
361 1992 478 2073 atque
512 1975 694 2060 discretis,
724 1997 960 2069 consequens
1001 1989 1072 2060 est,
1103 1989 1143 2047 ut
1180 1973 1445 2068 pertinentiam
1484 1998 1639 2071 quoque
1675 1976 1769 2048 luris

265 2101 452 2176 scribendi
478 2115 519 2174 et
544 2099 722 2174 actitandi
749 2098 785 2172 in
814 2099 1014 2194 praedictis
1042 2099 1251 2194 respective
1271 2097 1404 2172 Causis
1424 2123 1592 2198 congrua
1620 2101 1768 2174 ratione

265 2251 524 2312 secernamus;
554 2222 740 2317 Quocirca
768 2223 979 2308 statuimus,
1009 2239 1050 2296 et
1087 2222 1193 2296 simili
1231 2221 1346 2299 modo
1383 2223 1620 2298 declaramus
1652 2242 1769 2321 atque

264 2350 511 2436 decernimus,
541 2349 598 2424 ius
627 2347 812 2424 scribendi
840 2364 880 2422 et
906 2347 1084 2422 actitandi
1113 2349 1148 2421 in
1184 2347 1341 2445 singulis
1378 2348 1589 2444 respective
1618 2347 1766 2434 Causis,

266 2475 435 2560 Notario,
458 2501 524 2550 seu
555 2474 720 2548 Notariis
748 2473 844 2548 illius
872 2471 1085 2548 Tribunalis
1104 2473 1164 2546 vel
1184 2472 1327 2554 iudicis,
1350 2473 1408 2545 cui
1427 2472 1597 2571 singulae
1618 2473 1768 2547 Causae

265 2624 335 2697 pro
364 2615 534 2696 tempore
563 2599 788 2673 commissae
815 2600 1072 2684 remanebunt,
1095 2597 1245 2672 omnino
1270 2612 1495 2692 competere,
1516 2595 1767 2694 affectumque
1832 2583 1833 2650 l

266 2750 354 2800 esse
389 2739 430 2798 et
466 2723 560 2799 lore:
599 2724 699 2796 itaut
725 2723 761 2796 in
794 2723 967 2797 omnibus
1004 2739 1044 2796 et
1079 2720 1236 2820 singulis
1266 2720 1413 2808 Causis,
1444 2721 1523 2796 sive
1557 2723 1608 2796 ob
1639 2748 1766 2796 earum

266 2864 448 2934 naturam,
486 2849 565 2923 sive
602 2861 759 2945 propter
788 2825 951 2920 Partium
984 2846 1267 2945 collitigantium
1300 2869 1524 2920 consensum
1553 2847 1767 2950 praedictae
1832 2887 1833 2938 3

267 2974 390 3048 Rotae
427 2971 627 3046 Auditorio
665 2995 734 3066 pro
772 2987 944 3066 tempore
984 2969 1203 3057 commissis,
1242 2985 1282 3043 et
1323 2969 1611 3056 committendis,
1651 2971 1766 3068 ipsius

266 3098 390 3173 Rotae
419 3096 594 3180 Notariis,
618 3095 798 3192 privative
816 3093 943 3192 quoad
963 3110 1135 3170 caeteros
1153 3119 1414 3192 quoscumque
1443 3093 1633 3183 Notarios,
1657 3095 1765 3170 etiam

269 3220 430 3319 Collegii
466 3220 699 3317 Scriptorum
735 3219 911 3306 Archivii,
946 3234 985 3292 et
1023 3218 1159 3294 Curiae
1196 3218 1386 3315 Capitolii;
1425 3217 1568 3292 Contra
1604 3245 1701 3295 vero
1733 3222 1766 3292 in

266 3347 439 3423 omnibus
468 3361 507 3420 et
535 3343 691 3444 singulis
719 3346 852 3431 causis,
874 3369 972 3440 quae
1001 3345 1051 3418 ob
1077 3367 1206 3417 earum
1235 3360 1418 3430 naturam,
1439 3343 1498 3416 vel
1514 3344 1573 3419 ¹de
1604 3343 1767 3418 Partium

265 3469 551 3569 collitigantium
579 3491 778 3555 consensu,
804 3467 984 3542 Praelatis
1009 3483 1119 3542 extra
1148 3468 1297 3554 Rotam,
1319 3467 1389 3552 vel,
1412 3483 1604 3563 tamquam
1634 3469 1685 3542 de
1714 3470 1767 3542 sui
1832 3535 1833 3564 3

265 3611 400 3670 natura
429 3591 675 3679 Praelatitiae,
696 3591 866 3668 eiusdem
896 3593 1019 3668 Rotae
1040 3591 1299 3676 Auditoribus,
1321 3615 1396 3665 non
1425 3590 1479 3665 uti
1505 3590 1767 3674 Auditoribus,
1832 3569 1833 3656 l

264 3720 333 3795 sed
349 3719 400 3793 uti
422 3718 602 3792 Praelatis
622 3720 846 3792 commissae
865 3717 1009 3802 luerint,
1032 3717 1212 3792 Notarius
1240 3715 1416 3803 Archivii,
1436 3717 1621 3813 privative
1639 3717 1770 3815 quoad
1832 3663 1833 3736 i

265 3844 360 3920 alios
387 3867 659 3939 quoscumque,
689 3856 729 3916 et
756 3843 950 3941 signanter
977 3840 1104 3938 quoad
1133 3841 1269 3929 Rotae,
1290 3859 1328 3917 et
1358 3841 1493 3917 Curiae
1532 3841 1770 3938 Capitolinae

267 3968 457 4050 Notarios,
488 3969 651 4042 scribere
680 3967 843 4042 debeant
870 3982 911 4042 et
938 3968 1104 4042 actitare.
1832 4057 1833 4082 Χ

257 4165 259 4174 ,
344 4089 461 4173 idem,
483 4092 699 4186 praedictus
727 4090 892 4166 Archivii
920 4090 1112 4179 Notarius,
1140 4091 1323 4187 privative
1350 4093 1479 4189 quoad
1507 4115 1772 4190 quoscumque

266 4216 371 4305 alios,
393 4216 555 4290 scribere
584 4218 722 4291 debeat
748 4218 785 4290 in
814 4215 951 4291 Causis
983 4217 1252 4313 cuiuscumque
1284 4217 1486 4312 qualitatis,
1519 4233 1586 4292 aut
1618 4207 1770 4306 valoris,

267 4365 365 4436 quae
393 4363 462 4435 per
489 4340 689 4434 specialem
719 4339 1033 4415 Commissionem
1065 4365 1176 4414 manu
1214 4341 1366 4428 Nostra,
1396 4357 1463 4416 aut
1497 4341 1772 4417 Successorum

268 4463 505 4551 Nostrorum,
538 4463 734 4561 signatam,
764 4464 990 4539 commissae
1026 4481 1126 4550 sunt,
1157 4489 1225 4539 seu
1263 4465 1542 4540 committentur
1577 4465 1689 4541 alicui
1728 4494 1774 4542 ex
1832 4467 1833 4562 ξ

265 4587 303 4664 S.
327 4589 372 4662 R.
394 4588 437 4663 E.
461 4587 734 4677 Cardinalibus,
756 4605 823 4662 aut
842 4588 950 4664 alicui
971 4588 1268 4687 Congregationi
1297 4590 1376 4664 sive
1401 4589 1572 4664 eiusdem
1593 4590 1632 4666 S.
1653 4592 1703 4668 R.
1728 4593 1770 4666 E.
1832 4605 1833 4612 ’

268 4712 522 4788 Cardinalium
564 4715 643 4787 sive
687 4715 881 4788 Romanae
923 4713 1061 4788 Curiae
1103 4713 1360 4789 Praelatorum
1398 4715 1612 4810 specialiter
1648 4715 1771 4814 depu-
1832 4707 1833 4802 f

266 4853 380 4925 tatae,
401 4851 562 4933 excepta
581 4838 778 4911 dumtaxat
798 4837 1106 4936 Congregatione
1129 4839 1324 4913 memorati
1343 4837 1557 4914 Tribunalis
1572 4839 1774 4916 Auditoris

267 4961 468 5038 Generalis
488 4962 699 5038 Causarum
732 4961 869 5038 Curiae
899 4963 1083 5039 Camerae
1111 4963 1357 5059 Apostolicae
1385 4965 1560 5062 propn'os
1589 4963 1774 5040 Notarios
1832 5033 1833 5056 ἶ

268 5088 454 5164 habentis.

349 5209 534 5305 Quocirca
563 5210 722 5300 Officiali
742 5237 857 5309 super
874 5214 1061 5288 revisione
1081 5212 1397 5288 Commissionum
1416 5235 1515 5288 nunc
1533 5229 1572 5288 et
1589 5238 1662 5310 pro
1680 5232 1776 5290 tem·

268 5363 362 5435 pore
390 5336 585 5433 deputato,
617 5361 686 5432 per
711 5337 867 5412 easdem
894 5354 1115 5434 praesentes
1143 5337 1381 5437 iniungimus,
1402 5353 1442 5413 et
1469 5339 1639 5413 districte
1665 5364 1777 5436 prae
1832 5323 1833 5406 l
