3720 5914
965 645 1051 724 134.

682 827 793 900 Festa
820 825 934 902 Sam·
958 826 1105 900 Palatii
1129 827 1343 924 Apostolr'cal·

332 1000 448 1074 (Anca.
463 1000 549 1072 Rom,
564 999 841 1060 ‹Constr'tutr'ones
853 999 935 1059 Rota
947 997 1080 1058 Palatii
1091 999 1273 1074 Apostolici
1281 1024 1293 1051 »
1302 999 1368 1074 sol.
1376 999 1432 1058 51⁹
1440 1005 1472 1059 et
1486 999 1606 1059 «Liber
1615 1000 1757 1060 Rotae».

249 1089 378 1148 constit.
394 1089 506 1150 -Cum
530 1090 610 1149 haec
643 1091 808 1164 legeretur
821 1090 873 1149 die
890 1089 1078 1163 aperitionis
1090 1088 1192 1150 Rotae
1203 1097 1236 1148 et
1247 1089 1281 1148 in
1297 1097 1434 1164 utroque
1451 1089 1560 1150 codice
1571 1090 1757 1164 reperiatur

252 1178 338 1236 inter
355 1175 490 1238 Constit.
509 1178 617 1238 Innoc.
637 1176 722 1238 VIII.
743 1177 866 1236 Finem
886 1176 1002 1237 litibus
1020 1184 1052 1235 et
1069 1177 1204 1237 Constit.
1224 1177 1320 1236 Alex.
1332 1175 1386 1236 Vl.
1409 1177 1451 1235 In
1471 1177 1645 1250 eminenti,
1661 1177 1759 1237 collo·

250 1265 357 1325 canda
375 1275 424 1326 est
443 1267 503 1326 sub
522 1265 710 1326 Innocentio
727 1265 803 1325 VIII
822 1268 875 1325 vel
894 1267 986 1325 initio
1004 1265 1205 1340 pontificatus
1223 1266 1403 1325 Alexandri
1421 1265 1486 1339 VI).

1571 1425 1650 1487 Sine
1669 1427 1756 1488 data.

694 1577 886 1651 Ianuarius
914 1576 1030 1651 habet
1057 1576 1138 1651 dies
1165 1573 1239 1650 XX
1247 1573 1313 1651 Xl.

333 1717 490 1792 Festum
520 1718 821 1794 CircumcisIonis
848 1744 969 1816 usque
996 1717 1046 1794 ad
1072 1720 1274 1794 crastinum
1299 1718 1531 1817 Epiphaniae
1550 1719 1756 1796 exclusive.

332 1840 489 1916 Festum
517 1843 617 1918 beati
646 1843 799 1919 Antonii
827 1843 1000 1920 Abbatis.

332 1966 486 2041 Festum
515 1969 676 2070 Agnetis
704 1970 868 2068 virginis.

331 2090 487 2166 Festum
516 2093 702 2168 Vincentii
731 2093 908 2170 Martiris.

330 2217 486 2294 Festum
516 2221 771 2295 conversionis
799 2221 919 2294 sancti
949 2218 1062 2296 Pauli.

655 2379 882 2456 Februarius
911 2381 1026 2456 habet
1053 2379 1134 2456 dies
1162 2379 1336 2456 XXVIII.

328 2521 485 2598 Festum
515 2522 782 2597 Purificationis
809 2525 944 2598 beatae
973 2524 1116 2598 Mariae
1144 2524 1186 2602 ll.

328 2645 485 2721 Festum
515 2646 628 2721 Blasii
657 2646 835 2734 Mentiris,
864 2648 922 2724 lll.

329 2770 486 2846 Festum
515 2774 667 2871 Agatae
695 2771 872 2871 Virginis,
904 2773 951 2848 V.

328 2895 486 2972 Festum
515 2897 717 2972 cathedrae
757 2896 886 2974 Sancti
913 2899 1022 2987 Petri,
1054 2897 1176 2977 XXII.

331 3021 487 3096 Festum
516 3022 684 3098 Mathiae
713 3023 899 3120 Apostoli,
930 3023 1070 3100 XXlll.

410 3145 525 3220 Etsi
549 3148 704 3222 sextilis.

331 3269 637 3369 Carnisprivium.

330 3393 486 3469 Festum
517 3394 705 3471 Cinerum.

707 3557 867 3632 Martius
900 3557 1014 3632 habet
1041 3558 1122 3634 dies
1149 3557 1297 3636 XXXI.

329 3695 485 3770 Festum
514 3697 689 3798 Gregorii
717 3699 852 3797 Papae,
884 3699 965 3777 XII.

329 3819 484 3895 Festum
515 3821 707 3897 Benedicti
736 3824 899 3899 Abbatis
927 3825 1033 3904 XXI.

329 3943 485 4018 Festum
509 3946 820 4022 Annunciationis
848 3951 984 4025 beatae
1013 3952 1157 4028 Mariae
1194 3952 1360 4054 Virginis
1397 3951 1522 4060 XXV.

328 4069 483 4144 Festum
511 4071 812 4147 Resurrectionis
855 4074 1009 4150 Domini
1044 4102 1129 4150 cum
1161 4094 1310 4176 septem
1343 4077 1476 4153 diebus
1512 4077 1750 4174 praeceden-

245 4193 346 4268 tibus
373 4212 412 4268 et
440 4194 599 4269 totidem
630 4199 886 4295 sequentibus.

728 4357 869 4455 Aprilis
897 4359 1012 4434 habet
1040 4361 1120 4436 dies
1140 4361 1270 4437 XXX.

326 4497 482 4570 Festum
513 4497 670 4597 Georgii
697 4503 874 4599 martyris
901 4503 1040 4580 XXlll.

327 4621 483 4696 Festum
515 4621 633 4697 Marci
661 4624 928 4722 Evangelistae
956 4624 1084 4704 XXV.

711 4786 835 4860 Maius
864 4789 978 4863 habet
1005 4790 1086 4864 dies
1118 4789 1265 4867 XXXl.

325 4923 480 4998 Festum
509 4926 667 5024 Philippi
703 4943 743 5001 et
770 4928 893 5004 lacobi
922 4930 1197 5026 Apostolorum
1225 4933 1241 5007 1

325 5049 480 5124 Festum
508 5051 733 5127 inventionis
771 5069 923 5129 sanctae
953 5054 1085 5132 Crucis
1112 5057 1171 5132 lll.

315 5173 480 5259 ‚Festum
510 5177 656 5251 Ioannis
689 5193 778 5251 ante
811 5195 959 5276 portam
988 5181 1159 5257 Latinam
1193 5181 1255 5258 Vl.

326 5297 482 5374 Festum
510 5301 754 5398 apparitionis
786 5303 904 5378 sancti
932 5307 1069 5406 Angeli
1098 5307 1192 5386 Vlll.
