3720 5914
892 310 1029 369 Soeculo
1048 309 1080 369 X
1088 311 1114 370 V

1025 411 1753 421 *wm—

978 732 1041 810 87.

443 943 574 1018 Calistz'
599 945 673 1018 III
695 945 862 1030 Rutulus,
893 969 966 1030 seu,
997 944 1222 1018 Mandatum
1250 946 1294 1018 de
1317 945 1551 1042 providendo,

330 1103 444 1172 (Anca.
464 1102 551 1174 Ron,
575 1101 794 1174 ‹Privitegia
807 1125 833 1175 »,
852 1106 929 1160 tom.
947 1100 975 1174 J,
990 1105 1079 1176 part.
1097 1099 1125 1174 J,
1146 1117 1178 1158 n.
1197 1099 1266 1172 IX).

1475 1261 1552 1334 1455,
1570 1260 1687 1334 aprilis
1704 1258 1749 1318 20.

335 1461 439 1534 Motu
470 1462 634 1557 proprio.
659 1461 814 1534 Dilectis
842 1461 923 1534 filiis
952 1459 1166 1558 capellanis,
1188 1462 1306 1534 nostri
1334 1461 1454 1556 aplici
1476 1462 1605 1558 palacii
1626 1471 1760 1534 causa

252 1611 332 1657 rum
355 1586 610 1672 Auditoribus,
631 1611 791 1683 quorum
812 1590 961 1660 nomina
980 1588 1130 1660 inferius
1148 1604 1386 1670 annotantur,
1408 1587 1563 1684 singulis
1582 1587 1757 1660 videlicet

250 1711 299 1783 de
314 1713 462 1784 duobus
483 1713 668 1786 beneficiis
688 1711 960 1798 ecclesiasticis,
982 1738 1064 1784 cum
1086 1738 1174 1784 cura
1193 1711 1251 1786 vel
1268 1715 1347 1784 sine
1367 1736 1465 1796 cura,
1483 1712 1754 1806 cuiuscumque

251 1852 347 1922 taxe,
380 1864 446 1910 sen
477 1840 588 1910 annui
616 1837 763 1920 valoris,
781 1841 892 1910 etiam
922 1839 952 1910 si
980 1839 1220 1911 canonicatus
1240 1857 1278 1910 et
1298 1838 1500 1932 prebende,
1531 1836 1753 1932 dignitates,

250 1979 488 2056 personatus,
509 1963 850 2037 administrationes
868 1962 927 2035 vel
956 1963 1086 2041 officia.
1110 1962 1168 2035 vel
1188 1979 1316 2034 curata
1335 1979 1374 2034 et
1393 1961 1548 2034 electiva
1567 1961 1601 2031 in
1622 1961 1755 2032 cathe-

249 2085 428 2173 dralibus,
458 2089 829 2183 metropolitanarum
857 2088 916 2160 vel
938 2086 1230 2184 Collegiatarum
1250 2086 1427 2172 ecclesiia,
1448 2104 1514 2159 aut
1542 2088 1753 2158 decanatus

251 2213 309 2284 vel
339 2213 739 2309 Archipresbyteratus
769 2213 928 2286 Rurales
957 2230 996 2285 et
1023 2213 1227 2309 dignitates
1256 2215 1307 2284 ita
1336 2191 1438 2308 quod
1466 2213 1630 2308 dignitas
1664 2234 1752 2280 curn

167 2383 169 2388 -
250 2337 441 2432 prebenda
470 2341 505 2410 in
533 2338 666 2411 eadem
695 2337 852 2410 ecclesia
880 2336 988 2408 simul
1016 2338 1075 2410 vel
1104 2339 1316 2411 successive
1352 2361 1490 2409 vacans
1532 2360 1601 2432 pro
1639 2335 1753 2407 unico

249 2461 427 2536 beneficio
456 2479 710 2558 computetur;
742 2486 884 2536 necnon
926 2461 1179 2555 prestimonia,
1218 2460 1520 2556 prestimoniales
1555 2460 1752 2556 portiones

249 2587 368 2668 unius,
401 2588 569 2665 duorum.
603 2587 722 2667 trium,
755 2602 918 2682 quatuor
947 2612 1013 2660 seu
1043 2584 1203 2682 plurium
1224 2585 1464 2658 ecclesiarum
1494 2584 1658 2657 canonici
1678 2609 1750 2656 seu

247 2712 510 2784 canonicorum
539 2727 604 2784 aut
632 2713 723 2784 alias
753 2713 786 2784 in
817 2711 885 2784 illis
915 2737 981 2785 seu
1013 2711 1283 2786 Civitatibus...
1384 2712 1601 2783 earumdem
1631 2711 1750 2781 bene-

249 2835 359 2910 ficiati
388 2863 454 2909 seu
484 2837 787 2910 beneficiatorum
817 2836 876 2910 vel
904 2837 1030 2932 aliqua
1057 2863 1123 2908 seu
1152 2835 1338 2933 aliquibus
1358 2837 1524 2932 ipsorum
1554 2859 1675 2928 usque
1697 2833 1746 2906 ad

220 2935 433 3032 'summanr
465 2961 627 3036 Centum
655 2961 736 3036 libr.
767 2977 921 3036 turon...
1095 2961 1299 3034 secundum
1328 2983 1563 3034 communem
1596 2959 1748 3032 estinra·

250 3086 389 3158 tionem
418 3111 487 3181 pro
515 3086 685 3182 quolibet
713 3088 878 3182 ipsorum
917 3089 948 3160 si
985 3110 1063 3182 qua
1099 3110 1197 3158 nunc
1230 3101 1364 3158 vacant
1404 3084 1463 3156 vel
1496 3085 1681 3158 vacabunt
1714 3085 1750 3155 in

249 3213 410 3283 futurum
448 3213 732 3306 expectantibus
774 3213 1019 3284 communiter
1053 3209 1112 3284 vel
1154 3211 1299 3284 divisim
1327 3212 1376 3284 ad
1409 3202 1643 3283 collationem
1672 3225 1745 3282 etc.

245 3337 410 3408 omnium
452 3351 490 3409 et
532 3337 764 3432 singulorum
802 3337 1022 3410 collatorum
1060 3361 1126 3408 seu
1162 3334 1389 3408 collatricum
1422 3333 1642 3407 secularium
1686 3332 1747 3403 vel

247 3461 489 3557 Regularium
509 3461 682 3534 ordinum
701 3485 1034 3558 quorumcumque.
1057 3461 1107 3534 ad
1126 3460 1220 3532 duas
1249 3458 1417 3532 videlicet
1439 3459 1655 3532 collationes
1675 3481 1747 3552 per

243 3585 346 3678 ipsos
377 3585 581 3658 Auditores
609 3603 806 3658 eteorum
836 3585 1005 3682 singulos
1035 3587 1069 3658 in
1112 3586 1182 3658 illis
1214 3585 1366 3658 ubilibet
1403 3584 1597 3682 eligendas
1634 3598 1673 3652 et
1708 3582 1745 3654 in
1846 3571 1847 3609 l

243 3707 476 3782 confectione
505 3710 711 3782 litterarum
741 3710 1058 3804 expediendarum
1088 3711 1201 3784 etiam
1232 3709 1374 3782 ratione
1408 3709 1633 3805 dignitatum
1671 3722 1743 3778 etc.
1845 3781 1846 3814 ἒ

245 3833 406 3907 Etcum
443 3835 632 3908 creatione
675 3836 709 3906 in
749 3835 947 3908 canonicos
988 3835 1155 3932 gratiose
1193 3833 1434 3932 providemus
1477 3849 1517 3905 et
1554 3831 1745 3929 provideri

245 3959 477 4034 mandamus.
510 3960 750 4052 Mandantes,
771 3959 898 4032 literas
925 3959 1153 4055 apostolicas
1173 3961 1245 4032 sub
1264 3960 1354 4032 data
1381 3959 1505 4055 priori,
1528 3982 1623 4054 quas
1643 3956 1746 4028 farni-

242 4084 393 4156 liaribus
422 4085 560 4156 nostris
592 4086 686 4157 veris
716 4085 898 4156 continuis
928 4085 1241 4158 commensalibus
1269 4086 1372 4158 etin
1400 4084 1617 4158 cancellaria
1654 4105 1744 4178 apo·

242 4209 372 4281 stolica
402 4209 610 4304 descriptis,
643 4209 699 4282 vel
729 4211 995 4294 describendis,
1026 4211 1312 4306 assignavimus,
1345 4210 1519 4283 videlicet
1546 4209 1617 4282 sub
1653 4209 1744 4280 data

243 4357 297 4406 xn
326 4336 396 4408 kal.
429 4334 513 4406 maii
541 4359 639 4406 anno
670 4335 799 4429 primo,
830 4335 956 4408 literas
985 4335 1161 4432 expediri.

323 4458 648 4532 Nonobstantibus
668 4459 997 4532 constitutionibus
1025 4477 1063 4532 et
1092 4459 1385 4534 ordinationibus
1413 4459 1641 4558 apostolicis,
1671 4457 1742 4529 illis

240 4585 437 4676 presertim
467 4584 602 4678 quibus
631 4601 785 4655 cavetur
812 4583 860 4654 ad
891 4609 1003 4656 unum
1034 4584 1230 4656 dumtaxat
1258 4585 1477 4658 beneficium
1505 4584 1541 4656 in
1569 4583 1739 4679 partibus

240 4708 523 4780 ultramontanis
552 4708 695 4804 gratias
724 4707 863 4780 debere
892 4708 1058 4791 concedi,
1090 4708 1317 4805 statutisque
1346 4727 1384 4782 et
1412 4707 1739 4783 constitutionibus

238 4831 479 4904 ecclesiarum
509 4833 708 4924 presertim
739 4832 786 4904 de
814 4834 982 4928 optando
1013 4834 1069 4904 vel
1099 4833 1340 4928 assequendo
1370 4833 1530 4906 maiores
1559 4832 1616 4904 vel
1644 4831 1738 4903 alias

237 4957 461 5050 prebendas,
492 4956 626 5051 quibus
656 4981 837 5050 expresse
866 4973 905 5029 et
935 4959 1105 5051 specifice
1135 4959 1169 5030 in
1199 4957 1364 5031 savorem
1402 4958 1583 5031 dictorum
1623 4957 1737 5030 Audi-

240 5094 362 5150 torum
392 5077 568 5175 derogari
595 5079 779 5153 volumus.
813 5079 972 5178 Regula,
1002 5080 1037 5152 in
1066 5082 1290 5178 contrarium
1320 5083 1433 5178 edita,
1456 5083 1735 5164 nonobstante,

237 5204 448 5299 ceterisque
475 5205 510 5275 in
540 5205 765 5277 contrarium
796 5204 1012 5279 facientibus
1040 5209 1350 5303 quibuscumque.
