3688 5924
203 311 223 353 x
747 293 923 368 Praefatio
941 295 987 353 ad
1005 259 1159 354 lectorem

286 509 345 560 20.
375 527 401 540 -
430 484 645 557 Arcbivium
666 483 788 557 Rotae
807 484 856 556 ad
872 483 1092 556 Vaticanum
1113 483 1148 554 in
1168 482 1243 556 duo
1262 482 1506 577 dispescitur:
1528 480 1561 552 in
1587 483 1698 554 Nota·

201 607 281 694 rile,
314 607 416 704 quod
444 608 575 704 implet
608 631 647 680 11
681 631 728 680 ex
763 632 804 680 12
837 607 906 680 illis
935 606 1112 680 cubiculis
1140 628 1179 680 et
1207 607 1243 680 in
1271 605 1463 681 secretum.
1510 703 1512 710 y

885 930 904 1024 ς
933 927 1010 1003 vn.

650 1085 707 1153 De
731 1085 851 1154 rotali
875 1085 1061 1154 Archivio
1085 1092 1254 1154 secreto.

285 1307 344 1358 21.
374 1327 401 1338 -
431 1284 646 1356 Archivium
674 1299 861 1356 secretum
891 1284 1041 1378 proprie
1069 1299 1129 1356 est
1154 1281 1368 1356 Arcbivium
1390 1283 1626 1366 Auditorum,
1660 1299 1701 1356 et

204 1409 314 1483 bodie
343 1409 507 1482 continet
534 1410 645 1481 etiam
676 1409 779 1503 quod
807 1407 843 1480 in
877 1407 1014 1481 Diariis
1042 1433 1071 1482 s.
1103 1434 1131 1484 r.
1162 1409 1284 1480 Rotae
1318 1425 1552 1504 nuncupatur
1579 1409 1700 1481 Deca-

202 1550 334 1624 παίω1
366 1551 436 1623 boc
470 1551 608 1623 Rotam
638 1549 776 1624 babere
808 1567 849 1623 et
881 1567 1014 1622 natura
1042 1575 1165 1622 rerum
1196 1550 1460 1646 bominumque
1488 1549 1698 1646 compulsit,

202 1693 241 1749 et
269 1676 430 1771 positiva
458 1675 543 1770 lege
571 1675 680 1750 iussit
705 1674 777 1746 iam
806 1675 991 1748 lohannes
1020 1673 1142 1761 XXII,
1171 1691 1291 1748 const.
1323 1675 1435 1748 Ratio
1467 1676 1565 1747 iuris
1597 1699 1700 1771 prae·

204 1801 385 1896 cipiend0,
416 1815 507 1871 vota
535 1800 760 1873 Auditorum
788 1826 811 1872 a
840 1799 1005 1872 Notariis
1040 1801 1149 1872 «sub
1186 1797 1307 1897 sigillo
1341 1799 1580 1872 credentzer»
1615 1825 1701 1873 esse

204 1924 377 1997 tenenda.

286 2072 345 2121 22.
376 2091 401 2102 -
431 2047 591 2132 Etiam,
622 2050 693 2121 sub
722 2047 885 2120 Martino
915 2047 958 2132 V,
991 2048 1123 2120 Petrus
1144 2047 1271 2132 Nardi,
1294 2047 1466 2130 Auditor,
1488 2048 1551 2142 qni
1581 2047 1700 2119 bullas

205 2159 356 2245 Martini
383 2174 431 2245 de
461 2172 722 2246 reformatione
752 2173 873 2246 Rotae
900 2172 1149 2270 glossaverat‚
1174 2172 1208 2243 in
1238 2173 1352 2245 dorso
1380 2171 1552 2244 Mz‘nutae
1579 2172 1701 2243 cuius-

148 2394 151 2398 ·
202 2297 289 2371 dam
310 2296 591 2392 supplicationis
612 2297 778 2370 Pontifici
797 2314 995 2392 porrectae
1015 2314 1057 2371 ut
1075 2297 1201 2394 aliqua
1219 2313 1455 2370 mutarentur
1473 2323 1520 2370 ex
1539 2297 1700 2370 decretis

203 2421 238 2494 in
274 2422 443 2518 praelata
478 2421 753 2508 reformatione,
794 2422 1010 2496 Archivium
1049 2439 1236 2496 secretum
1275 2439 1474 2508 memorat,
1514 2422 1699 2496 scribens:

211 2547 298 2620 ‹Et
327 2563 488 2641 ponatur
514 2546 563 2620 ad
590 2557 737 2644 capsam
764 2547 999 2620 dominorum
1028 2548 1253 2621 Auditorum
1273 2545 1342 2620 ι’

287 2697 346 2766 23.
379 2717 393 2728 -
425 2671 523 2744 Nam
550 2685 660 2771 capsa
681 2696 817 2746 nomen
836 2672 904 2746 fuit
923 2690 1010 2746 tunc
1029 2672 1210 2768 temporis
1230 2672 1416 2754 Ambivio,
1438 2673 1578 2768 quippe
1596 2672 1700 2767 quod

202 2798 354 2870 chartae
387 2798 421 2870 in
454 2811 683 2870 vetustatem
721 2799 930 2870 servandae
967 2797 1002 2870 in
1035 2796 1158 2894 lignea
1189 2794 1337 2892 capsa³
1371 2797 1418 2869 ab
1456 2797 1700 2869 Auditoribus

203 2922 520 2996 custodiebantur.
538 2921 677 2995 Verum
692 2921 760 2996 suit
775 2921 886 2994 etiam
908 2919 958 2996 illi
979 2947 1114 2995 nomen
1142 2920 1371 3004 ‹saccus›;⁴
1393 2921 1460 2993 sed
1479 2920 1632 2994 soeculo
1652 2943 1700 2992 xv

204 3063 243 3118 et
270 3046 439 3141 praecise
467 3070 537 3141 per
565 3045 602 3118 id
631 3047 811 3142 temporis
839 3073 916 3142 quo
946 3047 1047 3120 Rota
1075 3061 1114 3118 et
1143 3047 1355 3119 Florentiae
1383 3064 1422 3119 et
1452 3046 1644 3119 Bononiae
1663 3061 1703 3118 et

204 3171 313 3243 Senis
338 3195 421 3242 cum
439 3169 540 3265 Papa
563 3170 640 3243 luit.
665 3170 762 3243 Cum
783 3196 909 3244 secum
930 3171 1075 3244 deferre
1096 3169 1291 3244 debuisset
1308 3171 1408 3243 Rota
1426 3171 1576 3243 chartas
1596 3193 1695 3254 suas,

202 3319 267 3368 eas
297 3293 530 3367 commodius
558 3293 676 3367 saccis
704 3293 865 3373 inclusas
894 3295 1057 3368 trasvebi
1086 3295 1264 3390 ¹iaciebat:
1286 3310 1357 3380 ast,
1379 3296 1508 3368 sedem
1529 3293 1700 3367 stabilem

202 3419 319 3491 semel
335 3435 443 3490 nacta
464 3419 573 3504 Rota,
597 3416 678 3490 illas
697 3419 832 3492 iterum
852 3417 966 3514 capsa
985 3417 1146 3492 inclusas
1166 3420 1339 3492 servavit.
1361 3420 1411 3492 Et
1430 3445 1470 3511 re
1489 3443 1580 3491 sane
1599 3443 1699 3504 vera,

204 3544 274 3615 sub
303 3543 363 3615 die
395 3567 439 3614 22
472 3559 544 3615 oct.
580 3566 672 3634 144¹
716 3542 990 3616 Thesaurarius
1019 3543 1153 3628 Rotae,
1186 3545 1314 3616 Simon
1353 3545 1400 3616 de
1437 3543 1702 3626 Valle,'adno·

204 3669 330 3741 tabat:
375 3669 503 3740 «Item
524 3725 611 3744 .....
658 3667 745 3740 dedi
785 3667 936 3741 Bancbo
974 3669 1021 3742 de
1060 3669 1218 3742 Medicis
1255 3694 1324 3764 pro
1361 3681 1557 3763 portatura
1597 3681 1701 3766 capse

211 3793 493 3866 «Dominarum
526 3817 602 3888 que
630 3794 864 3888 ponderabat
891 3791 1004 3866 libras
1031 3793 1262 3880 CCXXXss,
1294 3795 1329 3866 in
1358 3819 1433 3889 qua
1461 3807 1567 3865 erant
1594 3791 1700 3864 volu-

209 3917 345 3990 ‹mina
374 3918 410 3992 d.
442 3917 653 3990 Geminiani
687 3943 763 4013 que
800 3916 949 4014 reliquit
987 3917 1159 4014 Collegio
1196 3919 1258 3991 dd.
1290 3919 1388 4004 AA.,
1420 3917 1467 3992 de
1505 3916 1613 3990 Senis
1649 3916 1698 3990 ad

211 4042 391 4116 <Urbem
420 4085 431 4096 -
460 4042 538 4116 flor.
572 4042 645 4117 llll.
676 4043 764 4117 carl.
796 4043 880 4118 ll».
913 4042 1009 4114 Cum
1044 4057 1172 4115 autem
1210 4067 1361 4138 semper
1388 4087 1405 4098 -
1433 4058 1475 4114 ut
1510 4067 1579 4114 suo
1616 4042 1698 4115 loco

204 4167 278 4238 dixi
316 4210 342 4219 -
366 4165 542 4238 Archivii
568 4168 699 4238 secreti
728 4168 898 4240 custodia
931 4168 1132 4240 commissa
1165 4167 1274 4239 suerit
1307 4167 1532 4240 Auditorum
1568 4165 1697 4240 Came·

203 4291 311 4376 rari0,
343 4292 427 4364 binc
454 4290 490 4363 in
518 4291 647 4364 Libris
664 4293 850 4376 rationum
872 4291 1039 4388 Capellae
1056 4293 1229 4389 eripuis,
1250 4291 1475 4366 Theodorus
1494 4293 1542 4364 de
1562 4291 1697 4378 Lelliis,

202 4415 451 4500 Camerarius
481 4439 580 4488 anno
606 4422 716 4508 1467,
738 4414 954 4498 adnotabat,
987 4441 1028 4488 se
1055 4413 1211 4489 solvisse
1239 4415 1382 4512 aliquot
1399 4413 1567 4514 florenos
1591 4443 1609 4486 e
1630 4441 1698 4512 pro

210 4555 439 4635 «portatura
469 4553 574 4638 capse
600 4541 830 4612 dominorum
849 4568 865 4608 r
893 4541 941 4612 de
971 4540 1083 4613 domo
1102 4541 1353 4613 antecessoris
1373 4541 1430 4613 sui
1451 4541 1632 4614 Bernardi
1651 4543 1699 4614 de

204 4666 362 4750 Boscbo,
394 4665 609 4750 Camerarii,
640 4666 675 4738 in
703 4665 856 4738 domum
885 4691 1002 4740 suam.

284 4910 292 4939 ¹
312 4905 487 4966 Constabat
511 4908 631 4982 aliquot
653 4923 693 4966 ex
717 4907 830 4966 Lelm's
848 4923 873 4967 s,
891 4907 996 4966 Rotae
1020 4915 1052 4966 et
1075 4908 1196 4967 chartis
1219 4923 1300 4983 quas
1324 4909 1457 4968 directio
1477 4910 1650 4970 tribunalis
1668 4918 1699 4969 et

201 4997 313 5056 rotalis
331 4997 459 5070 collegii
478 5012 555 5070 prae
575 4996 725 5056 manibus
742 4997 884 5071 quotidie
902 4997 1004 5056 Rotae
1024 4997 1191 5056 Decanum
1210 4997 1330 5056 habere
1349 4998 1568 5072 compellebat.

281 5086 293 5120 ²
311 5082 376 5143 Cir.
394 5084 479 5144 infra
497 5101 570 5158 pag.
591 5085 652 5156 116,
671 5101 702 5144 n.
719 5085 764 5157 64,
782 5085 817 5142 in
836 5083 908 5142 fine.

281 5173 292 5208 ³
310 5171 452 5247 Capsam
470 5173 568 5232 fuisse
587 5174 731 5246 ligneam
748 5181 860 5247 aperte
885 5173 1002 5233 fatetur
1020 5173 1258 5234 Inventarr'um
1283 5193 1315 5234 n.
1340 5173 1401 5244 III,
1419 5191 1507 5236 anno
1535 5177 1606 5240 1449
1628 5192 1699 5238 con·

201 5262 328 5335 sectum,
346 5278 411 5336 quo
429 5263 562 5337 legitur:
587 5261 732 5320 «Primo
751 5278 821 5320 una
840 5269 939 5336 capsa
960 5263 1074 5336 lignea
1092 5280 1170 5322 cum
1189 5264 1366 5324 clavatum
1379 5289 1405 5324 ».

282 5353 294 5387 ⁴
312 5349 376 5410 cfr.
396 5351 479 5411 infra
498 5367 571 5426 pag.
591 5351 717 5424 129-130,
737 5367 768 5410 n.
787 5351 831 5410 75.
