3720 5916
295 329 351 390 420
919 327 1055 388 soeculo
1073 325 1180 388 XVII

296 545 410 619 super
437 518 561 594 litibus
590 536 629 594 et
655 519 930 604 controversiis,
960 518 1052 592 alias
1071 541 1141 614 per
1159 518 1279 594 dictos
1299 517 1477 593 Notarios
1495 535 1626 594 eontra
1640 521 1773 616 quosvis

296 646 390 721 alios
424 644 576 720 indicti
610 643 714 720 Sacri
748 643 876 720 Palatii
909 643 1119 741 Apostoliei
1152 643 1364 732 Auditorio,
1399 661 1466 718 aut
1502 645 1576 718 alio
1604 643 1774 720 Tribunali

296 797 421 847 coram
448 769 584 866 quovis
612 769 735 844 Iudice
763 767 1054 864 praemissorum
1074 767 1270 844 occasione
1289 768 1772 866 quomodolibet-suscitatis,

295 895 533 994 imponendo,
563 910 667 970 motu
696 893 813 977 simili,
844 892 1067 992 Apostolica
1094 896 1329 982 auctoritate,
1359 909 1491 969 tenore
1528 895 1774 991 praesentium,

296 1022 532 1097 decernimus
565 1033 604 1094 et
639 1018 885 1104 declaramus,
925 1041 999 1092 uon
1030 1019 1268 1094 obstantibus
1305 1017 1534 1117 praemissis,
1563 1037 1604 1094 et
1638 1019 1775 1094 aliorum

296 1147 553 1221 Romanorum
584 1140 812 1228 Pontificum,
844 1140 1183 1216 Praedecessorum
1205 1157 1431 1228 nostrorum,
1455 1141 1777 1217 Constitutionibus

295 1289 334 1346 et
361 1268 524 1352 indultis,
555 1265 756 1366 privilegiis
784 1266 1019 1364 supradictis,
1052 1266 1224 1364 Collegio
1251 1266 1424 1363 illiusque
1444 1267 1696 1364 singularibus
1714 1291 1776 1364 per-

295 1396 398 1472 sonis
434 1391 719 1490 quomodolibet
759 1391 961 1478 concessis,
1002 1415 1146 1468 necnon
1189 1394 1272 1488 piae
1309 1417 1421 1469 mem.
1462 1391 1515 1466 Pii
1556 1391 1681 1488 Papae
1716 1391 1775 1476 IV,

294 1520 406 1596 etiarn
446 1517 752 1592 Praedecessoris
792 1518 923 1604 nostri,
960 1518 1103 1615 gratias
1142 1515 1343 1592 Cameram
1379 1517 1609 1612 praedictam
1643 1541 1777 1591 concer-

294 1662 426 1719 nentes
454 1643 491 1716 in
518 1641 651 1716 eadem
682 1639 843 1716 Camera
870 1642 1064 1739 registrari
1092 1641 1243 1730 debere,
1274 1642 1572 1738 disponentibus,
1593 1667 1639 1716 ac
1666 1660 1778 1717 nostra

294 1788 333 1846 et
362 1767 616 1846 Cancellariae
644 1768 890 1863 Apostolicae
927 1767 1059 1866 regula
1094 1769 1142 1844 de
1178 1768 1257 1842 iure
1293 1769 1469 1864 quaesito
1503 1792 1576 1842 non
1616 1768 1776 1852 tollendo,

293 1895 450 1990 aliisque
478 1892 807 1968 constitutionibus
834 1907 874 1965 et
901 1891 1198 1966 ordinationibus
1226 1891 1470 1989 Apostolicis,
1490 1894 1605 1968 etiam
1625 1893 1779 1968 eoncilia-

294 2021 406 2103 ribus,
436 2019 611 2114 desuper,
642 2015 678 2089 in
707 2039 848 2113 genere
874 2017 935 2091 vel
963 2017 998 2090 in
1026 2017 1164 2112 specie,
1196 2017 1317 2104 editis,
1347 2017 1462 2092 etiam
1491 2017 1599 2092 Motu
1628 2019 1776 2114 proprio,

295 2144 449 2220 scientia
475 2157 515 2216 et
547 2142 748 2239 potestatis
784 2138 1014 2236 plenitudine
1051 2139 1241 2229 similibus,
1272 2159 1311 2216 et
1347 2141 1649 2239 quibuscumque
1683 2144 1777 2218 etiam

294 2269 534 2369 quantumvis
561 2267 827 2344 efficacissimis
855 2266 1030 2342 clausulis
1057 2283 1096 2342 et
1114 2267 1286 2353 decretis,
1307 2267 1421 2344 etiam
1441 2269 1670 2345 irritantibus
1687 2272 1778 2344 rubo

295 2395 395 2479 ratis,
425 2409 465 2467 et
499 2391 591 2466 alias
625 2391 661 2464 in
698 2391 924 2464 contrarium
961 2391 1239 2486 praedictorum
1272 2390 1556 2487 quomodolibet
1592 2393 1777 2477 concessis,

293 2517 532 2603 confirmatis,
563 2532 603 2590 et
628 2515 834 2602 innovatis;
864 2516 1000 2611 quibus
1028 2515 1212 2598 omnibus,
1241 2517 1387 2592 etiamsi
1415 2542 1486 2615 pro
1517 2516 1663 2592 illorum
1692 2517 1778 2592 sulli-

294 2645 404 2721 ciemi
419 2643 666 2742 derogatione
693 2640 743 2714 de
769 2639 839 2714 iliis
857 2665 1065 2736 eorumque
1084 2641 1174 2716 totis
1193 2643 1385 2718 tenoribus
1408 2643 1590 2741 specialis,
1611 2644 1779 2740 specifica,

294 2794 477 2869 expressa
504 2783 543 2842 et
572 2765 759 2841 individua
785 2791 829 2841 ac
856 2766 905 2841 de
932 2768 1050 2842 verbo
1076 2768 1126 2841 ad
1154 2768 1320 2853 verbum,
1352 2792 1426 2842 non
1453 2784 1580 2842 autem
1609 2794 1677 2866 per
1693 2769 1780 2842 clau·

294 2896 397 2970 sulas
419 2893 627 2993 generales,
649 2891 746 2966 idem
761 2891 1009 2986 importantes
1029 2891 1181 2978 mentio,
1201 2918 1268 2966 seu
1297 2895 1452 2989 quaevis
1471 2894 1657 2990 exquisita
1675 2895 1780 2968 forma

293 3021 344 3095 ad
371 3021 442 3094 hoc
469 3017 658 3092 servanda
684 3015 792 3100 soret,
823 3031 976 3090 tenores
996 3014 1221 3102 huiusmodi,
1240 3042 1284 3090 ac
1303 3016 1334 3091 si
1353 3017 1402 3090 de
1419 3018 1537 3092 verbo
1554 3018 1603 3092 ad
1623 3019 1778 3102 uerbum,

294 3141 380 3219 nihil
408 3142 557 3240 penitus
585 3138 736 3224 omisso,
766 3154 806 3212 et
834 3139 952 3214 forma
969 3139 1006 3214 in
1025 3138 1095 3215 illis
1118 3140 1255 3214 tradita
1274 3141 1485 3225 observata,
1507 3141 1635 3216 inserti
1659 3143 1779 3224 forent

294 3267 568 3367 praesentibus,
599 3287 670 3360 pro
697 3261 806 3360 plene
834 3281 873 3338 et
901 3263 1128 3340 sufficienter
1153 3249 1357 3362 expressis,
1377 3292 1421 3342 ac
1440 3267 1488 3340 de
1505 3269 1623 3344 verbo
1641 3269 1688 3342 ad
1707 3291 1782 3340 ver-

293 3396 381 3468 bum
409 3391 558 3466 insertis
586 3388 780 3476 habentes,
812 3388 881 3464 illis
908 3391 999 3465 alias
1030 3369 1065 3464 in
1084 3416 1155 3465 suo
1173 3391 1310 3465 robore
1338 3392 1602 3488 permansuris,
1625 3392 1692 3468 bac
1709 3393 1782 3465 vice

201 3497 202 3500 Ἴ
291 3518 498 3605 dumtaxat,
529 3531 634 3590 motu
675 3531 715 3590 et
747 3516 946 3612 potestatis
983 3515 1214 3613 plenitudine
1255 3515 1447 3605 similibus,
1477 3517 1704 3616 derogamus
1741 3541 1781 3588 ac

293 3644 518 3741 derogatum
547 3665 633 3716 esse
660 3641 844 3724 volumus,
875 3657 915 3714 et
942 3639 1198 3727 declaramus;
1225 3642 1462 3739 caeterisque
1491 3643 1685 3718 contrariis
1710 3641 1781 3739 qui·

294 3771 547 3863 buscumque;
576 3791 660 3841 cum
689 3764 864 3840 clausulis
893 3766 1129 3862 opportunis.

803 4069 894 4143 Fiat
918 4069 1027 4144 Motu
1046 4069 1206 4169 proprio
1234 4065 1282 4145 E.

373 4269 423 4342 Et
450 4268 554 4366 quod
582 4265 814 4365 singulorum
843 4265 1047 4340 officiorum
1075 4263 1289 4340 huiusmodi
1317 4289 1594 4350 concessorum,
1633 4283 1672 4342 et
1697 4267 1779 4341 litte

293 4420 417 4468 rarum
445 4409 607 4476 tenores,
638 4393 750 4465 etiam
778 4391 956 4478 veriores,
987 4390 1197 4466 habeantur
1224 4416 1294 4487 pro
1321 4391 1523 4488 expressis,
1544 4417 1612 4465 seu
1633 4407 1713 4467 toto
1726 4387 1780 4464 vel

290 4519 327 4592 in
355 4536 462 4616 parte
490 4515 648 4615 exprimi
675 4515 824 4613 possint
851 4516 886 4588 in
915 4513 1058 4598 litteris,
1089 4516 1204 4590 etde
1232 4515 1350 4612 ipsius
1378 4517 1658 4614 suppressione,
1681 4517 1778 4592 redu·

290 4643 423 4730 ctione,
454 4640 717 4728 annullatione,
748 4638 1003 4727 concessione,
1033 4641 1239 4729 voluntate,
1273 4640 1428 4727 indult0,
1459 4640 1720 4726 declaratione,
1746 4657 1779 4713 et

290 4768 548 4866 derogatione,
579 4766 735 4864 aliisque
764 4765 992 4862 praemissis,
1025 4781 1067 4838 ut
1094 4789 1219 4861 supra,
1250 4789 1349 4862 quae
1377 4767 1436 4839 hic
1464 4791 1535 4862 pro
1553 4767 1777 4848 sufficienter,

290 4909 329 4967 et
357 4891 406 4966 ad
434 4907 562 4989 partes
590 4891 761 4988 repetitis
785 4890 1005 4975 habeantur,
1027 4906 1070 4964 ut
1088 4913 1202 4998 supra
1221 4889 1257 4964 in
1277 4890 1421 4977 litteris,
1442 4907 1481 4964 et
1499 4916 1584 4966 cum
1602 4891 1776 4968 clausula:

290 5016 360 5090 Ad
380 5026 594 5116 perpetuam
620 5017 680 5090 rei
703 5015 916 5088 numerurm
942 5014 1122 5090 latissime
1148 5015 1398 5098 extendenda,
1428 5029 1467 5088 et
1492 5015 1596 5112 quod
1614 5016 1777 5112 praemis

290 5167 418 5216 sorum
446 5141 612 5215 omnium
639 5154 679 5214 et
706 5139 948 5237 singulorum,
978 5139 1091 5214 etiam
1109 5139 1435 5214 denominatorum
1455 5139 1677 5236 qualitatum
1696 5163 1778 5214 nun-

290 5281 524 5362 cupatorum,
554 5263 841 5350 invocationum,
871 5263 1105 5359 aliorumque
1134 5265 1431 5338 necessariorum
1460 5265 1579 5339 maior
1606 5282 1645 5340 et
1666 5265 1778 5338 verior

291 5389 516 5487 specificatio
544 5407 582 5463 et
610 5389 806 5485 expressio
836 5387 914 5462 steri
942 5389 1064 5483 possit
1092 5389 1127 5461 in
1155 5388 1297 5466 litteris.
1319 5387 1504 5464 Volumus
1528 5407 1664 5478 autem,
1686 5383 1777 5484 quod
