3720 5914
780 319 904 380 Calisto
922 319 981 380 III
1578 318 1630 377 147

129 517 329 614 Capellani
371 543 415 592 ac
454 517 653 593 familiares
685 516 881 591 domestici
917 533 956 590 et
993 516 1157 590 continui
1194 513 1465 590 commensales
1502 513 1630 589 haberi

128 643 335 717 deberent?
365 642 622 739 seponendum
650 641 887 717 hesitacionis
911 625 1139 736 scrupulum,
1164 655 1269 713 motu
1298 639 1417 726 simili,
1434 664 1564 714 omnes
1592 655 1632 714 et

130 765 299 864 singulos
328 766 534 841 Auditores
554 767 722 863 prefatos
750 782 947 862 presentes
966 779 1006 836 et
1022 764 1180 851 futuros,
1201 763 1378 862 quamdiu
1402 765 1440 836 in
1459 765 1631 840 Romana

13 927 15 974 ς
132 892 235 964 curia
254 908 454 987 presentes
480 905 621 978 essent,
638 891 754 988 ipsius
783 889 884 965 sedis
913 888 1088 963 officiales
1116 913 1159 963 ac
1188 913 1278 964 suos
1306 904 1346 962 et
1370 914 1631 964 successorum

132 1039 287 1089 suorum
307 1016 564 1089 Romanorum
595 1013 813 1088 Pontificum
831 1039 875 1088 ac
894 1013 996 1086 sedis
1014 1012 1227 1087 huiusmodi
1246 1038 1358 1086 veros
1378 1011 1631 1110 Cappellanos

13 1199 14 1230 ,
132 1163 278 1214 necnon
305 1138 504 1214 familiares
532 1139 762 1214 domesticos
789 1154 828 1211 et
855 1137 1052 1211 continuos
1072 1136 1355 1224 commensales,
1384 1135 1466 1211 fore
1484 1161 1527 1210 ac
1546 1163 1633 1212 cen-

132 1263 207 1336 seri
235 1265 384 1350 debere,
415 1262 629 1338 declaravit.

213 1387 272 1458 Ac
313 1388 590 1481 subsequenter
625 1384 671 1460 fe.
715 1409 767 1459 re.
799 1383 992 1482 Eugenius
1026 1383 1091 1479 Pp.
1131 1383 1181 1455 IV
1219 1385 1466 1481 predecessor
1504 1398 1633 1460 noster

134 1512 328 1585 Romanus
348 1511 516 1585 Pontifex
543 1509 776 1584 voluntatem
798 1525 838 1582 et
864 1507 982 1605 ipsius
1005 1506 1210 1582 Alexandri
1238 1508 1519 1584 concessionem
1547 1533 1633 1605 pre-

132 1635 254 1710 dictas
277 1636 509 1710 confirmavit
537 1651 575 1710 et
602 1633 839 1731 approbavit,
861 1633 1039 1730 quodque
1061 1633 1265 1708 Auditores
1289 1633 1422 1730 prefati
1441 1633 1631 1730 quamdiu,

134 1777 176 1836 ut
205 1761 446 1856 premittitur,
476 1761 512 1832 in
549 1761 632 1855 ipsa
659 1760 759 1834 curia
786 1775 985 1854 presentes
1013 1757 1148 1844 forent,
1178 1759 1213 1831 in
1242 1759 1494 1855 quorumlibet
1520 1758 1634 1834 eccle·

132 1886 370 1960 siasticorum
389 1885 627 1958 assecutione
645 1883 908 1958 beneficiorum
923 1883 1094 1957 omnibus
1113 1895 1154 1956 et
1180 1882 1336 1980 singulis
1355 1908 1431 1979 que
1450 1880 1634 1958 nonnullis

129 2009 250 2106 ipsius
277 2009 437 2108 Eugenii
464 2009 745 2104 predecessoris
780 2006 1019 2082 familiaribus
1047 2005 1231 2082 continuis
1258 2008 1570 2083 commensalibus
1597 2009 1633 2082 in

134 2132 355 2208 cancellaria
399 2131 609 2230 apostolica
644 2132 843 2228 descriptis
879 2131 917 2204 in
952 2131 1196 2228 ipsorumque
1232 2131 1417 2228 pontilicis
1454 2158 1498 2208 ac
1534 2134 1635 2207 sedis

131 2260 233 2335 veris
251 2259 492 2336 familiaribus
510 2259 725 2332 domesticis
745 2275 783 2332 et
802 2255 988 2330 continuis
1007 2257 1321 2332 commensalibus
1339 2283 1387 2331 ex
1410 2259 1635 2354 quibusdam

133 2403 222 2460 tunc
250 2384 438 2481 expressis
465 2398 622 2468 statuto,
652 2383 891 2456 ordinacione
919 2397 959 2456 et
989 2383 1143 2457 decreto
1170 2382 1250 2456 sive
1277 2382 1548 2458 constitucione
1568 2409 1636 2480 per

133 2511 274 2584 dictum
294 2508 506 2605 Eugenium
521 2508 833 2604 predecessorem
848 2505 884 2579 in
897 2504 1066 2580 favorem
1080 2530 1235 2580 suorum
1249 2505 1481 2581 familiarium
1502 2507 1636 2580 descri-

133 2651 287 2731 ptorum
315 2631 569 2731 predictorum
584 2631 707 2718 editis,
728 2655 873 2705 necnon
892 2630 1086 2726 quibusvis
1103 2628 1186 2704 aliis
1205 2630 1283 2704 suis
1301 2630 1521 2706 eorumdem
1542 2632 1637 2707 Pon-

101 2841 106 2854 ,
134 2759 274 2834 cilicum
302 2755 520 2854 apostolicis
538 2755 868 2830 constitutionibus
896 2752 1183 2852 quomodolibet
1209 2771 1426 2852 competere
1444 2773 1484 2830 et
1511 2757 1637 2832 suffra-

133 2885 218 2983 gari
263 2898 442 2980 poterunt
487 2881 758 2956 antelationum
798 2880 1047 2978 prerogativis
1093 2880 1147 2952 uti
1193 2894 1233 2954 et
1278 2879 1445 2977 gaudere
1477 2882 1634 2977 possint,

133 3010 359 3083 auctoritate
377 3005 585 3103 apostolica
612 3004 825 3088 declaravit,
847 3017 961 3101 prout
987 3003 1023 3076 in
1052 3003 1207 3102 singulis
1226 3004 1410 3078 dictorum
1430 3004 1581 3079 Martini
1598 3024 1638 3081 et

135 3132 298 3232 Eugenii
325 3131 637 3228 predecessorum
667 3155 712 3206 ac
744 3128 969 3225 quibusdam
996 3130 1095 3202 bone
1123 3130 1302 3204 memorie
1323 3129 1537 3205 Baldasaris
1565 3131 1638 3227 epi·

133 3260 242 3354 scopi
269 3255 451 3331 tusculani
470 3257 534 3352 qui
552 3257 589 3330 in
607 3255 776 3352 predicta
794 3253 1008 3329 obedientia
1027 3253 1208 3328 successit
1231 3269 1270 3327 et
1297 3253 1482 3329 Iohannes
1511 3255 1639 3330 XXIII

134 3383 398 3459 nominabatur
433 3404 548 3476 super
574 3379 768 3454 voluntate
796 3393 835 3452 et
862 3378 979 3474 ipsius
1008 3375 1212 3452 Alexandri
1245 3381 1488 3454 concessione
1516 3380 1640 3456 buius-

134 3505 238 3582 modi
265 3505 444 3581 confectis
470 3504 604 3580 litteris
631 3506 729 3601 (cum
757 3503 879 3577 dictus
897 3502 1116 3578 Alexander
1134 3518 1338 3598 antequam
1366 3505 1447 3578 eius
1476 3505 1640 3603 desuper

132 3633 259 3706 littere
286 3631 557 3706 conficerentur
583 3630 632 3704 ab
659 3629 728 3702 hac
755 3629 838 3702 luce
856 3628 1072 3725 migrasset)
1091 3651 1252 3724 quorum
1272 3643 1423 3702 tenores
1451 3630 1500 3702 de
1523 3633 1639 3705 verbo

96 3791 111 3812 .
134 3757 185 3831 ad
204 3757 360 3830 verbum
379 3753 618 3850 presentibus
637 3751 766 3826 haberi
784 3751 957 3826 volumus
976 3774 1047 3847 pro
1065 3751 1226 3839 insertis,
1247 3751 1394 3849 plenius
1418 3755 1637 3831 continetur.

219 3869 462 3954 Postmodum
490 3901 582 3952 vero
610 3877 692 3951 Nos
719 3877 795 3973 qui,
825 3876 870 3954 fe.
910 3901 962 3951 re.
1003 3874 1160 3948 Nicolao
1194 3875 1259 3972 Pp.
1298 3875 1332 3947 V
1370 3876 1640 3974 predecessore

136 4022 269 4080 nostro
296 4004 392 4078 sicut
412 4003 576 4078 Domino
603 4001 743 4097 placuit
761 4001 909 4075 sublato
928 3999 977 4075 de
1001 3998 1136 4086 medio,
1158 3998 1282 4074 divina
1309 4000 1458 4076 favente
1485 4002 1640 4080 clemen-

136 4131 195 4203 cia
222 4129 273 4202 ad
291 4125 590 4223 apicem-summi
608 4123 845 4219 apostolatus
864 4124 1050 4219 assumpti
1067 4122 1214 4210 fuimus,
1230 4150 1315 4198 cum
1334 4128 1520 4220 quosdam
1536 4129 1642 4202 fami-

86 4227 93 4236 .
136 4255 249 4330 liares
286 4251 425 4325 nostris
453 4250 645 4346 obsequiis
673 4249 890 4324 insistentes
927 4246 1166 4346 ellegerimus
1194 4246 1230 4320 in
1257 4248 1397 4346 palatio
1434 4253 1649 4352 apostolico,

137 4392 416 4452 commorantes
444 4390 483 4448 et
518 4374 555 4448 iu
592 4371 811 4450 cancellaria
844 4372 1053 4469 apostolica
1088 4372 1300 4468 descriptos
1336 4389 1375 4447 et
1406 4375 1444 4448 in
1477 4376 1641 4451 futurum

137 4501 408 4578 describendos
428 4499 563 4596 quibus
583 4500 632 4573 ad
660 4499 778 4572 instar
804 4498 1117 4594 predecessorum
1147 4513 1361 4572 nostrorum
1385 4499 1642 4576 Romanorum

137 4624 358 4701 Pontificum
391 4623 560 4698 diversas
588 4622 849 4720 prerogativae
877 4636 918 4694 et
944 4619 1209 4704 antelaciones,
1249 4620 1453 4721 privilegia,
1488 4625 1642 4712 indulta,

136 4753 252 4826 etiam
273 4774 342 4847 per
361 4748 529 4847 Regulas
548 4746 765 4822 cancellarie
784 4747 952 4821 edendas
981 4747 1017 4820 in
1045 4745 1209 4818 futurum
1238 4745 1364 4821 forsan
1392 4750 1643 4825 concedentur
1749 4745 1753 4753 ¹

139 4893 221 4951 uta
250 4873 439 4950 nonnullis
464 4872 675 4948 audivimus
703 4874 738 4946 in
759 4873 912 4946 dubium
933 4871 1099 4946 revocari
1126 4895 1174 4945 an
1198 4871 1322 4945 dilecti
1341 4871 1402 4947 filii
1422 4872 1643 4971 Cappellani

139 5000 259 5076 nostri
285 5023 482 5073 causarum
509 4995 705 5092 apostolici
733 4995 866 5093 palacii
893 4996 1100 5070 Auditores
1128 4996 1206 5068 veri
1230 4994 1429 5070 familiares
1466 5001 1643 5076 censendi

139 5129 216 5202 sint
241 5139 281 5200 et
307 5124 389 5220 pari
415 5122 656 5220 prerogativa
684 5121 850 5219 gaudere
879 5119 975 5194 sicut
1002 5119 1051 5194 illi
1078 5118 1114 5192 in
1142 5117 1351 5216 apostolico
1378 5122 1518 5217 palatio
1541 5151 1641 5200 com-

139 5265 333 5328 morantes
358 5262 398 5322 et
434 5247 470 5321 in
498 5245 716 5322 cancellaria
743 5243 951 5342 apostolica
983 5244 1161 5318 mandato
1199 5259 1328 5318 nostro
1366 5245 1542 5344 descripti
1577 5267 1643 5326 aut

141 5371 405 5452 describendi?
