3718 5918
715 330 882 390 Clemente
900 328 974 390 XII
1538 329 1594 390 515

98 521 199 619 quod
228 519 437 595 Causarum
466 520 617 596 Patroni
644 523 819 617 praevias
847 520 995 600 debitas
1032 535 1162 596 contra
1200 519 1524 610 Commissionem
1555 539 1595 597 et

98 661 226 720 contra
254 646 348 730 lura,
380 645 599 730 Citationes,
630 645 899 744 praeviamque
941 645 1313 743 transportationem,
1351 672 1418 720 seu
1459 648 1595 746 produ·

98 771 257 845 ctionem
285 785 352 844 aut
370 770 631 867 repetitionem
662 770 919 858 Processuum,
950 769 1100 859 lorium,
1130 795 1197 846 seu
1226 771 1422 860 Actorum,
1452 771 1488 844 in
1517 771 1595 848 suis

98 895 306 992 respective
324 895 473 970 casibus
491 893 736 990 expleverint.
758 893 875 992 quue
894 920 979 968 cum
998 895 1105 994 gravi
1124 895 1352 992 praeiudicio
1371 921 1445 970 non
1473 898 1595 971 minus

98 1019 341 1094 Notariorum
369 1019 592 1107 Tribunalis,
623 1044 698 1117 qua
726 1017 774 1094 de
802 1044 928 1108 causa,
960 1019 1095 1094 debitis
1123 1045 1256 1096 eorum
1284 1022 1466 1095 orbantur
1492 1047 1596 1096 emo·

97 1145 281 1230 lumentis,
312 1170 426 1242 quam
454 1145 567 1221 etiam
596 1145 631 1218 in
659 1145 927 1242 praeiudicium
956 1144 1209 1244 Litigantium,
1227 1172 1274 1220 ex
1289 1171 1366 1242 quo
1394 1148 1597 1242 praebetur

97 1294 189 1343 ansa
216 1271 545 1345 succumbentibus
586 1270 798 1368 protelandi
836 1270 921 1344 lites
964 1272 1035 1346 sub
1070 1286 1272 1366 praetextu
1311 1270 1499 1360 nullitatis,
1534 1269 1594 1346 vel

96 1392 306 1479 iniustitiae,
336 1415 384 1467 ex
412 1418 488 1491 quo
516 1393 710 1468 antedicta*
724 1417 800 1468 non
828 1393 1130 1490 praecesserint;
1159 1393 1249 1468 ideo
1267 1395 1317 1468 ad
1337 1394 1598 1470 submovenda

98 1520 344 1614 imposterum
372 1519 564 1616 praedicta
591 1517 767 1605 absurda,
798 1535 837 1593 et
864 1518 1076 1616 respective
1103 1518 1382 1616 impediendum
1411 1519 1597 1594 dictorum

98 1643 200 1718 Sacri
227 1643 441 1720 Tribunalis
470 1642 712 1717 Notariorum
731 1640 1024 1741 praeiudicium;
1046 1643 1163 1718 Facto
1182 1666 1251 1740 per
1279 1644 1356 1734 Me,
1386 1643 1595 1733 Decanum,

96 1769 213 1842 verbo
241 1767 278 1842 in
315 1766 425 1865 plena
463 1768 563 1842 Rota
600 1767 661 1842 die
691 1789 711 1862 5
742 1769 883 1843 mensis
912 1768 1077 1842 octobris
1104 1769 1288 1843 currentis
1324 1769 1421 1857 anni,
1445 1769 1599 1844 Domini

97 1917 171 1967 una
198 1917 344 1967 mecum
379 1891 566 1966 communi
608 1909 648 1966 et
682 1891 847 1967 unanimi
888 1917 1074 1968 consensu
1113 1893 1373 1984 decreverunt,
1403 1895 1453 1970 ab
1487 1892 1599 1968 hodie

95 2019 343 2114 imposterum
363 2042 436 2091 non
457 2041 572 2115 posse
591 2019 663 2092 sub
682 2041 804 2114 poena
824 2015 1004 2092 nullitatis
1025 2017 1208 2093 subscribi
1229 2018 1440 2093 Causarum
1472 2017 1599 2092 Dubia

96 2141 132 2214 iu
161 2142 278 2218 Sacra
306 2143 407 2217 Rota
433 2143 692 2239 proponenda,
722 2158 760 2216 et
801 2143 1012 2240 subscripta
1041 2168 1114 2218 non
1155 2141 1349 2239 proficere,
1378 2169 1422 2218 ac
1464 2144 1494 2217 si
1524 2169 1596 2218 non

96 2283 226 2342 essent
253 2266 474 2364 subscripta,
505 2267 575 2342 nisi
603 2267 639 2340 in
667 2282 752 2341 actu
782 2267 905 2342 dictae
933 2267 1216 2364 subscriptionis
1250 2292 1323 2341 una
1356 2268 1464 2342 simul
1492 2269 1597 2344 exhi·

97 2392 174 2466 bita
203 2391 316 2466 suerit
358 2390 512 2466 Ponenti
553 2390 647 2466 fides
689 2389 834 2466 Notarii
877 2392 1044 2466 Actuarii
1071 2395 1191 2490 gratis
1218 2383 1370 2468 omnino
1398 2392 1532 2480 danda,
1563 2393 1599 2467 in

98 2543 173 2614 qua
191 2518 379 2593 habeatur
405 2514 453 2591 de
480 2517 682 2612 praedictis
711 2515 971 2604 citationibus,
992 2531 1032 2591 et
1058 2517 1278 2615 respectivis
1298 2519 1481 2594 Actorum
1510 2519 1600 2596 Pro-

98 2667 288 2730 cessuum,
319 2667 387 2716 seu
416 2641 674 2728 Extractuum,
703 2655 744 2714 et
770 2640 907 2715 Iurium
936 2642 1327 2738 transportationibus,
1358 2668 1424 2718 seu
1468 2645 1600 2741 repeti-

96 2747 283 2852 tionibus,
321 2767 359 2840 in
394 2767 470 2840 suis
508 2765 718 2862 respective
765 2765 913 2840 casibus
953 2767 1227 2863 praecedenter
1270 2767 1388 2855 iactis,
1434 2769 1601 2866 plenaria

96 2893 316 2968 attestatio:
337 2893 468 2986 Atque
494 2891 544 2965 ad
565 2891 744 2965 maiorem
764 2890 1019 2988 praesentium
1038 2889 1262 2979 firmitatem,
1285 2893 1398 2967 robur
1415 2908 1456 2967 et
1471 2896 1601 2969 obser-

94 3018 276 3103 vantiam,
311 3015 348 3088 id
389 3015 512 3112 ipsum
554 3015 747 3089 decretum
790 3015 870 3112 tuit,
905 3015 1110 3091 dummodo
1152 3016 1396 3092 Sanctissimo
1435 3017 1600 3094 Domino

96 3157 230 3216 nostro
260 3139 444 3215 Clementi
474 3139 541 3216 ΡΡ.
572 3140 654 3228 XII,
684 3139 841 3214 feliciter
868 3140 1057 3238 Regnanti
1085 3138 1278 3239 placuerit.

177 3266 373 3361 Factaque
402 3264 537 3340 deinde
564 3289 634 3361 per
662 3264 726 3339 Me
757 3263 911 3339 Decreti
938 3263 1150 3340 huiusmodi
1178 3266 1371 3354 relatione,
1402 3265 1601 3342 Sanctissi-

95 3416 182 3466 mus
210 3389 380 3465 laudavit
411 3391 448 3464 in
483 3390 667 3478 omnibus,
696 3389 931 3486 approbavit,
968 3387 1210 3478 confirmavit,
1241 3388 1407 3488 illudque
1429 3391 1599 3488 imprimi,

95 3517 133 3590 in
163 3517 338 3590 Aedibus
366 3515 608 3590 Notariorum
637 3514 749 3612 affigi,
779 3539 823 3588 ac
851 3513 886 3587 in
913 3514 1005 3588 locis
1032 3514 1151 3589 solitis
1180 3515 1358 3612 publicari
1397 3533 1437 3590 et
1472 3541 1601 3615 respe-

97 3641 196 3716 ctive
226 3642 298 3715 sub
325 3640 459 3715 eadem
486 3663 610 3737 poena
630 3638 808 3713 nullitatis
835 3641 1028 3740 observari
1048 3642 1200 3714 omnino
1228 3643 1429 3718 mandavit.

181 3765 327 3841 Datum
365 3766 521 3853 Romae,
566 3765 736 3838 Aedibus
779 3779 930 3838 nostrae
968 3764 1099 3840 solitae
1137 3765 1400 3861 Residentiae,
1437 3766 1507 3841 hac
1543 3769 1603 3842 die

104 3915 149 3986 13
179 3891 348 3966 octobris
383 3911 494 3984 1739·
682 3995 843 4072 carolus
876 3995 1140 4096 Calcagninus,
1174 3997 1260 4076 Sac.
1290 3999 1378 4075 Rot.
1413 3997 1604 4076 Decanus.

181 4157 449 4256 Supradictum
492 4153 699 4231 Decretum
741 4157 903 4244 affixum,
943 4173 983 4232 et
1023 4155 1252 4255 publicatum
1281 4159 1348 4234 suit
1384 4162 1433 4234 ad
1475 4159 1605 4236 valvas

97 4284 242 4358 Curiae
270 4282 568 4367 innocentianae,
600 4281 636 4356 in
664 4281 757 4356 Acie
786 4281 920 4379 Campi
949 4281 1095 4371 Florae,
1125 4310 1168 4359 ac
1188 4284 1270 4360 aliis
1297 4284 1389 4360 locis
1418 4285 1547 4373 solitis,
1567 4304 1611 4362 et

96 4405 296 4485 consuetis
325 4407 452 4496 Urbis,
482 4431 551 4504 per
577 4432 638 4480 me
666 4405 868 4503 losephum
896 4406 1009 4494 Sedu,
1043 4407 1152 4482 Curs.
1182 4410 1321 4508 Apost.
1436 4411 1437 4414 ’

870 4549 1054 4626 Horatius
1083 4551 1326 4652 Mugnainus,
1357 4553 1467 4630 Curs.
1499 4555 1605 4655 Mag.

814 4810 905 4890 414.

673 4950 803 5028 Obitus
831 4951 1020 5028 Clenuntis
1048 4955 1147 5032 XII.

183 5087 301 5161 (Auca.
320 5087 408 5166 Rom,
432 5113 444 5139 ι
462 5087 564 5148 Liber
576 5088 609 5148 S.
627 5089 733 5150 Rotae
750 5089 814 5164 2»,
828 5097 907 5166 pag.
925 5090 1014 5164 356).

184 5251 295 5327 Obiit
321 5277 374 5330 sa.
406 5279 478 5328 me.
509 5251 688 5329 Clemens
708 5255 789 5341 Xll,
812 5256 918 5329 senio
936 5281 981 5330 ac
999 5258 1133 5331 morbo
1153 5256 1214 5331 diu
1235 5257 1447 5348 afflictatus,
1474 5261 1610 5336 iustum

96 5377 323 5473 relinquens
351 5377 579 5452 desiderium
608 5379 676 5456 sui.
