3720 5914
233 311 287 370 150
873 317 1011 378 Saeculo
1029 317 1062 378 X
1070 317 1100 378 V

231 503 350 576 rentia
368 505 404 578 in
423 507 596 580 omnibus
624 523 663 582 et
692 531 761 604 per
786 509 911 582 omnia
938 509 1093 605 perinde
1112 533 1155 583 ac
1184 509 1214 582 si
1234 509 1320 584 dicti
1340 508 1546 584 Auditores
1562 521 1602 579 et
1627 506 1725 579 loca-

230 643 404 702 tenentes
431 653 505 703 una
540 655 624 704 cum
661 632 800 706 nostris
836 648 903 707 aut
938 657 1199 708 successorum
1236 649 1452 708 nostrorum
1489 629 1725 704 familiaribus

230 753 413 826 continuis
440 755 754 830 commensalibus
782 757 817 829 in
850 755 951 832 dicto
987 755 1082 831 libro
1119 756 1295 854 descripti
1333 781 1400 830 seu
1434 754 1527 828 alias
1564 777 1633 852 per
1668 751 1726 824 ali-

231 877 333 972 quod
371 877 647 972 predilectionis
688 880 837 979 signum
878 881 1048 977 expressi
1089 881 1215 957 forent
1253 906 1297 954 ac
1334 880 1636 954 describerentur
1670 874 1728 950 vel

229 1002 538 1097 exprimerentur.
568 1001 706 1101 Sicque
743 1005 780 1080 in
813 1007 938 1080 causis
971 1021 1011 1080 et
1044 1029 1113 1102 per
1147 1005 1420 1103 appellationes
1457 1030 1525 1078 seu
1563 1003 1656 1078 alias
1691 1001 1726 1073 in

228 1151 465 1224 quacumque
483 1129 658 1204 instantia
677 1130 771 1204 inter
786 1131 992 1206 Auditores
1011 1148 1050 1204 et
1068 1128 1337 1218 locatenentes,
1360 1155 1426 1204 seu
1445 1129 1602 1225 quosvis
1620 1126 1724 1208 alios,

229 1276 343 1348 super
370 1254 670 1352 quibuscumque
697 1256 977 1331 canonicatibus
994 1272 1035 1330 et
1061 1257 1264 1354 prebendis
1290 1282 1334 1330 ac
1361 1253 1617 1353 dignitatibus
1646 1277 1726 1349 per·

228 1377 433 1465 sonatibus,
450 1379 835 1456 administrationibus
861 1381 922 1456 vel
945 1382 1091 1467 officiis,
1113 1404 1265 1456 necnon
1292 1379 1480 1455 beneficiis
1507 1377 1728 1452 ecclesiasti·

229 1501 281 1574 cis
307 1527 392 1576 curn
420 1528 509 1578 cura
537 1505 596 1580 vel
625 1507 705 1580 sine
724 1530 823 1592 cura,
855 1507 1084 1581 secularibus
1112 1507 1171 1580 vel
1199 1505 1446 1604 regularibus,
1475 1529 1546 1600 per
1571 1505 1727 1578 eosdem

229 1626 435 1702 Auditores
471 1646 511 1704 et
547 1629 803 1706 locatenentes
840 1632 971 1729 vigore
1011 1631 1332 1728 expectativarum
1373 1646 1412 1704 et
1448 1629 1605 1703 aliorum
1647 1653 1727 1724 pre·

227 1751 426 1826 missorum
454 1757 723 1851 acceptatione,
753 1782 821 1830 seu
849 1756 897 1830 de
925 1756 1062 1853 quibus
1090 1755 1160 1830 sibi
1188 1757 1380 1853 provisum
1413 1755 1533 1840 fuerit,
1563 1753 1725 1848 penden-

227 1876 326 1948 tibus
354 1902 421 1952 seu
449 1879 563 1954 etiarn
591 1904 667 1976 que
695 1881 913 1978 pendebunt
940 1881 977 1954 in
994 1881 1172 1967 futurum,
1193 1881 1337 1956 censeri
1354 1905 1398 1954 ac
1416 1878 1570 1953 iudicari
1588 1877 1728 1952 debere

227 2004 451 2078 auctoritate
486 2020 528 2078 et
553 2005 709 2080 scientia
737 2006 915 2080 similibus
944 2021 1073 2080 tenore
1102 2006 1344 2102 presentium,
1374 2003 1618 2078 declaramus.

308 2124 386 2200 Sed
400 2128 513 2202 etiam
532 2131 741 2216 statuimus,
759 2131 992 2206 decernimus
1011 2146 1051 2202 et
1069 2129 1285 2204 ordinamus
1299 2128 1468 2225 ipsisque
1482 2126 1729 2200 Auditoribus

228 2265 269 2324 et
295 2251 592 2330 locatenentibus
619 2257 858 2351 presentibus
884 2271 924 2330 et
951 2255 1083 2329 futuris
1111 2253 1349 2329 concedimus
1377 2255 1517 2350 pariter
1546 2268 1586 2326 et
1613 2250 1729 2324 indul·

230 2399 377 2474 gemus,
408 2380 513 2476 quod
549 2381 646 2454 inter
681 2381 786 2477 ipsos
818 2381 1025 2454 Auditores
1061 2396 1100 2454 et
1136 2378 1394 2454 locatenentes
1430 2404 1474 2452 ac
1511 2393 1662 2452 nostros
1691 2391 1730 2449 et

228 2525 487 2576 successorum
515 2520 729 2579 nostrorum
758 2504 969 2600 descriptos
998 2529 1065 2578 seu
1094 2503 1363 2579 describendos
1391 2503 1588 2576 familiares
1615 2501 1727 2574 conti·

228 2649 323 2698 nuos
342 2630 614 2703 commensales
643 2630 842 2726 predictos,
864 2631 900 2703 in
924 2630 1023 2702 dicta
1041 2631 1280 2704 assecutione
1298 2629 1377 2704 iure
1396 2628 1544 2702 comuni
1563 2641 1726 2708 servato,

228 2751 401 2826 omnibus
428 2752 509 2827 aliis
537 2779 795 2851 quascumque
823 2755 1080 2851 expectativas
1115 2771 1231 2849 atque
1259 2753 1411 2852 gratias,
1442 2751 1727 2832 nominationes,

228 2877 443 2951 nominandi
461 2903 528 2952 seu
557 2879 770 2954 conferendi
798 2878 976 2954 beneficia
1003 2877 1200 2953 facultates
1218 2893 1258 2952 et
1277 2877 1325 2952 de
1343 2878 1515 2973 proximo
1541 2874 1730 2948 vacaturis
1842 2919 1843 2931 ι

230 3025 297 3076 seu
324 3003 416 3076 alias
445 3003 626 3099 speciales
654 3006 929 3078 reservationes
956 3017 1023 3077 aut
1051 3005 1099 3088 de
1126 3004 1179 3078 sic
1210 3002 1397 3078 vacaturis
1424 3026 1509 3075 cum
1540 3001 1730 3074 vacabunt

227 3124 440 3199 conferendi
468 3128 645 3200 mandata
662 3129 908 3224 unionesque,
929 3128 1170 3214 annexiones,
1193 3126 1526 3222 incorporationes,
1548 3148 1729 3220 suppres-

111 3317 114 3326 .
228 3250 363 3336 siones,
386 3250 606 3348 illarumque
621 3277 688 3326 seu
703 3249 849 3327 illorum
864 3253 1187 3339 commutationes,
1205 3253 1446 3326 extensiones
1462 3275 1530 3324 seu
1546 3249 1729 3323 revalida-

227 3375 348 3448 tiones
375 3389 414 3449 et
442 3375 580 3450 similes
610 3402 677 3452 seu
707 3377 867 3450 maiores
894 3377 954 3451 vel
974 3377 1147 3454 fortiores
1165 3377 1437 3474 prerogativas,
1464 3374 1726 3458 antelationes,

226 3499 509 3587 declarationes,
526 3501 576 3574 ad
595 3501 652 3575 ius
679 3525 877 3576 commune
897 3501 1134 3576 reductiones
1161 3501 1310 3596 aliaque
1337 3499 1600 3574 concessiones
1614 3497 1728 3594 privi-
1839 3497 1841 3516 ⁴

228 3623 327 3722 legia
344 3640 384 3697 et
402 3626 555 3710 indulta,
576 3643 616 3700 et
634 3626 778 3700 litteras
797 3641 836 3700 et
855 3643 960 3701 motu
979 3643 1019 3700 et
1034 3626 1188 3700 scientia
1201 3624 1391 3710 similibus,
1409 3649 1476 3698 seu
1491 3624 1540 3696 ad
1555 3647 1729 3719 quarum·

230 3751 286 3822 vis
312 3775 559 3847 personarum
579 3751 888 3847 supplicationem
907 3751 967 3824 vel
986 3750 1198 3824 instantiam
1226 3775 1269 3824 ac
1295 3751 1368 3825 sub
1385 3748 1580 3847 quibusvis
1598 3747 1728 3822 formis

228 3889 267 3946 et
282 3875 585 3971 expressionibus
604 3877 805 3951 verborum
820 3892 859 3950 et
877 3901 962 3950 cum
981 3875 1279 3973 quibuscumque
1299 3873 1473 3948 clausulis
1488 3889 1528 3948 et
1543 3873 1729 3948 sedenda-

226 4023 308 4070 rum
337 3999 453 4072 litium
482 4024 525 4074 ac
553 4001 862 4074 remunerationis
891 4000 1132 4075 serviciorum
1160 3999 1268 4073 nobis
1296 4021 1339 4071 ac
1367 3999 1538 4072 Romane
1569 3996 1727 4070 ecclesie

225 4124 480 4219 impensorum
495 4149 561 4198 seu
577 4125 785 4200 studiorum
803 4125 1110 4210 Universitatum‚
1127 4122 1398 4219 Capitulorum,
1412 4121 1668 4220 Collegiorum
1684 4145 1727 4194 ac

226 4245 299 4321 alio
318 4249 452 4344 quovis
466 4249 611 4335 intuitu,
633 4265 816 4346 respectu,
840 4249 1036 4324 occasione
1056 4272 1123 4322 seu
1139 4271 1263 4334 causa,
1279 4269 1324 4320 ac
1339 4247 1411 4320 sub
1429 4247 1727 4343 quibuscumque
1763 4293 1765 4297 -

227 4371 354 4446 formis
382 4389 421 4447 et
447 4375 750 4470 expressionibus
778 4377 979 4450 verborum
1008 4396 1153 4448 necnon
1184 4397 1268 4446 cum
1303 4370 1496 4468 quibusvis
1524 4370 1728 4467 derogato-

231 4498 367 4572 n'arum
396 4500 646 4596 derogatoriis
683 4500 841 4596 aliisque
877 4499 1091 4574 fortioribus
1123 4513 1163 4571 et
1190 4494 1347 4571 insolitis
1383 4495 1524 4592 apponi
1552 4494 1727 4569 clausulis

230 4625 342 4697 etiam
371 4623 507 4698 talibus
534 4649 603 4720 per
630 4648 726 4719 quas
754 4625 926 4699 omnibus
955 4639 994 4697 et
1022 4621 1178 4721 singulis
1214 4621 1327 4696 etiam
1360 4620 1451 4718 ipsis
1478 4619 1726 4694 Auditoribus

228 4747 287 4821 vel
315 4747 612 4824 locatenentibus
639 4775 683 4823 ac
712 4748 911 4846 descriptis
938 4745 1177 4822 familiaribus
1206 4746 1344 4820 nostris
1372 4759 1412 4818 et
1438 4743 1477 4820 S.
1510 4745 1555 4819 R.
1577 4743 1620 4818 E.
1651 4768 1726 4819 car·

228 4872 413 4948 dinalibus
431 4874 468 4946 in
495 4875 732 4950 assecutione
751 4873 1014 4948 beneficiorum
1042 4869 1569 4966 huiusmodi‘preferrerentur
1587 4882 1627 4943 et
1646 4893 1727 4965 pre·

227 4997 314 5070 ferri
341 4996 523 5072 deberent
550 5022 619 5094 per
648 5023 717 5071 nos
748 4997 809 5071 vel
846 4996 976 5071 sedern
1011 4995 1218 5091 predictam
1255 4994 1437 5068 hactenus
1471 5017 1652 5068 concessa
1687 5006 1728 5064 et

227 5123 474 5219 imposterum
497 5121 625 5197 forsan
644 5123 886 5196 concedenda
900 5121 1134 5210 habentibus,
1152 5121 1419 5214 cuiuscumque
1435 5133 1568 5204 status,
1585 5116 1727 5215 gradus

228 5245 379 5332 ordinis,
411 5243 611 5320 nobilitatis
629 5244 690 5320 vel
718 5243 953 5331 conditionis,
972 5245 1155 5320 habentes
1181 5243 1252 5340 ipsi
1270 5260 1310 5318 et
1328 5241 1399 5316 alie
1418 5264 1580 5338 persone
1599 5265 1728 5338 supra·

230 5369 329 5444 dicte
344 5370 496 5458 fuerint;
512 5370 583 5444 etsi
599 5370 728 5470 regali,
740 5370 905 5470 reginali,
923 5368 1169 5466 patriarchali,
1186 5364 1502 5465 archiepiscopali,
1513 5364 1727 5462 episcopali,
