3720 5916
280 286 334 348 tur
906 286 1167 347 SaeculoXVII

359 481 445 579 Ego
471 480 584 554 etiarn
613 480 744 554 similia
771 479 849 554 fere
887 477 994 554 retuli
1030 505 1078 554 ex
1115 505 1182 554 ore
1204 479 1430 554 ‘Cardinalis
1468 479 1680 554 Otthoboni
1710 477 1760 576 qui
1827 481 1828 546 l

276 606 431 680 ulterius
458 606 614 679 iniunxit
641 605 728 704 mihi
761 621 801 678 ut
829 603 986 679 deberet
1013 605 1091 679 fieri
1119 605 1361 679 summarium
1391 606 1557 680 omnium
1588 604 1761 680 Constitu·
1827 641 1828 666 r

277 729 422 804 tionum
449 732 484 804 in
513 730 649 825 quibus
677 729 912 803 continentur
930 728 1125 827 privilegia
1146 729 1393 804 Auditoribus
1411 754 1593 804 concessa
1619 731 1671 804 ad
1693 728 1761 804 efle-

277 869 379 930 ctum
407 853 467 928 illa
502 853 706 928 reducendi
742 854 791 928 ad
829 855 975 928 unicam
1013 852 1344 939 Constitutionenr,
1374 853 1475 928 illam
1507 855 1703 952 legendam
1733 853 1763 925 in

276 982 446 1078 proxima
462 980 506 1076 (Ρ)
526 980 635 1062 Rota,
657 979 807 1054 omissis
834 979 935 1054 aliis:
965 996 1005 1053 et
1032 979 1121 1075 quia
1148 978 1216 1054 suit
1243 980 1384 1054 dictum
1405 980 1508 1076 quod
1536 996 1620 1054 erat
1648 1003 1762 1052 neces-

278 1105 376 1180 saria
403 1129 521 1201 opera
547 1104 701 1178 alicuius
731 1101 934 1182 Curialis...
956 1105 1088 1202 Ego...
1110 1105 1186 1179 dixi
1212 1121 1357 1178 tantum
1385 1105 1499 1180 modo
1518 1106 1622 1202 quod
1642 1104 1763 1178 Paulus

280 1231 435 1304 Rubeus
462 1229 553 1302 alias
581 1254 707 1304 curam
736 1229 866 1303 habuit
893 1228 1043 1303 videndi
1071 1253 1202 1304 omnes
1231 1229 1434 1327 scripturas
1454 1229 1667 1304 Tribuualis
1693 1253 1763 1302 con·

280 1369 405 1430 tentas
432 1355 469 1428 in
495 1354 660 1450 quadam
688 1377 815 1449 capsa,
844 1353 1058 1448 dequibus
1087 1353 1329 1426 summarium
1357 1353 1489 1429 iecit...
1519 1355 1620 1428 unde
1648 1377 1764 1427 omnes
1827 1385 1828 1440 ss

279 1495 319 1554 et
354 1477 574 1576 praesertim
613 1477 801 1562 Decanus,
840 1479 1099 1574 approbarunt
1134 1503 1259 1552 meum
1296 1479 1485 1553 dictum...
1520 1479 1605 1576 Ego
1640 1479 1766 1574 pariter

278 1603 549 1678 incontinenter
576 1593 773 1675 certiorari
799 1603 976 1676 eumdem
1012 1600 1167 1676 Paulum
1206 1603 1389 1687 Rubeum
1420 1602 1598 1700 illumque
1631 1603 1765 1677 nomine
1827 1603 1828 1636 ³

278 1728 490 1803 Tribunalis
518 1728 649 1825 rogavi
677 1744 719 1801 ut
746 1726 859 1802 vellet
886 1727 1098 1802 huiusmodi
1125 1751 1221 1801 onus
1249 1727 1452 1824 suscipere,
1481 1741 1596 1823 prout
1621 1727 1766 1801 libenter
1827 1727 1828 1798 ζ

279 1853 458 1951 suscepit.

982 2114 1073 2192 290.

280 2249 414 2332 Primo
435 2283 636 2331 causarum
656 2259 859 2356 propositio
878 2267 966 2356 post
985 2267 1131 2355 postem.
1157 2301 1171 2314 -
1193 2257 1350 2332 Biclu'us
1375 2259 1459 2355 ogit
1481 2259 1522 2331 in
1547 2260 1717 2333 extrcnn'r
1737 2267 1767 2331 et

354 2395 492 2483 paucos
511 2393 598 2483 post
621 2382 698 2457 dz'es
724 2384 885 2456 moritur
895 2412 909 2465 ,·
936 2385 1014 2456 otios
1039 2383 1224 2481 exequiae.

359 2539 474 2611 (Aaou.
493 2538 580 2597 Ror..
605 2537 793 2596 ‹Dr'arr'um
815 2536 950 2610 celsi›).

823 2719 895 2795 Die
926 2739 946 2812 5
978 2719 1102 2796 Martii
1128 2725 1240 2815 1657.

360 2882 446 2955 Fuit
473 2881 573 2954 Rota
600 2896 639 2954 et
665 2881 701 2952 in
728 2905 774 2954 ea
801 2905 872 2974 pro
899 2879 1019 2974 prima
1045 2880 1125 2954 vice
1152 2880 1302 2955 luerunt
1330 2881 1547 2979 propositae
1573 2905 1716 2956 causae.

358 3006 445 3080 Fuit
471 3006 611 3080 dictum
638 3006 743 3100 quod
772 3005 820 3079 D.
852 3005 1000 3078 Bichius
1028 3005 1224 3080 laborabat
1251 3005 1288 3078 in
1315 3005 1506 3092 extremis,
1526 3006 1630 3102 quod
1658 3004 1763 3081 omni·

278 3133 349 3204 bus
373 3130 545 3204 Dominis
574 3128 683 3203 valde
712 3129 908 3227 displicuit.

1016 3323 1036 3366 8

985 3383 1068 3427 11*

787 3501 859 3576 Die
888 3503 1046 3576 Veneris
1076 3526 1098 3594 9
1129 3502 1264 3577 Martii.

359 3659 468 3734 Circa
495 3685 671 3734 occasum
700 3662 790 3736 solis
818 3661 910 3736 obiit
945 3661 993 3735 D.
1026 3662 1195 3738 Bichius:
1234 3663 1314 3737 eius
1352 3662 1513 3737 cadaver
1539 3681 1762 3760 asportatum

278 3785 345 3859 luit
372 3784 421 3858 ad
452 3784 655 3860 Ecclesiam
684 3787 722 3862 S.
753 3787 915 3861 Sabinae
942 3787 1022 3860 sine
1050 3788 1175 3885 aliqua
1203 3809 1365 3884 pompa:
1403 3788 1528 3884 ibique
1557 3788 1617 3862 die
1646 3789 1763 3862 Lunae

232 3931 237 3942 ·
277 3909 444 3984 eiusdem
474 3913 613 3985 mensis
642 3909 709 3984 suit
741 3910 887 4008 publice
918 3913 1143 4010 expositum,
1174 3931 1212 3987 et
1244 3938 1267 3987 a
1304 3914 1401 3997 Rriro
1431 3911 1479 3987 D.
1511 3913 1657 3987 Suardo
1685 3912 1763 4008 Epi·

277 4059 395 4132 scopo
418 4051 568 4108 cantata
590 4037 707 4108 Missa
727 4035 904 4109 solemnis
923 4051 1168 4125 mortuorum,
1191 4037 1450 4134 praesentibus
1469 4039 1642 4114 omnibus
1660 4034 1763 4110 Audi·

277 4159 422 4232 toribus
451 4185 534 4232 cum
564 4159 796 4234 Mantellono
825 4176 864 4234 et
888 4159 1115 4257 Cappuccio,
1137 4186 1281 4236 necnon
1302 4162 1507 4236 Advocatis
1527 4159 1761 4236 consistoria-

277 4283 372 4356 libus
400 4299 440 4357 et
466 4283 751 4382 quamplurimis
780 4283 1002 4359 Curialibus.

981 4567 1071 4646 291.

279 4711 402 4785 Celsus
427 4712 483 4784 ad
506 4714 642 4787 Rotam
668 4712 790 4802 defert
814 4713 994 4786 minutam
1013 4711 1149 4786 Bullao
1168 4711 1455 4801 confirmationis
1473 4711 1760 4810 prz'uiloguorum.

380 4868 495 4940 (Atreu.
521 4868 606 4941 Ros,
630 4867 820 4926 «Diarr'um
841 4867 974 4941 celsio.

768 5045 840 5119 Die
871 5045 1028 5120 Veneris
1060 5072 1108 5122 20
1137 5048 1289 5145 Aprilis.

356 5207 441 5279 Fuit
469 5207 570 5280 Rota
596 5233 681 5280 curn
713 5229 732 5301 7
763 5208 1022 5292 Auditoribus,
1046 5233 1131 5282 narn
1162 5209 1209 5283 D.
1231 5209 1374 5284 Cerrus
1401 5210 1470 5285 fuit
1497 5211 1695 5310 impeditus
1715 5205 1762 5278 ob

274 5356 431 5406 examen
462 5329 737 5427 Episcoporum
765 5349 804 5406 et
832 5333 879 5410 D.
912 5333 1119 5429 Verospius
1148 5351 1305 5432 propter
1333 5336 1520 5433 potiones.
