3686 5916
266 313 323 373 518
886 307 1024 368 soeculo
1043 305 1167 368 XVIII

347 501 551 576 Intervenit
579 501 614 574 in
643 502 712 575 hac
742 501 842 576 Rota
874 524 1000 575 coram
1029 498 1160 588 SSriro,
1193 499 1292 596 de.
1332 500 1545 574 Praefectus
1582 500 1761 586 cubiculo,

269 628 328 704 cui
356 627 394 704 S.
425 626 463 700 S.
494 626 672 724 imposuit
699 625 819 701 totale
848 641 1047 700 secretum.

347 753 401 827 At
420 752 512 826 haec
529 750 657 826 Causa
672 776 746 825 non
761 749 829 824 luit
842 749 1003 847 amplius
1018 747 1224 847 proposita,
1242 751 1333 845 quia¹
1345 767 1482 847 postea
1503 752 1636 826 Ssrirus
1652 749 1701 824 D.
1721 749 1766 824 N.

268 903 338 976 per
364 878 444 952 eius
474 876 805 964 Constitutionem,
828 901 895 950 seu
916 875 1125 973 Epistolam
1147 877 1384 953 Decretalem
1415 877 1486 951 sub
1509 875 1637 949 datum
1666 876 1769 971 apud

268 1002 306 1077 S.
337 1002 390 1078 M.
422 1001 605 1076 Maiorem
629 1001 749 1098 pridie
768 1000 856 1075 Idus
876 1001 1001 1076 Martii
1021 1026 1121 1077 anno
1140 1001 1403 1077 incarnationis
1422 1001 1631 1075 dominicae
1655 1023 1768 1095 1742,
1831 983 1832 1058 i

271 1125 512 1202 Pontificatus
541 1150 639 1201 anno
667 1126 727 1212 111,
756 1125 929 1201 absolvit.

974 1405 1065 1487 418.

269 1566 487 1642 Benedictus
516 1567 623 1643 XIV
645 1567 779 1642 littaris
804 1566 1076 1665 satirographis
1106 1567 1258 1642 Decnno
1299 1577 1334 1641 et
1369 1567 1613 1642 Autumnus
1650 1565 1770 1640 Rotae

350 1691 539 1792 significat
562 1719 600 1766 se
627 1693 749 1768 Breve
776 1691 1025 1790 Apostolicum
1042 1693 1186 1786 secisse,
1206 1717 1333 1767 eorum
1345 1691 1548 1792 privilegia
1566 1691 1768 1788 adaugens,
1831 1715 1832 1756 l

351 1817 515 1914 illudque
540 1817 631 1916 ipsis
658 1817 887 1892 transmittit.
1040 1869 1043 1874 -

352 1973 467 2046 (Aucu-
485 1971 573 2046 Ros,
593 1995 608 2026 α
620 1971 814 2046 Prebe'tegta
827 1993 854 2048 ι,
871 1977 948 2032 torn
967 1971 996 2046 Ι,
1009 1975 1098 2048 part.
1115 1971 1144 2048 Ι,
1162 1989 1194 2032 n.
1213 1971 1276 2033 XL
1285 1971 1351 2044 VI'l

1366 2131 1444 2205 1713,
1462 2132 1576 2208 aprilis
1596 2133 1621 2205 1,
1638 2131 1771 2192 Romae.

354 2263 572 2338 Mandiamo
599 2289 621 2338 a
650 2264 873 2363 Monsignor
902 2263 1058 2337 Decano
1087 2261 1184 2338 della
1214 2264 1314 2338 Rota
1341 2263 1531 2338 l’annesso
1560 2263 1679 2337 Breve
1704 2263 1771 2336 che

273 2387 447 2462 abbiamo
484 2388 578 2462 fatto
613 2411 682 2485 per
715 2387 738 2461 il
766 2386 969 2462 Tribuuale
1011 2387 1047 2461 in
1083 2388 1380 2462 conlermazione
1412 2387 1510 2462 della
1556 2387 1666 2461 stima
1704 2387 1770 2460 che

273 2511 446 2587 abbiamo
474 2511 613 2599 d'esso,
642 2537 667 2586 e
693 2511 914 2586 dell'afletto
942 2512 1011 2585 che
1038 2513 1226 2608 portiamo
1252 2513 1287 2585 a'
1318 2512 1403 2586 tutti
1440 2513 1452 2584 i
1480 2511 1636 2586 membri
1671 2511 1770 2586 dello

274 2651 410 2712 stesso.
441 2635 481 2710 Si
509 2637 742 2733 complaceral
777 2635 815 2709 di
847 2634 965 2710 darne
1006 2651 1115 2733 parte
1155 2635 1191 2710 ai
1231 2637 1313 2711 suoi
1354 2635 1468 2735 degni
1510 2634 1694 2734 Colleghi,
1724 2635 1770 2711 ed

272 2759 417 2836 intanto
445 2784 468 2835 a
495 2761 545 2835 lul
578 2761 639 2836 ed’
678 2760 739 2834 ad'
779 2763 855 2835 essi
891 2785 961 2835 con
997 2761 1160 2835 Paterno
1193 2759 1324 2836 aisetto
1362 2761 1488 2835 diamo
1522 2760 1769 2858 l’Apostolica

275 2881 533 2963 Benedizione.
842 2875 843 2880 ¹

360 3019 395 3083 1⁰
420 3010 551 3108 Aprile
586 3033 696 3106 1743.

382 3172 605 3271 Monsignor
634 3172 851 3272 Calcagnini

382 3297 538 3374 Decano
566 3297 663 3373 della
692 3299 804 3373 Rota.

979 3537 1069 3619 419.

275 3683 498 3780 Praefatnm
526 3683 648 3758 Breve
675 3682 865 3759 Benedicti
890 3639 965 3758 Xi
967 3686 1005 3757 V
1023 3708 1094 3780 quo
1120 3683 1366 3758 Auditmtns
1392 3683 1512 3756 Rotae
1528 3682 1771 3772 confirmatur

353 3817 388 3882 et
413 3808 620 3906 ampliatur
640 3809 882 3910 privelegium
910 3806 1103 3900 deferendi
1126 3807 1254 3906 nbn'que
1283 3801 1526 3894 Roc'chettunn
1564 3808 1695 3882 eisdem
1728 3807 1772 3882 ab
1831 3873 1832 3876 ,

355 3932 560 4008 Innocentio
587 3934 634 4008 X
658 3933 875 4009 iamdudum
901 3959 1113 4009 concessum.
1831 3931 1832 3968 ¹

355 4087 471 4160 (Auen
489 4087 577 4162 Rom,
600 4087 818 4162 «Prtvv’legta
830 4114 859 4164 ι,
876 4095 954 4150 mm.
972 4089 1000 4162 J,
1015 4095 1104 4166 part.
1122 4088 1150 4164 J,
1169 4105 1202 4148 n.
1220 4086 1358 4160 XLVI).

1348 4247 1427 4323 1713,
1444 4247 1560 4322 aprilis
1580 4247 1620 4322 10,
1638 4247 1772 4308 Romae
1831 4203 1832 4292 l

356 4379 582 4454 Benedictus
620 4380 722 4476 Papa
762 4377 864 4456 XIV.
909 4379 973 4452 Ad
1010 4379 1172 4453 suturam
1207 4378 1260 4452 rei
1297 4378 1528 4454 memoriam.
1563 4377 1773 4452 Praeclara

273 4503 410 4579 debitae
436 4526 531 4603 erga
558 4504 705 4603 insigne
734 4505 967 4580 Dilectorum
998 4503 1173 4577 Filiorum
1203 4502 1521 4599 Cappellanorum
1558 4517 1773 4578 nostrorum
1831 4525 1832 4568 3

274 4628 484 4706 Causarum
526 4629 656 4703 Palatii
697 4629 907 4728 Apostolici
953 4629 1180 4704 Auditorum
1222 4625 1435 4727 Collegium
1485 4627 1772 4703 existimationis

274 4755 400 4851 opinio
427 4755 476 4828 ab
504 4755 583 4852 ipsa
611 4753 880 4829 Adolescentia
907 4768 1036 4828 nostra
1063 4778 1111 4826 ex
1138 4777 1185 4826 eo
1212 4751 1447 4849 potissimum
1466 4767 1650 4848 concepta
1669 4751 1772 4846 quod

273 4894 478 4977 postquam
506 4877 674 4953 sedulam
704 4881 900 4976 utriusque
927 4879 1015 4952 iuris
1051 4878 1184 4952 studiis
1220 4900 1374 4973 operam
1416 4875 1663 4962 dedissemus,
1702 4877 1772 4947 sub

275 5003 467 5100 disciplina
495 5003 566 5079 cla:
595 5028 706 5078 mem.
737 5004 952 5092 Alexandri,
983 5003 1145 5099 primurn
1174 5001 1385 5088 Causarum
1414 4999 1543 5074 Palatii
1563 4997 1771 5096 Apostolici

275 5127 481 5215 Auditoris‚
512 5127 647 5202 deinde
676 5128 714 5202 S.
745 5128 790 5203 R.
822 5129 866 5203 E.
905 5127 1125 5214 Cardinalis,
1165 5126 1345 5222 Caprara,
1384 5151 1453 5224 per
1490 5123 1616 5221 plures
1651 5147 1772 5197 annos
1831 5161 1832 5168 .

272 5253 457 5351 praestito
483 5251 587 5350 apud
613 5253 712 5326 idem
742 5252 952 5351 Collegium
982 5252 1229 5327 Sacramento
1256 5251 1291 5324 in
1321 5274 1517 5324 causarum
1553 5265 1772 5322 controver-

274 5380 489 5472 siarumque
523 5380 571 5452 ab
612 5376 831 5451 eorumdem
875 5374 1193 5472 Cappellanorum
1235 5374 1436 5450 Auditorio
1477 5371 1769 5449 decidendarum
1831 5479 1832 5486 ἵ
