3748 5914
870 337 1008 395 Soeculo
1026 333 1058 394 X
1066 333 1131 394 VII

959 664 1044 744 190.

250 815 375 914 Stylus
402 811 646 888 Audztoedes
679 810 868 884 trz'buendi
901 809 1036 883 denum
1069 830 1139 882 100
1175 807 1377 880 oureeru'm
1414 803 1453 876 in
1479 801 1563 896 fine
1594 801 1750 875 convivii

330 941 464 1012 mensis
491 937 577 1010 iulii
600 935 855 1028 confirmatur.

326 1095 441 1166 (Auen.
459 1094 545 1166 Ros.¹
570 1089 792 1149 ‹Extractum
810 1088 930 1148 Dr'ure't¹
947 1087 1078 1146 Cocce'm‘
1088 1088 1124 1158 ι).

734 1268 807 1342 Die
836 1267 966 1340 Lunae
998 1287 1017 1359 7
1049 1263 1123 1338 iulii
1156 1269 1267 1357 1603.
1369 1289 1373 1298 ·

334 1439 396 1527 67.
426 1433 463 1507 S.
496 1431 543 1504 D.
574 1431 623 1505 N.
653 1453 757 1504 more
786 1427 896 1501 solito
924 1425 1090 1499 exhibuit
1119 1422 1341 1498 Convivium
1367 1421 1403 1494 in
1423 1445 1501 1516 quo
1520 1418 1752 1493 continuavit

251 1562 392 1633 donum
419 1581 619 1631 aureorum
639 1569 788 1627 centum
807 1551 963 1649 singulis
982 1548 1181 1648 elargitum
1200 1549 1274 1622 iam
1303 1572 1372 1645 per
1394 1545 1609 1633 triennium;
1628 1543 1752 1642 dupli·

251 1699 335 1759 cata
362 1705 453 1756 vero
481 1681 548 1754 luit
576 1703 723 1755 summa
751 1679 800 1753 D.
831 1674 1037 1772 Pamphilio
1066 1689 1260 1770 tamquam
1289 1672 1488 1776 Decano.v
1872 1653 1873 1658 ἵ

961 1941 1048 2020 191.

260 2093 434 2189 Tempore
461 2090 688 2164 vacotzonum
710 2085 942 2184 generalium
969 2086 1038 2160 etei
1053 2085 1152 2180 fieri
1174 2091 1325 2185 possent
1348 2081 1393 2156 ab
1420 2081 1565 2154 novitiis
1592 2081 1753 2154 Audito-

332 2217 436 2290 ribus
453 2223 555 2288 ectus
581 2214 787 2298 novitiatus,
808 2211 940 2284 lterum
959 2219 1081 2284 tamen
1099 2208 1230 2284 relatio
1246 2207 1336 2295 fieri
1350 2233 1422 2280 non
1434 2214 1585 2304 poterat
1602 2205 1753 2278 Summo

334 2341 518 2437 Pontifici.

332 2497 445 2566 (Anca.
466 2493 550 2570 Ron,
574 2493 797 2553 «Extractum
815 2492 936 2551 Dr'arii
956 2489 1132 2561 Cocani-t

673 2673 835 2747 Veneris
868 2694 912 2765 17
944 2671 1180 2769 Septembris
1214 2677 1327 2764 1604.

336 2861 396 2930 74.
437 2836 578 2912 Habita
619 2835 688 2910 suit
726 2832 983 2932 Congregatio
1020 2831 1231 2908 Causarum
1268 2833 1304 2906 in
1342 2831 1558 2928 Sapientia:
1601 2829 1754 2905 fuerunt

252 2964 403 3040 clausae
430 2962 694 3060 Inquisitiones
713 2960 761 3036 D.
784 2960 1008 3034 Manzanedi
1036 2973 1075 3032 et
1095 2957 1143 3034 D.
1165 2956 1312 3031 loannis
1333 2956 1528 3053 Baptistae
1547 2954 1750 3055 Pamphili,

253 3090 357 3186 quod
379 3085 466 3162 licet
483 3088 597 3184 aliqui
625 3111 672 3161 ex
696 3083 940 3185 DD[ominis]
961 3083 1217 3157 dubitaverint
1235 3082 1325 3177 quin
1353 3080 1424 3154 hoc
1450 3095 1623 3177 tempore
1641 3105 1753 3154 vaca-

253 3214 396 3288 tionum
414 3213 493 3286 fieri
512 3227 654 3310 posset,
671 3226 796 3286 aetum
811 3224 936 3283 tamen
951 3225 1056 3282 esset
1069 3205 1242 3304 exemplo
1270 3206 1521 3303 Inquisitionis
1536 3205 1585 3279 D.
1602 3204 1752 3278 Ortem-
1872 3205 1873 3292 i

253 3339 387 3437 berghi
401 3363 500 3436 quae
519 3336 687 3411 similiter
701 3333 827 3409 clausa
842 3335 911 3409 luit
924 3335 985 3408 die
1008 3358 1049 3407 21
1078 3332 1152 3407 iulii
1177 3339 1289 3408 1600.
1306 3331 1366 3406 De
1387 3330 1566 3405 relatione
1585 3329 1756 3406 iacienda
1872 3305 1873 3358 ³

254 3463 375 3538 SSriro
393 3479 529 3561 agetur
555 3477 645 3558 post
671 3459 852 3535 kalendas
880 3459 1072 3536 Octobris.

964 3721 1049 3804 192.
1872 3793 1873 3796 ,

261 3867 435 3966 Tempore
468 3867 696 3942 vacationum
730 3866 846 3964 stylus
881 3873 965 3938 erat
996 3892 1041 3939 ne
1076 3865 1210 3950 fierent
1243 3863 1374 3938 novitii
1396 3863 1594 3938 Aude‘terzt
1628 3863 1754 3961 despu-

334 3994 496 4068 tutemus.

330 4148 445 4222 (Ancu.
463 4148 549 4222 Ron,
573 4147 795 4207 ‹Extractum
814 4147 935 4207 Deerit
951 4147 1084 4206 coccini
1093 4148 1132 4220 »l

666 4387 667 4390 ,
696 4330 825 4403 Lunae
858 4353 905 4420 29
936 4329 1165 4403 Novembris
1201 4335 1311 4422 1604.

338 4514 397 4586 75.
435 4492 537 4565 ldem
576 4491 626 4566 D.
656 4490 834 4565 Decanus
870 4490 1002 4564 habuit
1043 4491 1200 4564 verbum
1237 4515 1322 4562 cum
1359 4487 1601 4589 DD[ominis]
1638 4511 1757 4584 super
1872 4481 1873 4488 '

253 4632 394 4715 puncto
422 4613 547 4689 dando
577 4616 624 4692 D.
656 4617 787 4689 Marco
814 4615 947 4698 Monti‚
977 4638 1092 4710 quem
1120 4615 1274 4710 petebat
1303 4638 1372 4710 pro
1391 4614 1451 4687 die
1474 4612 1754 4706 3Decembris,
1872 4595 1873 4616 ¹

253 4759 296 4816 ut
321 4757 454 4838 posset
481 4741 541 4816 die
572 4765 592 4834 3
622 4742 775 4816 ianuarii
795 4739 942 4837 publice
961 4740 1172 4835 disputare:
1194 4741 1262 4813 sed
1281 4739 1369 4836 quia
1386 4739 1436 4813 de
1455 4752 1627 4836 tempore
1644 4754 1755 4811 erant

252 4867 456 4944 Vacantiae
485 4867 700 4942 Nativitatis
729 4865 777 4941 D.
809 4865 855 4940 N.
886 4867 913 4940 l.
944 4863 986 4938 C.
1017 4864 1086 4938 luit
1104 4864 1201 4938 lacta
1220 4862 1429 4948 difficultas,
1451 4889 1499 4937 an
1518 4879 1650 4960 posset
1673 4863 1756 4936 dari

252 5008 413 5090 punctus
441 5007 556 5067 uteo
584 5008 755 5088 tempore
782 4988 1039 5086 disputaretur
1042 5047 1155 5066 ......
1187 4986 1326 5064 lllmus
1345 4989 1393 5064 D.
1416 4987 1625 5063 Cardinalis
1644 4986 1754 5062 Pam-

253 5116 387 5213 philius
415 5142 528 5212 quem
555 5117 783 5213 interrogavi
813 5138 928 5210 super
955 5113 1043 5190 hoc.
1058 5173 1065 5190 .
1083 5114 1176 5188 dixit
1204 5112 1291 5186 mihi
1310 5112 1414 5210 quod
1434 5113 1552 5210 stylus
1571 5127 1630 5186 est
1648 5113 1755 5208 quod

255 5240 476 5315 durantibus
504 5240 623 5314 Feriis
651 5263 724 5314 non
756 5237 847 5313 fiant
881 5238 1162 5334 disputationes
1198 5253 1236 5312 et
1268 5237 1371 5334 quod
1409 5237 1461 5310 ita
1488 5236 1629 5332 pluries
1664 5236 1760 5310 vidit

251 5391 403 5441 servan.
