<?xml version="1.0" encoding="UTF-8"?>
<!DOCTYPE html PUBLIC "-//W3C//DTD XHTML 1.0 Transitional//EN"
    "http://www.w3.org/TR/xhtml1/DTD/xhtml1-transitional.dtd">
<html xmlns="http://www.w3.org/1999/xhtml" xml:lang="en" lang="en">
 <head>
  <title>
</title>
<meta http-equiv="Content-Type" content="text/html;charset=utf-8" />
  <meta name='ocr-system' content='tesseract 3.04.00' />
  <meta name='ocr-capabilities' content='ocr_page ocr_carea ocr_par ocr_line ocrx_word'/>
</head>
<body>
  <div class='ocr_page' id='page_1' title='image "./capellanipapaee00cercgoog_0183.png"; bbox 0 0 3708 5918; ppageno 0'>
   <div class='ocr_carea' id='block_1_1' title="bbox 762 323 1609 386">
    <p class='ocr_par' dir='ltr' id='par_1_1' title="bbox 762 323 1609 386">
     <span class='ocr_line' id='line_1_1' title="bbox 762 323 1609 386; baseline -0.001 -2"><span class='ocrx_word' id='word_1_1' title='bbox 762 323 900 384; x_wconf 83' lang='lat' dir='ltr'>Nicolao</span> <span class='ocrx_word' id='word_1_2' title='bbox 926 325 956 386; x_wconf 87' lang='lat' dir='ltr'><em>V</em></span> <span class='ocrx_word' id='word_1_3' title='bbox 1556 323 1609 384; x_wconf 79' lang='lat'>139</span> 
     </span>
    </p>
   </div>
   <div class='ocr_carea' id='block_1_2' title="bbox 102 518 1612 5482">
    <p class='ocr_par' dir='ltr' id='par_1_2' title="bbox 102 518 1610 2360">
     <span class='ocr_line' id='line_1_2' title="bbox 186 518 1609 616; baseline -0.001 -24"><span class='ocrx_word' id='word_1_4' title='bbox 186 533 229 592; x_wconf 88' lang='lat' dir='ltr'>et</span> <span class='ocrx_word' id='word_1_5' title='bbox 247 518 385 594; x_wconf 91' lang='lat' dir='ltr'>deinde</span> <span class='ocrx_word' id='word_1_6' title='bbox 400 521 681 607; x_wconf 90' lang='lat' dir='ltr'>declaravimus,</span> <span class='ocrx_word' id='word_1_7' title='bbox 700 537 829 596; x_wconf 87' lang='lat' dir='ltr'>nostre</span> <span class='ocrx_word' id='word_1_8' title='bbox 847 521 1061 595; x_wconf 90' lang='lat' dir='ltr'>intentionis</span> <span class='ocrx_word' id='word_1_9' title='bbox 1080 521 1193 596; x_wconf 92' lang='lat' dir='ltr'>etiam</span> <span class='ocrx_word' id='word_1_10' title='bbox 1212 521 1328 594; x_wconf 88' lang='lat' dir='ltr'>fuisse</span> <span class='ocrx_word' id='word_1_11' title='bbox 1346 535 1387 594; x_wconf 90' lang='lat' dir='ltr'>et</span> <span class='ocrx_word' id='word_1_12' title='bbox 1404 520 1609 616; x_wconf 89' lang='lat' dir='ltr'>essequod</span> 
     </span>
     <span class='ocr_line' id='line_1_3' title="bbox 104 643 1610 740; baseline 0.003 -28"><span class='ocrx_word' id='word_1_13' title='bbox 104 665 176 737; x_wconf 90' lang='lat' dir='ltr'>per</span> <span class='ocrx_word' id='word_1_14' title='bbox 203 667 464 740; x_wconf 87' lang='lat' dir='ltr'>quascumque</span> <span class='ocrx_word' id='word_1_15' title='bbox 492 645 758 740; x_wconf 87' lang='lat' dir='ltr'>Expectativas</span> <span class='ocrx_word' id='word_1_16' title='bbox 786 645 1000 718; x_wconf 90' lang='lat' dir='ltr'>nominandi</span> <span class='ocrx_word' id='word_1_17' title='bbox 1026 669 1093 718; x_wconf 91' lang='lat' dir='ltr'>seu</span> <span class='ocrx_word' id='word_1_18' title='bbox 1121 643 1337 718; x_wconf 89' lang='lat' dir='ltr'>conferendi</span> <span class='ocrx_word' id='word_1_19' title='bbox 1355 644 1404 716; x_wconf 92' lang='lat' dir='ltr'>de</span> <span class='ocrx_word' id='word_1_20' title='bbox 1422 643 1610 738; x_wconf 91' lang='lat' dir='ltr'>primova-</span> 
     </span>
     <span class='ocr_line' id='line_1_4' title="bbox 102 766 1610 866; baseline 0 -26"><span class='ocrx_word' id='word_1_21' title='bbox 102 767 248 840; x_wconf 90' lang='lat' dir='ltr'>caturis</span> <span class='ocrx_word' id='word_1_22' title='bbox 277 766 484 856; x_wconf 78' lang='lat' dir='ltr'><strong>facultates,</strong></span> <span class='ocrx_word' id='word_1_23' title='bbox 515 771 573 844; x_wconf 92' lang='lat' dir='ltr'>vel</span> <span class='ocrx_word' id='word_1_24' title='bbox 600 770 694 844; x_wconf 88' lang='lat' dir='ltr'>alias</span> <span class='ocrx_word' id='word_1_25' title='bbox 729 770 912 866; x_wconf 88' lang='lat' dir='ltr'><strong>speciales</strong></span> <span class='ocrx_word' id='word_1_26' title='bbox 948 769 1233 854; x_wconf 85' lang='lat' dir='ltr'>reservationes,</span> <span class='ocrx_word' id='word_1_27' title='bbox 1263 770 1378 844; x_wconf 93' lang='lat' dir='ltr'>etde</span> <span class='ocrx_word' id='word_1_28' title='bbox 1407 769 1459 842; x_wconf 91' lang='lat' dir='ltr'>sic</span> <span class='ocrx_word' id='word_1_29' title='bbox 1488 791 1610 841; x_wconf 87' lang='lat' dir='ltr'>reser-</span> 
     </span>
     <span class='ocr_line' id='line_1_5' title="bbox 106 891 1608 991; baseline 0.002 -30"><span class='ocrx_word' id='word_1_30' title='bbox 106 892 205 964; x_wconf 87' lang='lat' dir='ltr'>vatis</span> <span class='ocrx_word' id='word_1_31' title='bbox 229 891 465 968; x_wconf 90' lang='lat' dir='ltr'>conferendis</span> <span class='ocrx_word' id='word_1_32' title='bbox 494 895 681 980; x_wconf 87' lang='lat' dir='ltr'>mandata,</span> <span class='ocrx_word' id='word_1_33' title='bbox 698 895 997 991; x_wconf 89' lang='lat' dir='ltr'>suppressiones,</span> <span class='ocrx_word' id='word_1_34' title='bbox 1015 895 1183 980; x_wconf 87' lang='lat' dir='ltr'>uniones,</span> <span class='ocrx_word' id='word_1_35' title='bbox 1199 893 1430 968; x_wconf 87' lang='lat' dir='ltr'>annexiones</span> <span class='ocrx_word' id='word_1_36' title='bbox 1449 909 1488 968; x_wconf 87' lang='lat' dir='ltr'>et</span> <span class='ocrx_word' id='word_1_37' title='bbox 1503 892 1608 966; x_wconf 90' lang='lat' dir='ltr'>redu-</span> 
     </span>
     <span class='ocr_line' id='line_1_6' title="bbox 107 1017 1610 1118; baseline 0.001 -31"><span class='ocrx_word' id='word_1_38' title='bbox 107 1017 255 1090; x_wconf 90' lang='lat' dir='ltr'>ctiones</span> <span class='ocrx_word' id='word_1_39' title='bbox 283 1019 333 1090; x_wconf 89' lang='lat' dir='ltr'>ad</span> <span class='ocrx_word' id='word_1_40' title='bbox 359 1019 417 1092; x_wconf 92' lang='lat' dir='ltr'>ius</span> <span class='ocrx_word' id='word_1_41' title='bbox 444 1043 614 1104; x_wconf 90' lang='lat' dir='ltr'>comune,</span> <span class='ocrx_word' id='word_1_42' title='bbox 632 1019 786 1118; x_wconf 84' lang='lat' dir='ltr'>gratias,</span> <span class='ocrx_word' id='word_1_43' title='bbox 806 1019 1049 1094; x_wconf 87' lang='lat' dir='ltr'>concesiones</span> <span class='ocrx_word' id='word_1_44' title='bbox 1077 1035 1116 1092; x_wconf 92' lang='lat' dir='ltr'>et</span> <span class='ocrx_word' id='word_1_45' title='bbox 1142 1017 1285 1092; x_wconf 87' lang='lat' dir='ltr'>indulta</span> <span class='ocrx_word' id='word_1_46' title='bbox 1313 1045 1397 1092; x_wconf 93' lang='lat' dir='ltr'>cum</span> <span class='ocrx_word' id='word_1_47' title='bbox 1416 1017 1610 1115; x_wconf 83' lang='lat' dir='ltr'>quibusvis</span> 
     </span>
     <span class='ocr_line' id='line_1_7' title="bbox 107 1143 1608 1237; baseline 0.002 -27"><span class='ocrx_word' id='word_1_48' title='bbox 107 1143 434 1237; x_wconf 81' lang='lat' dir='ltr'>prerogativamm</span> <span class='ocrx_word' id='word_1_49' title='bbox 462 1144 663 1230; x_wconf 90' lang='lat' dir='ltr'>favoribus,</span> <span class='ocrx_word' id='word_1_50' title='bbox 687 1143 986 1230; x_wconf 87' lang='lat' dir='ltr'>antelationibus,</span> <span class='ocrx_word' id='word_1_51' title='bbox 1013 1143 1327 1218; x_wconf 88' lang='lat' dir='ltr'>declarationibus</span> <span class='ocrx_word' id='word_1_52' title='bbox 1358 1145 1472 1218; x_wconf 90' lang='lat' dir='ltr'>etiam</span> <span class='ocrx_word' id='word_1_53' title='bbox 1505 1155 1608 1215; x_wconf 93' lang='lat' dir='ltr'>motu</span> 
     </span>
     <span class='ocr_line' id='line_1_8' title="bbox 109 1263 1609 1365; baseline 0.004 -31"><span class='ocrx_word' id='word_1_54' title='bbox 109 1263 219 1336; x_wconf 88' lang='lat' dir='ltr'>simili</span> <span class='ocrx_word' id='word_1_55' title='bbox 248 1267 319 1339; x_wconf 90' lang='lat' dir='ltr'>sub</span> <span class='ocrx_word' id='word_1_56' title='bbox 346 1269 646 1364; x_wconf 90' lang='lat' dir='ltr'>quibuscumque</span> <span class='ocrx_word' id='word_1_57' title='bbox 677 1270 875 1344; x_wconf 91' lang='lat' dir='ltr'>verborum</span> <span class='ocrx_word' id='word_1_58' title='bbox 907 1268 1034 1342; x_wconf 92' lang='lat' dir='ltr'>formis</span> <span class='ocrx_word' id='word_1_59' title='bbox 1062 1283 1102 1342; x_wconf 90' lang='lat' dir='ltr'>et</span> <span class='ocrx_word' id='word_1_60' title='bbox 1127 1268 1209 1342; x_wconf 90' lang='lat' dir='ltr'>aliis</span> <span class='ocrx_word' id='word_1_61' title='bbox 1236 1267 1411 1342; x_wconf 86' lang='lat' dir='ltr'>clausulis</span> <span class='ocrx_word' id='word_1_62' title='bbox 1449 1267 1609 1365; x_wconf 89' lang='lat' dir='ltr'>deroga-</span> 
     </span>
     <span class='ocr_line' id='line_1_9' title="bbox 109 1387 1609 1491; baseline 0.004 -33"><span class='ocrx_word' id='word_1_63' title='bbox 109 1387 213 1462; x_wconf 93' lang='lat' dir='ltr'>toriis</span> <span class='ocrx_word' id='word_1_64' title='bbox 242 1392 355 1463; x_wconf 88' lang='lat' dir='ltr'>etiam</span> <span class='ocrx_word' id='word_1_65' title='bbox 384 1393 551 1480; x_wconf 91' lang='lat' dir='ltr'>insolitis,</span> <span class='ocrx_word' id='word_1_66' title='bbox 574 1393 768 1488; x_wconf 89' lang='lat' dir='ltr'>quibusvis</span> <span class='ocrx_word' id='word_1_67' title='bbox 796 1392 968 1490; x_wconf 89' lang='lat' dir='ltr'>personis</span> <span class='ocrx_word' id='word_1_68' title='bbox 996 1394 1264 1489; x_wconf 89' lang='lat' dir='ltr'>cuiuscumque</span> <span class='ocrx_word' id='word_1_69' title='bbox 1301 1393 1454 1491; x_wconf 89' lang='lat' dir='ltr'>gradus,</span> <span class='ocrx_word' id='word_1_70' title='bbox 1488 1393 1609 1489; x_wconf 91' lang='lat' dir='ltr'>digni-</span> 
     </span>
     <span class='ocr_line' id='line_1_10' title="bbox 107 1512 1610 1612; baseline 0.001 -26"><span class='ocrx_word' id='word_1_71' title='bbox 107 1512 207 1598; x_wconf 85' lang='lat' dir='ltr'>tatis,</span> <span class='ocrx_word' id='word_1_72' title='bbox 223 1518 446 1593; x_wconf 90' lang='lat' dir='ltr'>conditionis</span> <span class='ocrx_word' id='word_1_73' title='bbox 472 1534 512 1592; x_wconf 91' lang='lat' dir='ltr'>et</span> <span class='ocrx_word' id='word_1_74' title='bbox 540 1518 681 1592; x_wconf 89' lang='lat' dir='ltr'>ordinis</span> <span class='ocrx_word' id='word_1_75' title='bbox 708 1519 926 1604; x_wconf 86' lang='lat' dir='ltr'>existerent,</span> <span class='ocrx_word' id='word_1_76' title='bbox 942 1516 1121 1604; x_wconf 90' lang='lat' dir='ltr'>ecclesiis,</span> <span class='ocrx_word' id='word_1_77' title='bbox 1141 1517 1383 1594; x_wconf 87' lang='lat' dir='ltr'>Monasteriis</span> <span class='ocrx_word' id='word_1_78' title='bbox 1402 1541 1610 1612; x_wconf 89' lang='lat' dir='ltr'>eorumque</span> 
     </span>
     <span class='ocr_line' id='line_1_11' title="bbox 110 1642 1609 1740; baseline 0.001 -28"><span class='ocrx_word' id='word_1_79' title='bbox 110 1643 251 1716; x_wconf 85' lang='lat' dir='ltr'>mensis</span> <span class='ocrx_word' id='word_1_80' title='bbox 286 1643 399 1718; x_wconf 89' lang='lat' dir='ltr'>etiam</span> <span class='ocrx_word' id='word_1_81' title='bbox 435 1642 713 1740; x_wconf 87' lang='lat' dir='ltr'>Capitularibus</span> <span class='ocrx_word' id='word_1_82' title='bbox 746 1667 929 1718; x_wconf 85' lang='lat' dir='ltr'>concessa</span> <span class='ocrx_word' id='word_1_83' title='bbox 970 1658 1009 1716; x_wconf 88' lang='lat' dir='ltr'>et</span> <span class='ocrx_word' id='word_1_84' title='bbox 1041 1643 1077 1715; x_wconf 92' lang='lat' dir='ltr'>in</span> <span class='ocrx_word' id='word_1_85' title='bbox 1104 1657 1217 1718; x_wconf 86' lang='lat' dir='ltr'>antea</span> <span class='ocrx_word' id='word_1_86' title='bbox 1243 1643 1494 1727; x_wconf 86' lang='lat' dir='ltr'>concedenda,</span> <span class='ocrx_word' id='word_1_87' title='bbox 1535 1665 1609 1715; x_wconf 91' lang='lat' dir='ltr'>non</span> 
     </span>
     <span class='ocr_line' id='line_1_12' title="bbox 109 1766 1609 1869; baseline 0.002 -32"><span class='ocrx_word' id='word_1_88' title='bbox 109 1767 396 1844; x_wconf 87' lang='lat' dir='ltr'>intendebamus</span> <span class='ocrx_word' id='word_1_89' title='bbox 423 1767 501 1842; x_wconf 89' lang='lat' dir='ltr'>fieri</span> <span class='ocrx_word' id='word_1_90' title='bbox 528 1767 770 1864; x_wconf 90' lang='lat' dir='ltr'>preiudicium</span> <span class='ocrx_word' id='word_1_91' title='bbox 798 1766 953 1863; x_wconf 89' lang='lat' dir='ltr'>aliquod</span> <span class='ocrx_word' id='word_1_92' title='bbox 981 1768 1120 1842; x_wconf 89' lang='lat' dir='ltr'>nostris</span> <span class='ocrx_word' id='word_1_93' title='bbox 1148 1767 1247 1841; x_wconf 86' lang='lat' dir='ltr'>veris</span> <span class='ocrx_word' id='word_1_94' title='bbox 1267 1767 1507 1842; x_wconf 79' lang='lat' dir='ltr'>familiaribus</span> <span class='ocrx_word' id='word_1_95' title='bbox 1526 1791 1609 1869; x_wconf 88' lang='lat' dir='ltr'>con·</span> 
     </span>
     <span class='ocr_line' id='line_1_13' title="bbox 109 1891 1610 1990; baseline 0.001 -28"><span class='ocrx_word' id='word_1_96' title='bbox 109 1891 221 1965; x_wconf 92' lang='lat' dir='ltr'>tinuis</span> <span class='ocrx_word' id='word_1_97' title='bbox 249 1893 562 1966; x_wconf 88' lang='lat' dir='ltr'>commensalibus</span> <span class='ocrx_word' id='word_1_98' title='bbox 593 1891 790 1987; x_wconf 86' lang='lat' dir='ltr'>descriptis</span> <span class='ocrx_word' id='word_1_99' title='bbox 820 1891 985 1987; x_wconf 90' lang='lat' dir='ltr'>prefatis,</span> <span class='ocrx_word' id='word_1_100' title='bbox 1025 1915 1109 1966; x_wconf 90' lang='lat' dir='ltr'>cum</span> <span class='ocrx_word' id='word_1_101' title='bbox 1146 1891 1217 1986; x_wconf 86' lang='lat' dir='ltr'>ipsi</span> <span class='ocrx_word' id='word_1_102' title='bbox 1253 1891 1452 1990; x_wconf 72' lang='lat' dir='ltr'>familiares</span> <span class='ocrx_word' id='word_1_103' title='bbox 1480 1909 1610 1966; x_wconf 88' lang='lat' dir='ltr'>essent</span> 
     </span>
     <span class='ocr_line' id='line_1_14' title="bbox 108 2015 1610 2114; baseline -0.001 -25"><span class='ocrx_word' id='word_1_104' title='bbox 108 2016 277 2110; x_wconf 91' lang='lat' dir='ltr'>potiores</span> <span class='ocrx_word' id='word_1_105' title='bbox 305 2019 341 2090; x_wconf 93' lang='lat' dir='ltr'>in</span> <span class='ocrx_word' id='word_1_106' title='bbox 368 2018 607 2092; x_wconf 86' lang='lat' dir='ltr'>assecutione</span> <span class='ocrx_word' id='word_1_107' title='bbox 635 2017 899 2092; x_wconf 89' lang='lat' dir='ltr'>beneficiorum</span> <span class='ocrx_word' id='word_1_108' title='bbox 927 2016 1058 2114; x_wconf 90' lang='lat' dir='ltr'>vigore</span> <span class='ocrx_word' id='word_1_109' title='bbox 1085 2015 1292 2114; x_wconf 87' lang='lat' dir='ltr'>gratiarum</span> <span class='ocrx_word' id='word_1_110' title='bbox 1324 2017 1379 2090; x_wconf 89' lang='lat' dir='ltr'>eis</span> <span class='ocrx_word' id='word_1_111' title='bbox 1416 2040 1610 2090; x_wconf 90' lang='lat' dir='ltr'>concessa-</span> 
     </span>
     <span class='ocr_line' id='line_1_15' title="bbox 105 2141 1609 2240; baseline 0.001 -27"><span class='ocrx_word' id='word_1_112' title='bbox 105 2165 193 2213; x_wconf 88' lang='lat' dir='ltr'>rum</span> <span class='ocrx_word' id='word_1_113' title='bbox 221 2143 395 2218; x_wconf 91' lang='lat' dir='ltr'>omnibus</span> <span class='ocrx_word' id='word_1_114' title='bbox 423 2142 617 2240; x_wconf 88' lang='lat' dir='ltr'>premissis</span> <span class='ocrx_word' id='word_1_115' title='bbox 653 2157 693 2216; x_wconf 93' lang='lat' dir='ltr'>et</span> <span class='ocrx_word' id='word_1_116' title='bbox 726 2141 808 2216; x_wconf 91' lang='lat' dir='ltr'>aliis</span> <span class='ocrx_word' id='word_1_117' title='bbox 840 2142 1141 2237; x_wconf 89' lang='lat' dir='ltr'>quibuscumque</span> <span class='ocrx_word' id='word_1_118' title='bbox 1177 2141 1325 2216; x_wconf 89' lang='lat' dir='ltr'>etiamsi</span> <span class='ocrx_word' id='word_1_119' title='bbox 1357 2141 1412 2216; x_wconf 87' lang='lat' dir='ltr'>eis</span> <span class='ocrx_word' id='word_1_120' title='bbox 1448 2142 1609 2240; x_wconf 88' lang='lat' dir='ltr'>deroga-</span> 
     </span>
     <span class='ocr_line' id='line_1_16' title="bbox 109 2260 1091 2360; baseline 0.004 -24"><span class='ocrx_word' id='word_1_121' title='bbox 109 2279 217 2338; x_wconf 90' lang='lat' dir='ltr'>retur</span> <span class='ocrx_word' id='word_1_122' title='bbox 243 2289 437 2360; x_wconf 85' lang='lat' dir='ltr'>expresse.</span> <span class='ocrx_word' id='word_1_123' title='bbox 1083 2260 1091 2279; x_wconf 84' lang='lat'>&#39;</span> 
     </span>
    </p>

    <p class='ocr_par' dir='ltr' id='par_1_3' title="bbox 102 2388 1612 4360">
     <span class='ocr_line' id='line_1_17' title="bbox 190 2388 1610 2487; baseline 0.001 -24"><span class='ocrx_word' id='word_1_124' title='bbox 190 2388 290 2464; x_wconf 88' lang='lat' dir='ltr'>Cum</span> <span class='ocrx_word' id='word_1_125' title='bbox 312 2407 455 2476; x_wconf 86' lang='lat' dir='ltr'>¹autem,</span> <span class='ocrx_word' id='word_1_126' title='bbox 478 2393 574 2465; x_wconf 91' lang='lat' dir='ltr'>sicut</span> <span class='ocrx_word' id='word_1_127' title='bbox 600 2392 862 2487; x_wconf 88' lang='lat' dir='ltr'>accepimus‚a</span> <span class='ocrx_word' id='word_1_128' title='bbox 891 2389 1077 2464; x_wconf 90' lang='lat' dir='ltr'>nonnullis</span> <span class='ocrx_word' id='word_1_129' title='bbox 1096 2407 1295 2464; x_wconf 90' lang='lat' dir='ltr'>revocetur</span> <span class='ocrx_word' id='word_1_130' title='bbox 1317 2391 1352 2462; x_wconf 92' lang='lat' dir='ltr'>in</span> <span class='ocrx_word' id='word_1_131' title='bbox 1381 2389 1534 2465; x_wconf 92' lang='lat' dir='ltr'>dubium</span> <span class='ocrx_word' id='word_1_132' title='bbox 1562 2415 1610 2464; x_wconf 90' lang='lat' dir='ltr'>an</span> 
     </span>
     <span class='ocr_line' id='line_1_18' title="bbox 107 2512 1612 2616; baseline 0.003 -32"><span class='ocrx_word' id='word_1_133' title='bbox 107 2537 207 2588; x_wconf 91' lang='lat' dir='ltr'>nunc</span> <span class='ocrx_word' id='word_1_134' title='bbox 235 2515 442 2590; x_wconf 88' lang='lat' dir='ltr'>existentes</span> <span class='ocrx_word' id='word_1_135' title='bbox 473 2514 598 2590; x_wconf 92' lang='lat' dir='ltr'>dilecti</span> <span class='ocrx_word' id='word_1_136' title='bbox 625 2515 688 2588; x_wconf 87' lang='lat' dir='ltr'>filii</span> <span class='ocrx_word' id='word_1_137' title='bbox 716 2515 910 2612; x_wconf 88' lang='lat' dir='ltr'>Capellani</span> <span class='ocrx_word' id='word_1_138' title='bbox 937 2516 1055 2588; x_wconf 89' lang='lat' dir='ltr'>nostri</span> <span class='ocrx_word' id='word_1_139' title='bbox 1087 2529 1127 2588; x_wconf 91' lang='lat' dir='ltr'>et</span> <span class='ocrx_word' id='word_1_140' title='bbox 1145 2515 1232 2589; x_wconf 90' lang='lat' dir='ltr'>dicti</span> <span class='ocrx_word' id='word_1_141' title='bbox 1251 2512 1378 2616; x_wconf 87' lang='lat' dir='ltr'>palatii</span> <span class='ocrx_word' id='word_1_142' title='bbox 1406 2514 1612 2590; x_wconf 87' lang='lat' dir='ltr'>Auditores</span> 
     </span>
     <span class='ocr_line' id='line_1_19' title="bbox 105 2637 1610 2736; baseline 0.001 -26"><span class='ocrx_word' id='word_1_143' title='bbox 105 2664 176 2712; x_wconf 88' lang='lat' dir='ltr'>seu</span> <span class='ocrx_word' id='word_1_144' title='bbox 205 2663 337 2714; x_wconf 89' lang='lat' dir='ltr'>eorum</span> <span class='ocrx_word' id='word_1_145' title='bbox 366 2639 652 2727; x_wconf 87' lang='lat' dir='ltr'>Locatenentes,</span> <span class='ocrx_word' id='word_1_146' title='bbox 674 2641 709 2713; x_wconf 92' lang='lat' dir='ltr'>in</span> <span class='ocrx_word' id='word_1_147' title='bbox 733 2641 879 2736; x_wconf 88' lang='lat' dir='ltr'>prefata</span> <span class='ocrx_word' id='word_1_148' title='bbox 909 2637 1022 2714; x_wconf 87' lang='lat' dir='ltr'>Curia</span> <span class='ocrx_word' id='word_1_149' title='bbox 1049 2657 1258 2735; x_wconf 88' lang='lat' dir='ltr'>presentes,</span> <span class='ocrx_word' id='word_1_150' title='bbox 1281 2638 1434 2736; x_wconf 89' lang='lat' dir='ltr'>prefatis</span> <span class='ocrx_word' id='word_1_151' title='bbox 1461 2657 1500 2714; x_wconf 92' lang='lat' dir='ltr'>et</span> <span class='ocrx_word' id='word_1_152' title='bbox 1528 2640 1610 2735; x_wconf 88' lang='lat' dir='ltr'>qui-</span> 
     </span>
     <span class='ocr_line' id='line_1_20' title="bbox 107 2763 1611 2862; baseline 0.002 -26"><span class='ocrx_word' id='word_1_153' title='bbox 107 2765 239 2838; x_wconf 91' lang='lat' dir='ltr'>busvis</span> <span class='ocrx_word' id='word_1_154' title='bbox 265 2765 346 2838; x_wconf 86' lang='lat' dir='ltr'>aliis</span> <span class='ocrx_word' id='word_1_155' title='bbox 382 2763 645 2862; x_wconf 82' lang='lat' dir='ltr'>prerogativis,</span> <span class='ocrx_word' id='word_1_156' title='bbox 673 2763 975 2850; x_wconf 89' lang='lat' dir='ltr'>antelationibus,</span> <span class='ocrx_word' id='word_1_157' title='bbox 1013 2764 1296 2860; x_wconf 89' lang='lat' dir='ltr'>exceptionibus</span> <span class='ocrx_word' id='word_1_158' title='bbox 1327 2779 1367 2838; x_wconf 92' lang='lat' dir='ltr'>et</span> <span class='ocrx_word' id='word_1_159' title='bbox 1394 2764 1611 2839; x_wconf 88' lang='lat' dir='ltr'>declaratio·</span> 
     </span>
     <span class='ocr_line' id='line_1_21' title="bbox 109 2887 1612 2985; baseline 0.001 -25"><span class='ocrx_word' id='word_1_160' title='bbox 109 2888 231 2974; x_wconf 90' lang='lat' dir='ltr'>nibus,</span> <span class='ocrx_word' id='word_1_161' title='bbox 264 2913 334 2984; x_wconf 91' lang='lat' dir='ltr'>per</span> <span class='ocrx_word' id='word_1_162' title='bbox 361 2914 431 2964; x_wconf 88' lang='lat' dir='ltr'>nos</span> <span class='ocrx_word' id='word_1_163' title='bbox 462 2889 701 2964; x_wconf 84' lang='lat' dir='ltr'>familiaribus</span> <span class='ocrx_word' id='word_1_164' title='bbox 730 2890 869 2962; x_wconf 91' lang='lat' dir='ltr'>nostris</span> <span class='ocrx_word' id='word_1_165' title='bbox 907 2887 1105 2984; x_wconf 90' lang='lat' dir='ltr'>descriptis</span> <span class='ocrx_word' id='word_1_166' title='bbox 1142 2887 1321 2985; x_wconf 90' lang='lat' dir='ltr'>predictis</span> <span class='ocrx_word' id='word_1_167' title='bbox 1354 2889 1545 2962; x_wconf 89' lang='lat' dir='ltr'>concessis</span> <span class='ocrx_word' id='word_1_168' title='bbox 1572 2905 1612 2962; x_wconf 88' lang='lat' dir='ltr'>et</span> 
     </span>
     <span class='ocr_line' id='line_1_22' title="bbox 107 3013 1610 3109; baseline 0.003 -25"><span class='ocrx_word' id='word_1_169' title='bbox 107 3013 356 3109; x_wconf 90' lang='lat' dir='ltr'>imposterum</span> <span class='ocrx_word' id='word_1_170' title='bbox 391 3013 652 3098; x_wconf 91' lang='lat' dir='ltr'>concedendis,</span> <span class='ocrx_word' id='word_1_171' title='bbox 690 3014 727 3087; x_wconf 92' lang='lat' dir='ltr'>in</span> <span class='ocrx_word' id='word_1_172' title='bbox 763 3013 1001 3088; x_wconf 89' lang='lat' dir='ltr'>assecutione</span> <span class='ocrx_word' id='word_1_173' title='bbox 1037 3013 1301 3088; x_wconf 87' lang='lat' dir='ltr'>beneficiorum</span> <span class='ocrx_word' id='word_1_174' title='bbox 1337 3013 1610 3088; x_wconf 89' lang='lat' dir='ltr'>ecclesiastico-</span> 
     </span>
     <span class='ocr_line' id='line_1_23' title="bbox 107 3138 1608 3237; baseline 0 -27"><span class='ocrx_word' id='word_1_175' title='bbox 107 3163 192 3212; x_wconf 91' lang='lat' dir='ltr'>rum</span> <span class='ocrx_word' id='word_1_176' title='bbox 218 3138 350 3235; x_wconf 87' lang='lat' dir='ltr'>vigorc</span> <span class='ocrx_word' id='word_1_177' title='bbox 386 3139 591 3237; x_wconf 88' lang='lat' dir='ltr'>gratiarum</span> <span class='ocrx_word' id='word_1_178' title='bbox 629 3138 948 3235; x_wconf 87' lang='lat' dir='ltr'>expectativarum</span> <span class='ocrx_word' id='word_1_179' title='bbox 985 3153 1051 3211; x_wconf 90' lang='lat' dir='ltr'>aut</span> <span class='ocrx_word' id='word_1_180' title='bbox 1083 3138 1281 3234; x_wconf 90' lang='lat' dir='ltr'>deprimo</span> <span class='ocrx_word' id='word_1_181' title='bbox 1317 3139 1504 3212; x_wconf 89' lang='lat' dir='ltr'>vacaturis</span> <span class='ocrx_word' id='word_1_182' title='bbox 1541 3164 1608 3214; x_wconf 92' lang='lat' dir='ltr'>seu</span> 
     </span>
     <span class='ocr_line' id='line_1_24' title="bbox 105 3262 1609 3361; baseline -0.001 -22"><span class='ocrx_word' id='word_1_183' title='bbox 105 3263 263 3339; x_wconf 88' lang='lat' dir='ltr'>aliarum</span> <span class='ocrx_word' id='word_1_184' title='bbox 292 3262 506 3361; x_wconf 89' lang='lat' dir='ltr'>specialium</span> <span class='ocrx_word' id='word_1_185' title='bbox 534 3263 831 3338; x_wconf 89' lang='lat' dir='ltr'>reservationum</span> <span class='ocrx_word' id='word_1_186' title='bbox 858 3281 897 3338; x_wconf 92' lang='lat' dir='ltr'>et</span> <span class='ocrx_word' id='word_1_187' title='bbox 925 3262 973 3336; x_wconf 88' lang='lat' dir='ltr'>de</span> <span class='ocrx_word' id='word_1_188' title='bbox 1001 3263 1054 3336; x_wconf 91' lang='lat' dir='ltr'>sic</span> <span class='ocrx_word' id='word_1_189' title='bbox 1091 3264 1292 3338; x_wconf 88' lang='lat' dir='ltr'>reservatis</span> <span class='ocrx_word' id='word_1_190' title='bbox 1310 3288 1395 3352; x_wconf 89' lang='lat' dir='ltr'>cum</span> <span class='ocrx_word' id='word_1_191' title='bbox 1423 3265 1609 3338; x_wconf 88' lang='lat' dir='ltr'>vacabunt</span> 
     </span>
     <span class='ocr_line' id='line_1_25' title="bbox 102 3377 1607 3483; baseline 0.001 -19"><span class='ocrx_word' id='word_1_192' title='bbox 102 3389 342 3466; x_wconf 87' lang='lat' dir='ltr'>conferendis</span> <span class='ocrx_word' id='word_1_193' title='bbox 370 3389 644 3473; x_wconf 87' lang='lat' dir='ltr'>mandatorum,</span> <span class='ocrx_word' id='word_1_194' title='bbox 673 3386 728 3460; x_wconf 90' lang='lat' dir='ltr'>eis</span> <span class='ocrx_word' id='word_1_195' title='bbox 759 3412 827 3483; x_wconf 92' lang='lat' dir='ltr'>per</span> <span class='ocrx_word' id='word_1_196' title='bbox 853 3412 922 3462; x_wconf 90' lang='lat' dir='ltr'>nos</span> <span class='ocrx_word' id='word_1_197' title='bbox 949 3411 1226 3471; x_wconf 89' lang='lat' dir='ltr'>concessorum,</span> <span class='ocrx_word' id='word_1_198' title='bbox 1256 3403 1296 3462; x_wconf 92' lang='lat' dir='ltr'>et</span> <span class='ocrx_word' id='word_1_199' title='bbox 1315 3377 1607 3465; x_wconf 85' lang='lat' dir='ltr'>nominationum</span> 
     </span>
     <span class='ocr_line' id='line_1_26' title="bbox 105 3511 1608 3608; baseline -0.003 -18"><span class='ocrx_word' id='word_1_200' title='bbox 105 3517 157 3590; x_wconf 91' lang='lat' dir='ltr'>de</span> <span class='ocrx_word' id='word_1_201' title='bbox 183 3514 240 3590; x_wconf 89' lang='lat' dir='ltr'>eis</span> <span class='ocrx_word' id='word_1_202' title='bbox 266 3513 447 3587; x_wconf 89' lang='lat' dir='ltr'>factarum</span> <span class='ocrx_word' id='word_1_203' title='bbox 475 3529 541 3586; x_wconf 91' lang='lat' dir='ltr'>aut</span> <span class='ocrx_word' id='word_1_204' title='bbox 569 3512 814 3608; x_wconf 90' lang='lat' dir='ltr'>imposterum</span> <span class='ocrx_word' id='word_1_205' title='bbox 837 3513 1165 3588; x_wconf 90' lang='lat' dir='ltr'>concedendorum</span> <span class='ocrx_word' id='word_1_206' title='bbox 1184 3511 1244 3586; x_wconf 92' lang='lat' dir='ltr'>vel</span> <span class='ocrx_word' id='word_1_207' title='bbox 1267 3511 1533 3597; x_wconf 87' lang='lat' dir='ltr'>faciendarum,</span> <span class='ocrx_word' id='word_1_208' title='bbox 1555 3515 1608 3586; x_wconf 88' lang='lat' dir='ltr'>uti</span> 
     </span>
     <span class='ocr_line' id='line_1_27' title="bbox 105 3636 1609 3739; baseline -0.001 -25"><span class='ocrx_word' id='word_1_209' title='bbox 105 3653 313 3739; x_wconf 91' lang='lat' dir='ltr'>potuerunt</span> <span class='ocrx_word' id='word_1_210' title='bbox 340 3639 420 3712; x_wconf 89' lang='lat' dir='ltr'>sive</span> <span class='ocrx_word' id='word_1_211' title='bbox 447 3638 603 3736; x_wconf 89' lang='lat' dir='ltr'>possint,</span> <span class='ocrx_word' id='word_1_212' title='bbox 623 3653 662 3712; x_wconf 89' lang='lat' dir='ltr'>et</span> <span class='ocrx_word' id='word_1_213' title='bbox 688 3661 737 3712; x_wconf 89' lang='lat' dir='ltr'>an</span> <span class='ocrx_word' id='word_1_214' title='bbox 764 3639 821 3713; x_wconf 88' lang='lat' dir='ltr'>eis</span> <span class='ocrx_word' id='word_1_215' title='bbox 850 3663 918 3733; x_wconf 91' lang='lat' dir='ltr'>per</span> <span class='ocrx_word' id='word_1_216' title='bbox 937 3636 1132 3712; x_wconf 89' lang='lat' dir='ltr'>nonnullas</span> <span class='ocrx_word' id='word_1_217' title='bbox 1159 3639 1415 3733; x_wconf 90' lang='lat' dir='ltr'>expectativas</span> <span class='ocrx_word' id='word_1_218' title='bbox 1439 3637 1609 3735; x_wconf 83' lang='lat' dir='ltr'>aliasque</span> 
     </span>
     <span class='ocr_line' id='line_1_28' title="bbox 104 3760 1605 3864; baseline -0.001 -26"><span class='ocrx_word' id='word_1_219' title='bbox 104 3765 261 3864; x_wconf 83' lang='lat' dir='ltr'>gratias,</span> <span class='ocrx_word' id='word_1_220' title='bbox 290 3762 574 3846; x_wconf 87' lang='lat' dir='ltr'>nominationes,</span> <span class='ocrx_word' id='word_1_221' title='bbox 613 3762 826 3836; x_wconf 88' lang='lat' dir='ltr'>nominandi</span> <span class='ocrx_word' id='word_1_222' title='bbox 855 3787 921 3836; x_wconf 90' lang='lat' dir='ltr'>seu</span> <span class='ocrx_word' id='word_1_223' title='bbox 950 3760 1163 3834; x_wconf 90' lang='lat' dir='ltr'>conferendi</span> <span class='ocrx_word' id='word_1_224' title='bbox 1191 3763 1371 3837; x_wconf 87' lang='lat' dir='ltr'>beneficia</span> <span class='ocrx_word' id='word_1_225' title='bbox 1397 3761 1605 3844; x_wconf 85' lang='lat' dir='ltr'>facultates,</span> 
     </span>
     <span class='ocr_line' id='line_1_29' title="bbox 106 3885 1609 3985; baseline -0.002 -21"><span class='ocrx_word' id='word_1_226' title='bbox 106 3889 394 3972; x_wconf 86' lang='lat' dir='ltr'>reservationes,</span> <span class='ocrx_word' id='word_1_227' title='bbox 418 3887 605 3970; x_wconf 88' lang='lat' dir='ltr'>mandata,</span> <span class='ocrx_word' id='word_1_228' title='bbox 631 3887 903 3985; x_wconf 88' lang='lat' dir='ltr'>prerogativas,</span> <span class='ocrx_word' id='word_1_229' title='bbox 929 3885 1189 3971; x_wconf 90' lang='lat' dir='ltr'>antelationes,</span> <span class='ocrx_word' id='word_1_230' title='bbox 1215 3885 1498 3974; x_wconf 89' lang='lat' dir='ltr'>declarationes,</span> <span class='ocrx_word' id='word_1_231' title='bbox 1524 3912 1609 3963; x_wconf 90' lang='lat' dir='ltr'>con-</span> 
     </span>
     <span class='ocr_line' id='line_1_30' title="bbox 105 4008 1607 4109; baseline -0.001 -21"><span class='ocrx_word' id='word_1_232' title='bbox 105 4014 312 4099; x_wconf 89' lang='lat' dir='ltr'>cessiones,</span> <span class='ocrx_word' id='word_1_233' title='bbox 328 4010 471 4087; x_wconf 90' lang='lat' dir='ltr'>indulta</span> <span class='ocrx_word' id='word_1_234' title='bbox 499 4026 539 4085; x_wconf 93' lang='lat' dir='ltr'>et</span> <span class='ocrx_word' id='word_1_235' title='bbox 565 4008 708 4086; x_wconf 88' lang='lat' dir='ltr'>litteras</span> <span class='ocrx_word' id='word_1_236' title='bbox 736 4037 805 4108; x_wconf 93' lang='lat' dir='ltr'>per</span> <span class='ocrx_word' id='word_1_237' title='bbox 833 4037 903 4086; x_wconf 93' lang='lat' dir='ltr'>nos</span> <span class='ocrx_word' id='word_1_238' title='bbox 930 4012 1089 4088; x_wconf 87' lang='lat' dir='ltr'>diversis</span> <span class='ocrx_word' id='word_1_239' title='bbox 1117 4013 1290 4109; x_wconf 90' lang='lat' dir='ltr'>personis</span> <span class='ocrx_word' id='word_1_240' title='bbox 1323 4013 1504 4086; x_wconf 89' lang='lat' dir='ltr'>hactenus</span> <span class='ocrx_word' id='word_1_241' title='bbox 1524 4039 1607 4088; x_wconf 89' lang='lat' dir='ltr'>con·</span> 
     </span>
     <span class='ocr_line' id='line_1_31' title="bbox 104 4135 1605 4233; baseline -0.003 -19"><span class='ocrx_word' id='word_1_242' title='bbox 104 4164 227 4220; x_wconf 88' lang='lat' dir='ltr'>cessa,</span> <span class='ocrx_word' id='word_1_243' title='bbox 254 4139 289 4210; x_wconf 92' lang='lat' dir='ltr'>in</span> <span class='ocrx_word' id='word_1_244' title='bbox 307 4138 545 4210; x_wconf 89' lang='lat' dir='ltr'>assecutione</span> <span class='ocrx_word' id='word_1_245' title='bbox 573 4135 834 4212; x_wconf 88' lang='lat' dir='ltr'>beneficiorum</span> <span class='ocrx_word' id='word_1_246' title='bbox 863 4137 1074 4212; x_wconf 90' lang='lat' dir='ltr'>huiusmodi</span> <span class='ocrx_word' id='word_1_247' title='bbox 1103 4137 1373 4233; x_wconf 87' lang='lat' dir='ltr'>preludicatum</span> <span class='ocrx_word' id='word_1_248' title='bbox 1402 4137 1513 4212; x_wconf 90' lang='lat' dir='ltr'>fuerit</span> <span class='ocrx_word' id='word_1_249' title='bbox 1540 4163 1605 4212; x_wconf 91' lang='lat' dir='ltr'>seu</span> 
     </span>
     <span class='ocr_line' id='line_1_32' title="bbox 107 4256 491 4360; baseline -0.005 -24"><span class='ocrx_word' id='word_1_250' title='bbox 107 4262 330 4360; x_wconf 88' lang='lat' dir='ltr'>preiudicari</span> <span class='ocrx_word' id='word_1_251' title='bbox 359 4256 491 4358; x_wconf 80' lang='lat' dir='ltr'>possit,</span> 
     </span>
    </p>

    <p class='ocr_par' dir='ltr' id='par_1_4' title="bbox 103 4385 1609 5482">
     <span class='ocr_line' id='line_1_33' title="bbox 189 4385 1608 4481; baseline 0.001 -21"><span class='ocrx_word' id='word_1_252' title='bbox 189 4387 283 4473; x_wconf 88' lang='lat' dir='ltr'>Nos,</span> <span class='ocrx_word' id='word_1_253' title='bbox 303 4401 347 4460; x_wconf 94' lang='lat' dir='ltr'>ut</span> <span class='ocrx_word' id='word_1_254' title='bbox 368 4385 454 4460; x_wconf 91' lang='lat' dir='ltr'>dicti</span> <span class='ocrx_word' id='word_1_255' title='bbox 474 4385 679 4460; x_wconf 89' lang='lat' dir='ltr'>Auditores</span> <span class='ocrx_word' id='word_1_256' title='bbox 697 4410 741 4460; x_wconf 92' lang='lat' dir='ltr'>ac</span> <span class='ocrx_word' id='word_1_257' title='bbox 759 4411 890 4460; x_wconf 91' lang='lat' dir='ltr'>eorum</span> <span class='ocrx_word' id='word_1_258' title='bbox 911 4387 1186 4461; x_wconf 90' lang='lat' dir='ltr'>Locatenentes</span> <span class='ocrx_word' id='word_1_259' title='bbox 1210 4387 1271 4481; x_wconf 77' lang='lat' dir='ltr'>qui</span> <span class='ocrx_word' id='word_1_260' title='bbox 1299 4385 1417 4458; x_wconf 88' lang='lat' dir='ltr'>nostri</span> <span class='ocrx_word' id='word_1_261' title='bbox 1444 4402 1484 4458; x_wconf 90' lang='lat' dir='ltr'>et</span> <span class='ocrx_word' id='word_1_262' title='bbox 1511 4387 1608 4460; x_wconf 90' lang='lat' dir='ltr'>dicte</span> 
     </span>
     <span class='ocr_line' id='line_1_34' title="bbox 107 4509 1608 4590; baseline -0.005 -2"><span class='ocrx_word' id='word_1_263' title='bbox 107 4512 210 4588; x_wconf 87' lang='lat' dir='ltr'>sedis</span> <span class='ocrx_word' id='word_1_264' title='bbox 252 4511 330 4586; x_wconf 90' lang='lat' dir='ltr'>veri</span> <span class='ocrx_word' id='word_1_265' title='bbox 366 4511 567 4586; x_wconf 89' lang='lat' dir='ltr'>familiares</span> <span class='ocrx_word' id='word_1_266' title='bbox 605 4535 649 4584; x_wconf 90' lang='lat' dir='ltr'>ac</span> <span class='ocrx_word' id='word_1_267' title='bbox 686 4510 884 4584; x_wconf 90' lang='lat' dir='ltr'>domestici</span> <span class='ocrx_word' id='word_1_268' title='bbox 919 4512 1085 4586; x_wconf 88' lang='lat' dir='ltr'>continui</span> <span class='ocrx_word' id='word_1_269' title='bbox 1120 4509 1403 4590; x_wconf 86' lang='lat' dir='ltr'>commensales.</span> <span class='ocrx_word' id='word_1_270' title='bbox 1443 4510 1530 4583; x_wconf 92' lang='lat' dir='ltr'>licet</span> <span class='ocrx_word' id='word_1_271' title='bbox 1560 4535 1608 4582; x_wconf 90' lang='lat' dir='ltr'>ex</span> 
     </span>
     <span class='ocr_line' id='line_1_35' title="bbox 104 4635 1609 4732; baseline -0.003 -20"><span class='ocrx_word' id='word_1_272' title='bbox 104 4637 218 4712; x_wconf 90' lang='lat' dir='ltr'>certis</span> <span class='ocrx_word' id='word_1_273' title='bbox 247 4637 370 4711; x_wconf 88' lang='lat' dir='ltr'>causis</span> <span class='ocrx_word' id='word_1_274' title='bbox 397 4635 447 4710; x_wconf 89' lang='lat' dir='ltr'>ad</span> <span class='ocrx_word' id='word_1_275' title='bbox 474 4661 631 4731; x_wconf 89' lang='lat' dir='ltr'>presens</span> <span class='ocrx_word' id='word_1_276' title='bbox 660 4635 694 4708; x_wconf 92' lang='lat' dir='ltr'>in</span> <span class='ocrx_word' id='word_1_277' title='bbox 723 4652 855 4710; x_wconf 91' lang='lat' dir='ltr'>nostro</span> <span class='ocrx_word' id='word_1_278' title='bbox 897 4653 936 4710; x_wconf 90' lang='lat' dir='ltr'>et</span> <span class='ocrx_word' id='word_1_279' title='bbox 972 4635 1180 4731; x_wconf 90' lang='lat' dir='ltr'>apostolico</span> <span class='ocrx_word' id='word_1_280' title='bbox 1216 4636 1355 4732; x_wconf 87' lang='lat' dir='ltr'>palatio</span> <span class='ocrx_word' id='word_1_281' title='bbox 1383 4658 1458 4709; x_wconf 91' lang='lat' dir='ltr'>non</span> <span class='ocrx_word' id='word_1_282' title='bbox 1484 4657 1609 4708; x_wconf 89' lang='lat' dir='ltr'>come·</span> 
     </span>
     <span class='ocr_line' id='line_1_36' title="bbox 105 4759 1607 4856; baseline -0.003 -21"><span class='ocrx_word' id='word_1_283' title='bbox 105 4763 208 4848; x_wconf 87' lang='lat' dir='ltr'>dant,</span> <span class='ocrx_word' id='word_1_284' title='bbox 250 4763 383 4834; x_wconf 90' lang='lat' dir='ltr'>merito</span> <span class='ocrx_word' id='word_1_285' title='bbox 420 4759 564 4834; x_wconf 90' lang='lat' dir='ltr'>censeri</span> <span class='ocrx_word' id='word_1_286' title='bbox 600 4760 740 4835; x_wconf 88' lang='lat' dir='ltr'>debent</span> <span class='ocrx_word' id='word_1_287' title='bbox 768 4774 807 4834; x_wconf 90' lang='lat' dir='ltr'>et</span> <span class='ocrx_word' id='word_1_288' title='bbox 834 4762 911 4833; x_wconf 86' lang='lat' dir='ltr'>veri</span> <span class='ocrx_word' id='word_1_289' title='bbox 939 4760 1115 4846; x_wconf 89' lang='lat' dir='ltr'>existunt,</span> <span class='ocrx_word' id='word_1_290' title='bbox 1137 4784 1185 4834; x_wconf 90' lang='lat' dir='ltr'>eo</span> <span class='ocrx_word' id='word_1_291' title='bbox 1212 4761 1334 4856; x_wconf 85' lang='lat' dir='ltr'>magis</span> <span class='ocrx_word' id='word_1_292' title='bbox 1362 4783 1432 4854; x_wconf 92' lang='lat' dir='ltr'>pro</span> <span class='ocrx_word' id='word_1_293' title='bbox 1460 4783 1607 4832; x_wconf 88' lang='lat' dir='ltr'>conser-</span> 
     </span>
     <span class='ocr_line' id='line_1_37' title="bbox 106 4885 1607 4982; baseline -0.001 -24"><span class='ocrx_word' id='word_1_294' title='bbox 106 4887 240 4960; x_wconf 90' lang='lat' dir='ltr'>vandis</span> <span class='ocrx_word' id='word_1_295' title='bbox 268 4885 406 4960; x_wconf 90' lang='lat' dir='ltr'>iustitie</span> <span class='ocrx_word' id='word_1_296' title='bbox 434 4885 629 4982; x_wconf 88' lang='lat' dir='ltr'>gressibus</span> <span class='ocrx_word' id='word_1_297' title='bbox 657 4885 853 4960; x_wconf 86' lang='lat' dir='ltr'>elaborent</span> <span class='ocrx_word' id='word_1_298' title='bbox 879 4909 1002 4981; x_wconf 92' lang='lat' dir='ltr'>eoque</span> <span class='ocrx_word' id='word_1_299' title='bbox 1020 4885 1171 4959; x_wconf 90' lang='lat' dir='ltr'>liberius</span> <span class='ocrx_word' id='word_1_300' title='bbox 1189 4909 1324 4960; x_wconf 87' lang='lat' dir='ltr'>causas</span> <span class='ocrx_word' id='word_1_301' title='bbox 1356 4908 1452 4979; x_wconf 89' lang='lat' dir='ltr'>quas</span> <span class='ocrx_word' id='word_1_302' title='bbox 1481 4907 1607 4956; x_wconf 91' lang='lat' dir='ltr'>coram</span> 
     </span>
     <span class='ocr_line' id='line_1_38' title="bbox 105 5009 1606 5107; baseline -0.002 -23"><span class='ocrx_word' id='word_1_303' title='bbox 105 5013 197 5107; x_wconf 90' lang='lat' dir='ltr'>ipsis</span> <span class='ocrx_word' id='word_1_304' title='bbox 234 5011 333 5084; x_wconf 87' lang='lat' dir='ltr'>inter</span> <span class='ocrx_word' id='word_1_305' title='bbox 369 5011 538 5084; x_wconf 90' lang='lat' dir='ltr'>diversas</span> <span class='ocrx_word' id='word_1_306' title='bbox 576 5025 702 5105; x_wconf 90' lang='lat' dir='ltr'>partes</span> <span class='ocrx_word' id='word_1_307' title='bbox 744 5009 913 5084; x_wconf 89' lang='lat' dir='ltr'>ventilari</span> <span class='ocrx_word' id='word_1_308' title='bbox 951 5010 1151 5107; x_wconf 91' lang='lat' dir='ltr'>contigerit</span> <span class='ocrx_word' id='word_1_309' title='bbox 1186 5009 1436 5084; x_wconf 88' lang='lat' dir='ltr'>decisionibus</span> <span class='ocrx_word' id='word_1_310' title='bbox 1472 5033 1606 5082; x_wconf 90' lang='lat' dir='ltr'>vacare</span> 
     </span>
     <span class='ocr_line' id='line_1_39' title="bbox 106 5133 1608 5230; baseline -0.003 -22"><span class='ocrx_word' id='word_1_311' title='bbox 106 5135 255 5230; x_wconf 88' lang='lat' dir='ltr'>possint</span> <span class='ocrx_word' id='word_1_312' title='bbox 282 5149 322 5208; x_wconf 89' lang='lat' dir='ltr'>et</span> <span class='ocrx_word' id='word_1_313' title='bbox 349 5149 493 5218; x_wconf 87' lang='lat' dir='ltr'>vacent,</span> <span class='ocrx_word' id='word_1_314' title='bbox 523 5157 600 5229; x_wconf 93' lang='lat' dir='ltr'>quo</span> <span class='ocrx_word' id='word_1_315' title='bbox 636 5134 870 5209; x_wconf 90' lang='lat' dir='ltr'>uberioribus</span> <span class='ocrx_word' id='word_1_316' title='bbox 911 5133 1100 5208; x_wconf 90' lang='lat' dir='ltr'>favoribus</span> <span class='ocrx_word' id='word_1_317' title='bbox 1137 5150 1176 5208; x_wconf 92' lang='lat' dir='ltr'>et</span> <span class='ocrx_word' id='word_1_318' title='bbox 1206 5133 1338 5230; x_wconf 90' lang='lat' dir='ltr'>gratiis</span> <span class='ocrx_word' id='word_1_319' title='bbox 1371 5158 1439 5230; x_wconf 90' lang='lat' dir='ltr'>per</span> <span class='ocrx_word' id='word_1_320' title='bbox 1470 5156 1541 5206; x_wconf 88' lang='lat' dir='ltr'>nos</span> <span class='ocrx_word' id='word_1_321' title='bbox 1569 5149 1608 5206; x_wconf 91' lang='lat' dir='ltr'>et</span> 
     </span>
     <span class='ocr_line' id='line_1_40' title="bbox 104 5257 1604 5355; baseline -0.001 -23"><span class='ocrx_word' id='word_1_322' title='bbox 104 5259 244 5336; x_wconf 89' lang='lat' dir='ltr'>dictam</span> <span class='ocrx_word' id='word_1_323' title='bbox 279 5257 411 5332; x_wconf 88' lang='lat' dir='ltr'>sedem</span> <span class='ocrx_word' id='word_1_324' title='bbox 448 5282 579 5332; x_wconf 91' lang='lat' dir='ltr'>eorum</span> <span class='ocrx_word' id='word_1_325' title='bbox 616 5283 800 5354; x_wconf 89' lang='lat' dir='ltr'>personas</span> <span class='ocrx_word' id='word_1_326' title='bbox 838 5260 1017 5355; x_wconf 88' lang='lat' dir='ltr'>prosequi</span> <span class='ocrx_word' id='word_1_327' title='bbox 1058 5257 1322 5355; x_wconf 90' lang='lat' dir='ltr'>conspexerint</span> <span class='ocrx_word' id='word_1_328' title='bbox 1355 5274 1394 5332; x_wconf 90' lang='lat' dir='ltr'>et</span> <span class='ocrx_word' id='word_1_329' title='bbox 1426 5283 1449 5332; x_wconf 91' lang='lat' dir='ltr'>a</span> <span class='ocrx_word' id='word_1_330' title='bbox 1476 5257 1604 5342; x_wconf 92' lang='lat' dir='ltr'>fitium,</span> 
     </span>
     <span class='ocr_line' id='line_1_41' title="bbox 103 5381 1607 5482; baseline -0.004 -22"><span class='ocrx_word' id='word_1_331' title='bbox 103 5387 242 5482; x_wconf 91' lang='lat' dir='ltr'>quibus</span> <span class='ocrx_word' id='word_1_332' title='bbox 270 5382 364 5457; x_wconf 88' lang='lat' dir='ltr'>alias</span> <span class='ocrx_word' id='word_1_333' title='bbox 391 5381 636 5458; x_wconf 89' lang='lat' dir='ltr'>verisimiliter</span> <span class='ocrx_word' id='word_1_334' title='bbox 663 5383 950 5479; x_wconf 89' lang='lat' dir='ltr'>implicarentur,</span> <span class='ocrx_word' id='word_1_335' title='bbox 977 5382 1195 5479; x_wconf 89' lang='lat' dir='ltr'>strepitibus</span> <span class='ocrx_word' id='word_1_336' title='bbox 1232 5383 1351 5476; x_wconf 90' lang='lat' dir='ltr'>erepti</span> <span class='ocrx_word' id='word_1_337' title='bbox 1388 5382 1533 5463; x_wconf 90' lang='lat' dir='ltr'>fuerint,</span> <span class='ocrx_word' id='word_1_338' title='bbox 1563 5407 1607 5456; x_wconf 89' lang='lat' dir='ltr'>ac</span> 
     </span>
    </p>
   </div>
   <div class='ocr_carea' id='block_1_3' title="bbox 0 0 1858 5918">
    <p class='ocr_par' dir='ltr' id='par_1_5' title="bbox 0 0 1858 5918">
     <span class='ocr_line' id='line_1_42' title="bbox 0 0 1858 5918; baseline 0 0"><span class='ocrx_word' id='word_1_339' title='bbox 0 0 1858 5918; x_wconf 95' lang='lat' dir='ltr'> </span> 
     </span>
    </p>
   </div>
  </div>
 </body>
</html>
