3720 5916
256 309 311 367 364
880 307 1017 367 Saeculo
1035 306 1140 366 XVII

254 499 449 585 attentari;
487 524 554 572 nec
597 523 683 582 non,
720 499 873 572 easdem
915 515 1136 595 praesentes
1172 499 1317 572 litteras
1354 495 1616 596 intelligendas
1652 523 1756 584 esse,

254 638 366 720 prout
393 623 527 710 iacent,
557 622 804 709 decernimus,
833 639 873 698 et
908 642 948 697 ut
985 623 1155 698 incursus
1193 647 1434 697 censurarum
1474 637 1514 698 et
1545 646 1758 720 poenarum

253 749 504 844 praelatarum
523 747 650 843 aliquo
670 747 783 822 modo
803 772 878 822 non
897 765 1108 835 excusetur,
1130 771 1177 820 ne
1196 748 1353 822 eaedem
1372 747 1519 822 litterae
1538 771 1608 843 per
1625 773 1758 843 quern·

254 898 377 969 quam,
396 875 463 946 nisi
480 898 547 970 per
567 873 843 970 Nosmetipsos,
865 891 904 948 et
920 875 1112 948 Romanos
1133 873 1330 948 Pontifices
1345 897 1587 948 successores
1602 891 1762 948 nostros

254 999 501 1084 declarentur,
522 1023 588 1071 seu
608 998 911 1094 interpretentur,
942 999 1013 1072 sub
1031 997 1172 1072 eisdem
1192 973 1358 1072 censuris
1379 1013 1418 1070 et
1439 998 1583 1095 poenis,
1604 1023 1651 1070 eo
1670 998 1761 1094 ipso

253 1122 497 1208 incurrendis,
528 1122 782 1220 probibemus.
871 1201 879 1213 ⁸

336 1247 423 1321 Non
440 1247 679 1322 obstantibus
706 1247 934 1344 apostolicis,
959 1249 1057 1320 acin
1078 1245 1349 1322 universalibus
1377 1246 1760 1344 provincialibusque,

254 1389 292 1446 et
320 1371 563 1469 synodalibus
592 1371 778 1456 Conciliis‚
794 1373 904 1446 editis
932 1370 1184 1470 generalibus,
1215 1372 1275 1445 vel
1303 1370 1537 1468 specialibus,
1560 1369 1765 1447 Constitu-

255 1499 418 1572 tionibus
443 1513 485 1571 et
512 1496 818 1583 ordinationibus,
841 1519 908 1572 nec
937 1495 1011 1570 norl
1038 1497 1126 1570 dicti
1153 1495 1364 1571 Tribunalis
1391 1497 1504 1572 etiam
1533 1497 1761 1584 iuramento,

254 1622 534 1697 confirmatione
561 1621 781 1718 apostolica,
812 1623 871 1696 vel
898 1622 970 1696 alia
998 1624 1130 1719 quavis
1159 1621 1335 1696 firmitate
1363 1622 1560 1709 roboratis,
1589 1624 1761 1708 statutis,

253 1765 292 1822 et
318 1747 661 1835 consuetudinibus,
693 1746 896 1846 privilegiis
923 1771 1088 1844 quoque,
1119 1745 1271 1822 indultis
1299 1763 1338 1821 et
1365 1746 1497 1822 litteris
1523 1746 1759 1843 apostolicis,

254 1873 375 1947 eidem
404 1871 610 1956 Tribunali‚
640 1889 680 1946 et
707 1871 963 1954 Auditoribus,
994 1887 1034 1946 et
1060 1870 1140 1946 aliis
1177 1871 1365 1968 praelatis,
1403 1872 1640 1969 coeterisque
1677 1873 1762 1968 qui·

253 1997 415 2072 buslibet
443 1999 478 2070 in
507 1997 732 2070 contrarium
761 1997 1054 2092 praemissorum
1082 1996 1368 2093 quomodolibet
1395 1997 1594 2082 concessis,
1620 1997 1761 2070 confir-

255 2123 374 2206 matis,
392 2138 431 2195 et
444 2121 638 2196 innovatis.
655 2122 804 2214 Quibus
817 2126 991 2196 omnibus
1004 2138 1044 2196 et
1058 2121 1226 2220 singulis,
1238 2119 1382 2195 illorum
1397 2120 1562 2195 omnium
1576 2137 1617 2194 et
1630 2122 1763 2220 singu-

255 2244 375 2318 lorum
391 2261 543 2318 tenores
558 2244 821 2340 praesentibus
835 2269 905 2340 pro
919 2244 1030 2340 plene
1044 2260 1084 2318 et
1103 2243 1329 2317 sufficienter
1346 2243 1537 2341 expressis
1556 2241 1760 2330 habentes,

254 2369 323 2442 illis
350 2369 443 2444 alias
470 2368 505 2441 in
536 2394 606 2442 suo
634 2369 770 2442 robore
797 2370 1063 2464 permansuris,
1084 2370 1134 2442 ad
1162 2367 1335 2442 eflectum
1353 2368 1646 2464 praemissorum
1674 2393 1764 2465 spe·

255 2493 394 2567 cialiter
421 2509 461 2567 et
487 2517 669 2588 expresse
691 2493 938 2590 derogamus;
967 2493 1205 2588 coeterisque
1224 2492 1418 2566 contrariis
1445 2495 1761 2589 quibuscumque.

336 2617 477 2691 Datum
507 2619 663 2704 Romae,
685 2618 788 2714 apud
812 2617 991 2692 Sanctum
1013 2619 1174 2704 Petrum,
1197 2619 1268 2692 sub
1286 2615 1439 2691 Annulo
1460 2617 1670 2705 Piscatoris,
1697 2618 1765 2692 die

255 2767 320 2816 xrx
348 2743 563 2818 novembris
591 2765 763 2818 nocxurn
793 2742 1033 2818 Pontificatus
1062 2743 1180 2817 nostri
1207 2765 1306 2817 anno
1334 2742 1518 2841 vigesimo
1545 2743 1677 2840 primo.

1331 2893 1383 2968 M.
1414 2893 1461 2969 A.
1493 2893 1697 2969 Maraldus.

960 3107 1049 3187 226.

564 3247 663 3318 Rata
691 3241 773 3315 iure
793 3243 1004 3340 patrebatur
1031 3243 1170 3316 dandi:
1198 3243 1450 3339 Perquiratur.

334 3381 451 3452 (Anca.
470 3379 558 3452 Rom,
583 3377 804 3438 ‹Extractum
822 3378 944 3438 Drarir'
962 3379 1139 3440 otthoboni
1148 3383 1184 3452 ι).

337 3571 397 3642 5²·
419 3549 460 3620 ln
475 3549 577 3621 Rota
596 3546 869 3620 Memorialium
890 3549 1082 3621 Mercurii
1097 3549 1142 3622 16
1164 3549 1553 3644 Decembrassr1643ln
1575 3573 1651 3622 una
1678 3549 1760 3622 Tu-

255 3673 401 3748 dertina
415 3673 573 3746 Tutelae
589 3695 715 3746 coram
736 3673 780 3747 R.
804 3671 842 3747 P.
862 3671 910 3750 D.
932 3699 1017 3746 meo
1038 3673 1225 3769 Verospio
1245 3673 1312 3746 suit
1329 3671 1557 3747 dubitatum:
1579 3673 1642 3747 An
1657 3673 1758 3748 Rota

256 3799 412 3872 haberet
434 3797 650 3871 facultatem
678 3795 791 3870 dandi
820 3797 1075 3896 Perquiralur
1098 3815 1228 3873 contra
1253 3799 1410 3871 Puerum
1440 3798 1505 3894 qui
1533 3825 1554 3872 e
1584 3798 1758 3896 Collegio

258 3922 495 3996 Clementino
522 3923 731 4019 aufugerat,
762 3937 802 3995 et
829 3921 897 3995 luit
915 3922 1055 3996 dictum
1075 3923 1312 4020 Affirmalz'ue
1331 3945 1401 4018 per
1420 3938 1510 3999 text.
1532 3922 1567 3995 in
1587 3921 1630 3996 L.
1658 3948 1687 4011 1,
1710 3922 1757 3996 C.

256 4046 304 4119 de
324 4071 419 4120 serv.
437 4045 542 4144 fugit.
563 4061 603 4118 et
621 4043 808 4119 adductae
827 4047 976 4122 fuerunt
997 4047 1121 4122 Decis.
1146 4069 1215 4140 157
1237 4063 1276 4120 et
1301 4069 1384 4140 193,
1407 4062 1502 4143 part.
1531 4053 1576 4120 16
1596 4047 1755 4122 Recent.

963 4291 1053 4370 227.

262 4427 384 4517 Quum
411 4435 589 4524 ageretur
607 4427 650 4498 de
668 4426 910 4526 appellatione
927 4453 951 4498 a
978 4428 1163 4513 senlenle'a,
1184 4427 1261 4499 lala
1281 4427 1321 4500 ire
1340 4453 1450 4499 causa
1468 4427 1656 4500 commissa
1675 4453 1756 4500 cum

339 4550 528 4623 clausula:
572 4551 748 4624 ‹Parila
783 4551 917 4624 litteris
948 4551 1152 4648 apostolicus
1176 4579 1211 4638 u,
1245 4551 1408 4624 Dubium
1444 4551 1758 4626 subscrrlebalur:

347 4675 444 4748 ‹An
471 4677 645 4749 sententia
766 4677 816 4749 sil
849 4675 1107 4764 confirmanda
1134 4675 1193 4749 vel
1225 4675 1525 4770 infirmanda?›
1561 4685 1597 4749 et
1626 4703 1755 4774 quare.

338 4813 452 4883 (Atreu.
471 4811 559 4887 Rou,
583 4811 806 4872 ‹Extractum
824 4811 944 4871 Diarr'i
962 4812 1182 4886 Onhabonr'»).

690 4977 762 5053 Die
791 4977 921 5052 Lunae
955 5003 993 5052 tt
1029 4977 1187 5052 Ianuarii
1222 4985 1332 5071 1644.

342 5235 404 5322 63.
426 5228 572 5302 Eadem
590 5229 651 5302 die
671 5229 707 5301 in
727 5227 855 5302 Causa
879 5228 1106 5304 Melevitana
1136 5227 1328 5304 Pensionis
1356 5253 1481 5304 coram
1506 5227 1571 5302 Me
1591 5227 1761 5302 consului

260 5352 513 5452 DDlominos]
541 5353 638 5426 circa
658 5353 772 5426 Dubii
792 5354 1115 5450 subscriptionem.
1137 5353 1277 5429 Fuerat
1294 5353 1469 5450 imposita
1492 5353 1627 5450 pensio
1647 5379 1762 5451 super
