3718 5918
754 295 921 355 Clemente
939 293 994 356 XI
1053 255 1056 264 Ι
1564 287 1620 349 473

117 506 159 565 ut
186 491 267 588 ipsi,
299 491 412 564 etiam
432 489 596 564 dimissis
617 489 843 564 Auditorum
863 486 1075 563 huiusmodi
1093 485 1235 574 officiis,
1256 485 1458 583 pensiones
1476 507 1620 558 annuas

116 613 339 711 Apostolica
374 613 452 689 Sibi
486 615 710 692 auctoritate
751 637 867 712 super
900 611 1094 710 quibusvis
1127 610 1308 684 fructibus
1349 607 1620 683 Ecclesiastieis

116 753 341 824 reservatas,
371 754 411 814 et
447 763 517 835 pro
545 755 717 836 tempore
745 739 1005 823 reservandas,
1036 761 1160 833 usque
1185 735 1236 809 ad
1265 758 1449 808 summam
1483 735 1618 807 ducen-

118 879 241 939 torum
269 865 491 939 ducatorum
517 863 599 938 auri
627 863 675 937 de
703 861 866 938 Camera
893 863 1101 948 dumtaxat,
1130 861 1179 933 ad
1207 861 1372 935 savorem
1402 859 1522 946 unius,
1551 882 1618 932 seu

116 989 277 1085 plurium
305 1012 553 1085 personarum
582 987 940 1072 Ecclesiasticarum,
971 1011 1038 1060 seu
1068 985 1310 1071 Clericorum,
1340 1009 1384 1058 ac
1411 983 1504 1058 alias
1532 1008 1620 1080 pen·
1698 1072 1699 1076 Ἴ

119 1113 266 1188 sionum
293 1112 507 1187 huiusmodi
534 1113 738 1210 capacium,
769 1113 882 1186 etiam
910 1111 947 1185 in
976 1111 1108 1186 mortis
1133 1108 1290 1185 articulo
1313 1134 1439 1184 coram
1460 1108 1619 1184 Notario

118 1251 157 1310 et
185 1238 357 1323 testibus,
386 1262 431 1311 ac
459 1263 543 1312 eum
571 1237 725 1313 alicuius
753 1235 923 1323 Praelati,
954 1261 1022 1312 seu
1050 1259 1238 1332 personae
1279 1235 1316 1308 in
1357 1233 1620 1309 Ecclesiastica

118 1360 303 1460 dignitate
344 1360 572 1436 constitutae
613 1362 836 1447 interventu,
880 1362 1081 1436 transferre
1124 1356 1292 1464 (servata
1333 1373 1459 1434 tamen
1501 1359 1620 1434 sorrna

119 1484 409 1562 Constitutionis
437 1487 497 1563 tel.
528 1511 645 1563 recor.
676 1485 879 1561 iunocentii
908 1486 1032 1582 Papae
1061 1482 1127 1570 XI,
1158 1484 1465 1559 Praedecessoris
1489 1486 1618 1573 nostri,

118 1619 233 1707 sup'er
259 1612 504 1688 translatione
532 1612 753 1710 pensionum
773 1611 910 1708 editae)
928 1611 1043 1685 libere
1063 1626 1101 1686 et
1120 1608 1217 1685 licite
1235 1609 1383 1708 possint
1400 1625 1440 1684 et
1458 1608 1617 1698 valeant,

117 1751 250 1812 tenore
277 1738 533 1836 praesentium
561 1737 812 1823 concedimus,
842 1751 882 1810 et
908 1735 1157 1833 indulgemus.

200 1861 471 1948 Decerneutes,
500 1862 654 1938 easdem
682 1877 904 1960 praesentes
931 1861 1069 1948 literas,
1100 1862 1203 1936 etin
1231 1861 1285 1936 eis
1313 1876 1490 1935 contenta
1508 1886 1620 1958 quae·

117 2011 291 2083 cumque,
323 1985 424 2062 nullo
452 2011 619 2084 unquam
646 2003 831 2084 tempore,
860 1986 909 2060 de
935 1985 1189 2081 subreptionis
1216 1983 1276 2059 vel
1304 1986 1536 2082 obreptionis
1555 2001 1621 2062 aut

116 2109 296 2186 nullitatis
324 2111 425 2200 vitio,
456 2137 524 2187 seu
553 2112 768 2186 intentionis
797 2127 958 2196 nostrae,
989 2127 1056 2186 aut
1083 2111 1267 2185 interesse
1295 2109 1511 2185 habentium
1535 2135 1617 2186 con-

117 2261 263 2324 sensus,
285 2237 405 2312 aliove
424 2236 595 2335 quolibet
612 2237 725 2312 etiam
742 2235 984 2334 quantumvis
1003 2259 1143 2333 magno
1161 2251 1200 2310 et
1219 2234 1453 2310 substantiali
1472 2236 1618 2312 delectu

116 2361 249 2448 notari,
280 2361 503 2461 impugnari,
531 2361 738 2448 retractari,
768 2359 927 2458 infringi,
957 2385 1026 2435 seu
1053 2360 1103 2436 ad
1135 2360 1315 2436 terminos
1351 2361 1441 2434 iuris
1477 2362 1616 2451 reduci,

116 2501 183 2561 aut
214 2486 250 2560 in
283 2485 579 2563 controversiam
617 2486 792 2573 revocari,
832 2511 900 2560 seu
938 2486 1122 2561 adversus
1159 2484 1239 2560 illas
1275 2486 1493 2583 aperitionis
1530 2489 1617 2577 oris,

117 2611 364 2686 restitutionis
391 2610 426 2684 in
456 2613 644 2710 integrum
671 2611 849 2709 aliudque
876 2610 1142 2708 quodcumque
1162 2611 1261 2696 iuris,
1283 2611 1370 2686 [acti
1394 2610 1455 2686 vel
1472 2615 1619 2712 gratiae

116 2736 323 2810 remedium
365 2736 566 2832 impetrari,
597 2735 657 2810 vel
698 2734 884 2820 intentari,
913 2750 980 2811 aut
1020 2736 1222 2832 impetrato
1249 2760 1316 2811 seu
1359 2735 1472 2810 etiam
1500 2757 1618 2828 motu,

117 2860 284 2947 scientia,
301 2877 341 2934 et
354 2861 555 2956 potestatis
572 2858 803 2958 plenitudine
822 2862 976 2958 paribus
995 2855 1178 2936 concesso
1195 2859 1255 2934 vel
1275 2877 1461 2950 emanata
1488 2889 1619 2961 quern-

116 2987 217 3083 piam
245 2986 282 3060 in
309 2985 454 3071 iudicio,
484 2983 544 3060 vel
572 3001 680 3060 extra
708 2984 808 3072 illud,
839 2985 903 3072 uti,
925 3011 993 3060 seu
1018 3009 1060 3060 se
1078 2984 1207 3061 iuvare
1226 3010 1351 3081 posse,
1375 3011 1497 3084 neque
1517 2988 1620 3086 ipsas

115 3126 338 3207 praesentes
365 3110 493 3185 literas
521 3113 593 3186 sub
620 3111 813 3209 quibusvis
842 3110 1013 3185 similium
1057 3109 1116 3184 vel
1148 3108 1380 3185 dissimilium
1412 3113 1619 3212 gratiarum

115 3234 428 3320 revocationibus,
459 3236 781 3332 suspensionibus,
813 3235 1103 3321 limitationibus,
1134 3235 1263 3310 aliisve
1282 3236 1477 3310 contrariis
1496 3239 1620 3336 dispo·

117 3358 324 3446 sitionibus,
347 3360 460 3434 etiarn
480 3383 548 3456 per
564 3359 658 3446 Nos,
678 3359 738 3434 vel
758 3359 952 3434 Romanos
967 3357 1165 3432 Pontifices
1187 3358 1436 3434 Successores
1455 3379 1617 3449 nostros,

115 3497 157 3558 et
185 3482 324 3557 Sedem
352 3483 594 3581 praedictam,
616 3483 653 3556 in
671 3507 813 3582 genere
832 3483 948 3580 velin
967 3483 1106 3579 specie,
1126 3498 1193 3558 aut
1210 3483 1302 3557 alias
1322 3465 1616 3580 quomodolibet,

115 3625 155 3684 et
184 3609 500 3706 quandocumque
528 3608 717 3692 faciendis,
748 3607 1026 3705 comprehendi,
1057 3607 1117 3682 vel
1144 3608 1435 3704 comprehensas
1455 3611 1618 3700 censeri;

117 3733 188 3808 sed
216 3757 367 3829 semper
393 3734 443 3808 ab
471 3732 541 3808 illis
577 3749 767 3831 exceptas,
796 3749 836 3807 et
872 3734 1021 3831 quoties
1053 3730 1138 3806 illae
1174 3734 1413 3820 emanabunt
1443 3733 1556 3810 toties
1583 3737 1619 3810 in

115 3857 325 3956 pristinum,
355 3874 394 3931 et
421 3857 688 3932 validissimum
730 3874 871 3932 statum
913 3858 1116 3942 restitutas,
1147 3857 1345 3954 repositas,
1375 3873 1415 3932 et
1455 3859 1620 3955 plenarie

117 3981 379 4080 reintegratus,
408 4006 454 4056 ac
479 3981 593 4056 etiam
621 3983 670 4056 de
699 4006 808 4066 novo,
840 3982 911 4055 sub
938 3966 1177 4077 quacumque
1206 3982 1405 4078 posteriori
1436 3983 1525 4058 data
1552 4011 1620 4081 per

116 4132 196 4193 eos,
227 4108 276 4180 ad
304 4131 402 4204 quos
442 4130 512 4203 pro
540 4121 712 4204 tempore
754 4106 950 4204 spectabit,
994 4105 1170 4204 eligenda
1211 4131 1411 4182 concessas
1452 4108 1619 4208 intelligi,

116 4230 332 4328 firmasque,
370 4231 514 4306 validas
547 4248 587 4305 et
628 4231 799 4306 efficaces
839 4232 1010 4318 existere,
1042 4247 1080 4304 et
1122 4230 1220 4318 iore}
1248 4257 1293 4306 ac
1321 4232 1401 4316 illis,
1431 4232 1481 4308 ad
1521 4258 1620 4332 quos

116 4370 267 4454 spectat
293 4373 333 4431 et
360 4381 430 4454 pro
458 4370 631 4452 tempore
659 4356 974 4453 quandocumque
1003 4356 1199 4452 spectabit,
1230 4357 1266 4430 in
1285 4356 1469 4445 omnibus,
1492 4376 1530 4433 et
1553 4383 1621 4457 per

116 4479 243 4556 omnia
271 4479 486 4576 plenissime
516 4479 733 4579 suffragari:
763 4481 891 4578 sicque
918 4496 959 4554 et
991 4505 1066 4555 non
1094 4478 1203 4554 aliter
1238 4483 1274 4554 in
1309 4482 1524 4579 praemissis
1552 4508 1621 4580 per

114 4629 378 4704 quoscumque
406 4605 548 4678 iudices
575 4604 795 4693 ordinarios,
827 4621 866 4680 et
893 4604 1106 4702 delegatos,
1127 4605 1240 4680 etiarn
1260 4605 1470 4682 Causarum
1492 4607 1622 4682 Palatii

115 4730 330 4806 huiusmodi
358 4731 577 4816 Auditores,
607 4755 651 4804 ac
680 4731 718 4806 S.
749 4731 794 4806 R.
826 4730 869 4808 E.
901 4729 1135 4818 Cardinales,
1164 4729 1279 4804 etiam
1307 4732 1356 4806 de
1383 4731 1519 4807 Latere
1548 4733 1621 4806 Le-

116 4871 241 4956 gatos,
271 4854 441 4952 aliosque
469 4855 661 4952 quoslibet
683 4879 923 4952 quacumque
941 4855 1246 4950 praeeminentia,
1268 4871 1309 4930 et
1327 4872 1518 4952 potestate
1538 4857 1622 4930 fun·

114 4997 263 5080 gentes,
294 4996 333 5054 et
361 4980 566 5084 iuncturos,
596 4979 743 5055 sublata
771 4981 825 5054 eis
853 4997 892 5054 et
911 5005 1044 5054 eorum
1064 4979 1225 5066 cuilibet,
1246 4982 1380 5079 quavis
1401 4980 1509 5057 aliter
1527 4981 1621 5057 iudi·

114 5104 235 5192 candi,
248 5120 287 5180 et
300 5104 572 5202 interpretandi
586 5103 762 5181 facultate
776 5119 816 5180 et
829 5105 1063 5190 auctoritate,
1082 5105 1233 5180 iudicari
1248 5121 1288 5180 et
1301 5106 1445 5180 definiri
1459 5107 1618 5198 debere;

115 5256 159 5305 ac
187 5229 342 5316 irritum,
372 5245 412 5304 et
438 5229 559 5318 inane,
590 5229 622 5304 si
650 5255 759 5304 secus
788 5255 903 5326 super
930 5229 988 5304 his
1015 5255 1038 5304 a
1064 5255 1270 5328 quoquam,
1299 5230 1434 5328 quavis
1458 5233 1620 5308 auctori·

116 5372 207 5442 tate,
236 5355 397 5428 scienter
424 5355 484 5429 vel
512 5356 742 5453 ignoranter,
771 5355 971 5454 contigerit
998 5357 1187 5431 attentari.
