3720 5916
722 343 888 403 Clemente
907 343 939 402 X
1527 343 1583 404 419

83 536 202 610 officia
230 536 492 612 concernentia
519 535 628 610 dictis
656 551 820 634 quatuor
848 535 1024 623 Notariis,
1056 551 1098 608 nt
1125 537 1346 632 praefertur,
1384 540 1585 614 nominatis

81 662 292 759 respective
320 662 544 759 consignare
571 660 746 745 debeant,
777 661 1006 758 precipimus
1031 677 1071 734 et
1098 664 1331 738 mandamus.

163 785 369 861 Coeterum
397 811 468 883 pro
495 787 679 862 dictorum
708 801 873 884 quatuor
901 785 1143 860 Notariorum
1163 787 1327 883 dictique
1346 787 1491 862 illorum
1509 789 1586 864 col-

81 911 180 1011 legii,
211 913 363 987 honoris
390 929 430 986 et
457 911 651 1010 dignitatis
679 911 946 1010 praerogativa
973 914 1241 999 conservanda,
1265 928 1307 986 ut
1324 912 1395 1011 ipsi
1414 915 1586 990 omnibus

81 1054 119 1110 et
147 1037 305 1136 singulis
333 1035 545 1135 privilegiis,
576 1035 826 1120 facultatibus,
856 1035 1020 1124 indultis,
1058 1037 1342 1137 praerogativis,
1374 1039 1586 1114 concessio-

82 1163 202 1249 nibus,
241 1161 382 1262 gratiis,
421 1159 725 1258 praeeminentiis
766 1175 807 1234 et
846 1161 1147 1249 antelationibus,
1190 1161 1326 1259 quibus
1367 1163 1459 1238 alias
1496 1157 1612 1238 dicti¹

82 1287 337 1384 quadraginta
363 1303 450 1362 octo
480 1285 625 1361 Notarii
652 1301 740 1360 ante
768 1284 1077 1384 suppressionem
1112 1302 1152 1360 et
1189 1288 1446 1361 reductionem
1475 1313 1586 1387 prae-

81 1413 202 1487 dictas
230 1411 513 1509 quomodolibet
540 1411 752 1495 utebantur,
784 1408 1003 1486 fruebantur
1028 1427 1068 1486 et
1096 1412 1347 1508 potiebantur,
1368 1413 1450 1511 pari
1469 1417 1584 1489 modo

80 1553 120 1612 et
146 1539 293 1635 absque
321 1533 447 1631 aliqua
474 1559 631 1634 prorsus
658 1534 866 1610 differentia
894 1534 976 1620 srui,
1005 1535 1128 1631 potiri,
1158 1550 1197 1610 et
1229 1537 1398 1634 gaudere
1435 1539 1584 1636 possint

79 1677 120 1735 et
146 1661 307 1745 valeant,
338 1661 573 1758 supportatis
602 1676 729 1734 tamen
757 1661 935 1734 oneribus
963 1659 1175 1757 praedictis,
1207 1675 1311 1735 motu
1340 1665 1431 1758 pari,
1458 1689 1585 1739 conce-

80 1789 206 1862 dimus
243 1803 282 1861 et
310 1785 567 1885 indulgemus;
597 1801 820 1883 praesentes
851 1809 1018 1883 quoque,
1047 1800 1087 1859 et
1121 1784 1287 1884 desuper
1322 1787 1585 1878 conficiendas,

80 1911 228 1986 litteras
255 1911 368 1985 etiam
396 1933 519 1984 exeo
547 1909 650 2006 quod
679 1907 815 2008 singuli
842 1908 1021 1984 nominati
1049 1908 1230 2006 praedicti
1257 1911 1475 2006 praemissis
1511 1937 1585 1988 non

80 2035 353 2119 consenserint,
383 2059 453 2109 nec
480 2034 606 2109 forsan
634 2033 684 2107 ad
712 2059 758 2108 ea
786 2034 911 2110 omnia
939 2049 978 2107 et
1005 2034 1155 2131 singula
1172 2035 1296 2108 vocati
1314 2049 1353 2108 et
1371 2035 1488 2110 auditi
1508 2037 1588 2112 lue-

81 2165 167 2248 rint,
198 2159 300 2234 nullo
328 2184 495 2256 unquam
524 2174 694 2256 tempore
721 2159 770 2232 de
797 2159 1051 2257 subreptionis
1079 2157 1140 2234 vel
1166 2159 1399 2256 obreptionis
1426 2177 1492 2235 aut
1511 2162 1586 2238 nul·

79 2285 199 2361 litatis
225 2285 326 2374 vitio,
357 2309 425 2360 seu
453 2284 668 2360 intentionis
697 2299 861 2369 nostrae,
883 2283 942 2358 vel
960 2282 1033 2358 alio
1053 2283 1187 2380 quovis
1216 2286 1327 2359 etiam
1347 2289 1587 2380 quantumvis

80 2436 224 2510 magno
260 2427 301 2486 et
335 2411 591 2508 inexcogitato
636 2425 675 2484 et
711 2407 947 2486 substantiali
979 2409 1139 2498 delectu,
1177 2410 1290 2484 etiam
1323 2437 1372 2484 ex
1403 2437 1451 2486 eo
1484 2414 1587 2510 quod

80 2563 200 2636 super
227 2536 446 2634 praemissis
473 2536 732 2611 solemnitates
750 2551 790 2610 et
808 2537 965 2633 quaevis
983 2535 1055 2610 alia
1074 2535 1258 2609 servanda
1277 2552 1316 2609 et
1334 2536 1586 2635 adimplenda,

80 2679 236 2738 servata
263 2679 304 2738 et
328 2661 532 2759 adimpleta
560 2686 634 2737 non
662 2663 809 2750 luerint,
839 2677 905 2736 aut
931 2685 979 2735 ex
1005 2660 1080 2736 alio
1107 2661 1278 2760 quolibet
1304 2663 1437 2759 capite,
1462 2691 1485 2740 a
1508 2667 1587 2740 iure

81 2789 145 2864 vel
172 2789 272 2864 facto
300 2804 365 2863 aut
394 2802 538 2862 statuto
566 2785 625 2861 vel
654 2786 926 2863 consuetudine
959 2785 1083 2885 aliqua
1122 2785 1339 2876 resultante,
1369 2813 1436 2863 seu
1474 2791 1587 2866 etiarn

79 2915 261 3001 enormis,
289 2913 581 2998 enormissimae,
603 2927 643 2986 et
659 2911 788 2986 totalis
806 2911 992 3000 laesionis,
1015 2927 1081 2986 aut
1098 2934 1339 3009 quocumque
1357 2914 1430 2988 alio
1449 2914 1586 3004 colore,

78 3042 200 3114 etiam
225 3039 261 3112 in
290 3063 450 3135 corpore
476 3037 566 3112 iuris
598 3037 737 3124 clauso,
768 3061 836 3112 seu
874 3037 1071 3110 occasione
1108 3037 1167 3110 vel
1200 3061 1313 3112 causa
1347 3042 1588 3134 quantumvis

78 3167 196 3252 iusta,
225 3161 433 3238 rationabili
460 3161 772 3259 etprivilegiata,
802 3161 914 3236 etiam
942 3159 1018 3248 tali,
1047 3185 1147 3261 quae
1174 3162 1224 3235 ad
1251 3159 1423 3236 ellectum
1458 3164 1589 3240 validi·

79 3289 176 3364 tatis
218 3288 493 3385 praedictorum
527 3285 749 3384 specialiter,
787 3309 831 3360 ac
867 3284 1056 3359 individue
1088 3285 1334 3382 exprimenda
1375 3287 1482 3378 foret,
1521 3305 1589 3366 aut

78 3412 190 3513 quod
218 3413 266 3488 de
293 3411 487 3487 voluntate
514 3428 645 3514 nostra
673 3411 896 3498 huiusmodi,
922 3409 981 3485 vel
1000 3410 1082 3486 aliis
1100 3413 1274 3508 superius
1293 3417 1496 3512 expressis,
1519 3443 1587 3492 seu

77 3539 209 3625 illatis,
239 3536 326 3610 nihil
354 3535 458 3610 ullibi
491 3551 664 3634 apparet,
694 3559 761 3610 seu
798 3534 908 3610 aliter
942 3535 1094 3632 probari
1131 3553 1276 3634 posset,
1307 3540 1437 3628 notari,
1468 3542 1589 3640 impu·

76 3663 205 3765 gnari,
235 3660 438 3749 invalidari,
470 3661 673 3749 retractari,
703 3661 740 3733 in
767 3659 825 3734 ius
852 3660 913 3734 vel
941 3661 1236 3735 controversiam
1256 3664 1436 3751 revocari,
1455 3682 1522 3741 aut
1539 3668 1589 3741 ad

75 3789 267 3866 terminos
302 3786 392 3860 iuris
429 3787 567 3872 reduci,
600 3786 659 3860 vel
696 3785 881 3860 adversus
916 3784 1000 3859 illas
1032 3786 1279 3860 restitutionis
1312 3787 1350 3862 in
1385 3789 1586 3891 integrum,

71 3913 301 4012 aperitionis
335 3911 422 3998 oris,
458 3911 685 3985 reductionis
721 3911 772 3986 ad
807 3910 919 3996 viam,
957 3925 997 3983 et
1028 3911 1209 3984 terminos
1240 3910 1342 3999 iuris,
1381 3928 1448 3989 aut
1487 3914 1589 3991 aliud

74 4038 353 4138 quodcumque
381 4037 486 4121 Iuris,
518 4035 633 4122 Facti,
663 4037 820 4134 gratiae,
852 4060 918 4110 seu
947 4034 1122 4122 iustitiae,
1151 4035 1359 4110 remedium
1386 4038 1588 4136 impetrari,

72 4191 152 4241 seu
182 4163 297 4236 etiam
326 4177 430 4236 motu
458 4177 498 4235 et
525 4160 728 4256 potcstatis
756 4159 988 4257 plenitudine
1016 4158 1208 4248 similibus,
1238 4161 1404 4250 concedi,
1434 4181 1501 4240 aut
1537 4167 1590 4242 sic

72 4292 298 4386 impetrato,
330 4301 396 4361 aut
422 4308 616 4370 concesso,
647 4285 863 4381 quempiam
882 4283 946 4370 uti,
968 4307 1035 4359 seu
1055 4284 1173 4357 iuvari
1191 4284 1228 4357 in
1246 4285 1390 4372 iudicio,
1412 4305 1452 4362 et
1469 4307 1589 4380 extra,

72 4437 204 4513 posse
232 4435 356 4509 neque
384 4411 488 4507 ipsos
516 4427 738 4506 praesentes
767 4410 1053 4506 sub'quibu'svis
1072 4409 1256 4497 similium,
1278 4409 1338 4485 vel
1357 4413 1590 4490 dissimilium

70 4537 293 4638 gratiarum
323 4534 635 4620 revocationibus,
665 4533 987 4632 suspensionibus,
1009 4533 1302 4622 limitationibus,
1319 4551 1384 4610 aut
1402 4537 1482 4613 aliis
1502 4565 1594 4615 con·

70 4663 211 4741 trariis
239 4660 548 4756 dispositionibus
577 4684 646 4756 pro
682 4674 853 4755 tempore
889 4658 1175 4756 quomodolibet
1206 4659 1382 4736 faciendis
1419 4689 1593 4762 compre-

69 4785 212 4872 hendi,
243 4786 312 4860 sed
339 4809 491 4880 semper
516 4785 566 4859 ab
593 4783 664 4857 illis
692 4799 872 4880 exceptas
899 4797 1164 4880 perpetuoque
1191 4783 1335 4858 validas
1362 4801 1402 4859 et
1420 4787 1594 4865 efficaces

69 4913 262 4998 existere,
293 4925 333 4984 et
367 4909 458 4992 iore,
489 4934 657 5007 suosque
693 4907 883 5004 plenarios
920 4922 960 4982 et
996 4907 1165 5005 integros
1201 4907 1356 4985 effectus
1392 4915 1517 4988 sortiri
1553 4931 1594 4990 et

69 5037 270 5124 obtinere,
301 5035 442 5130 sicque,
463 5049 503 5107 et
520 5058 594 5108 non
609 5033 713 5121 alias,
734 5057 803 5129 per
822 5057 1069 5130 quoscunque
1088 5032 1243 5122 Iudices,
1264 5035 1376 5108 etiam
1396 5037 1592 5114 Romanae

68 5159 282 5241 Ecclesiae
310 5155 541 5244 Cardinales,
572 5158 721 5233 sublata
748 5175 819 5234 etc.
849 5157 1013 5246 iudicari,
1034 5173 1074 5232 et
1101 5157 1243 5232 definiri
1275 5158 1424 5250 debere,
1446 5187 1490 5238 ac
1512 5166 1595 5238 irri-

66 5309 167 5369 tum
196 5301 236 5359 et
263 5285 384 5372 inane,
414 5285 446 5358 si
483 5309 604 5370 secus,
636 5308 752 5380 super
791 5283 849 5358 his
884 5309 907 5358 a
940 5307 1142 5381 quoquam,
1183 5286 1316 5381 quavis
1353 5289 1589 5377 auctoritate,

64 5417 262 5517 scienter,
298 5409 358 5486 vel
400 5411 628 5509 ignoranter,
659 5410 861 5508 contigerit
901 5409 1091 5496 attentari,
1134 5423 1361 5507 perpetuum
1404 5413 1592 5488 silentium
