3720 5914
895 295 1031 356 soeculo
1049 296 1082 356 X
1090 295 1118 356 V

993 563 1011 600 a

956 619 1047 664 *tlt

254 759 372 832 Rotae
398 757 601 832 Auditores
630 784 656 831 o
692 757 800 831 Sixto
837 759 862 831 l
867 759 903 833 V
920 766 1052 858 petunt
1083 756 1222 842 audiri,
1252 764 1296 830 ut
1329 757 1434 830 t'llum
1469 757 1675 854 informent
1710 759 1752 832 de

331 881 532 955 Francrsco
559 881 697 955 Breor'o
722 881 763 955 in
790 881 1010 955 Auditorem
1036 881 1151 956 electo.

331 1037 449 1108 (Auen.
468 1035 556 1109 Ros,
580 1035 834 1097 «Admr‘sst'ones
845 1059 872 1110 ι,
887 1041 976 1113 part.
994 1036 1022 1111 I,
1041 1051 1073 1094 n.
1092 1037 1153 1108 16).

331 1235 553 1311 Beatissime
581 1251 699 1332 pater,
730 1252 819 1332 post
846 1236 985 1333 pedum
1013 1235 1168 1309 obscula
1201 1236 1398 1309 beatorum
1433 1234 1609 1310 humilem
1647 1259 1752 1309 com·

247 1360 538 1437 mendationem.
561 1360 744 1436 Volentes
762 1375 803 1436 et
821 1359 973 1436 omnino
992 1359 1241 1445 intendentes,
1259 1376 1373 1456 prout
1391 1374 1564 1434 tenemur
1580 1373 1621 1433 et
1638 1359 1752 1433 debe·

248 1511 342 1573 mus,
364 1485 551 1560 mandatis
580 1486 797 1560 Sanctitatis
827 1484 964 1560 Vestre
991 1508 1137 1583 parere,
1168 1507 1242 1581 que
1270 1483 1461 1558 mandavit
1488 1500 1530 1557 ut
1556 1485 1752 1558 dominum

179 1619 182 1624 ’
251 1611 491 1685 Franciscum
520 1611 707 1697 Brevium,
742 1625 930 1697 venetum,
956 1609 1202 1686 admittamus
1227 1610 1277 1685 ad
1303 1608 1551 1685 auditoriatus
1573 1608 1750 1697 officiunt,

249 1736 410 1810 servatis
437 1735 646 1811 servandis.
673 1734 749 1829 Qui
776 1751 901 1810 tamen
930 1734 979 1810 nil
1006 1735 1056 1809 de
1084 1735 1278 1809 servandis
1306 1735 1499 1830 hucusque
1528 1734 1696 1808 servavit
1715 1749 1753 1808 et

240 1861 286 1938 ,in
315 1884 392 1957 quo
420 1860 571 1934 nihilum
590 1860 633 1958 (i)
660 1859 709 1934 de
737 1859 923 1935 contentis
950 1859 988 1932 in
1015 1858 1343 1934 constitutionibus
1372 1857 1589 1934 Sanctitatis
1608 1858 1753 1934 Vestre

249 1988 397 2060 eteius
425 1986 749 2082 predecessorum,
779 2009 876 2082 quas
902 1988 1107 2060 observare
1143 1984 1356 2070 iuravimus,
1386 1986 1582 2061 concurrit.
1612 1985 1753 2082 Sepius

248 2136 274 2184 a
302 2109 510 2186 Sanctitate
538 2111 677 2186 Vestra
703 2111 823 2185 audiri
850 2109 1154 2208 supplicavimus,
1185 2110 1271 2184 licet
1297 2109 1412 2184 auditi
1445 2134 1521 2184 non
1557 2110 1750 2186 fuerimus.

251 2237 301 2310 Et
328 2236 416 2332 quia
444 2259 518 2310 non
538 2237 618 2311 sine
645 2259 760 2310 onere
787 2235 1015 2310 conscientie
1042 2251 1081 2309 et
1108 2237 1253 2332 absque
1272 2235 1424 2331 periurii
1439 2234 1524 2311 labe
1543 2259 1751 2332 possumus

248 2359 454 2456 procedere
481 2360 531 2434 ad
559 2361 825 2436 admissionem
853 2361 940 2434 dicti
970 2359 1166 2444 Francisci,
1198 2359 1268 2434 nisi
1294 2359 1343 2434 ab
1370 2360 1506 2434 eadem
1538 2359 1750 2434 Sanctitate

250 2483 389 2560 Vestra
415 2481 623 2571 audiamur,
652 2511 732 2558 cum
759 2485 804 2558 ab
830 2483 918 2558 alit’s
944 2483 1079 2557 audiri
1109 2509 1182 2558 non
1218 2507 1437 2568 mereamur,
1467 2496 1673 2580 propterea
1704 2508 1751 2558 ne

248 2624 424 2684 notemur
452 2611 499 2684 de
527 2609 789 2696 inobedientia,
820 2624 933 2706 prout
960 2610 1056 2685 sorte
1084 2611 1133 2684 ab
1160 2608 1346 2706 aliquibus
1374 2607 1626 2704 persuadetur
1652 2607 1750 2682 San·

247 2734 368 2809 etitati
395 2734 545 2822 Vestre,
575 2734 762 2809 humiliter
794 2733 917 2808 eidem
953 2734 1209 2832 supplicamus
1245 2749 1433 2829 quatenus
1470 2733 1648 2832 dignetur
1681 2758 1750 2809 nos

247 2858 407 2934 lamulos
435 2883 538 2948 suos,
558 2858 679 2947 simul,
699 2875 766 2934 aut
783 2858 930 2956 aliquos
950 2859 1101 2932 nomine
1118 2859 1294 2947 omnium,
1316 2857 1432 2933 semel
1450 2858 1592 2946 audire,
1613 2873 1750 2957 postea

246 2983 451 3058 decernere
477 2999 516 3058 et
544 2984 718 3058 ordinare
747 2985 850 3080 quod
879 2981 1014 3080 placet.
1046 2979 1233 3076 Quoniam
1263 2983 1384 3080 parati
1412 3009 1543 3058 sumus
1570 2984 1606 3056 in
1635 2981 1750 3058 omni·

248 3109 319 3184 bus
347 3122 387 3182 et
413 3133 483 3205 per
509 3109 634 3184 omnia
662 3109 845 3183 voluntati
864 3109 1080 3185 Sanctitatis
1098 3107 1235 3182 Vestre
1254 3107 1349 3183 illico
1367 3108 1527 3204 obsequi
1543 3125 1584 3182 et
1601 3110 1749 3184 obtem·

249 3256 402 3328 pecare,
441 3247 635 3330 tamquam
670 3231 797 3308 samuli
832 3233 1162 3330 obsequentissimi
1196 3231 1377 3309 eiusdem.
1407 3230 1495 3325 Que
1531 3234 1603 3309 hoc
1640 3232 1749 3308 nobis

249 3357 450 3432 humilliter
476 3357 773 3456 supplicantibus
808 3358 1015 3433 concedere
1043 3357 1240 3456 dignetur;
1273 3357 1454 3455 cuiusque
1485 3358 1646 3455 pedibus
1680 3383 1749 3432 nos

248 3495 291 3556 et
317 3481 441 3556 locum
469 3481 668 3557 humilliter
695 3497 735 3556 et
761 3482 1003 3557 devotissime
1030 3481 1349 3558 commendamus.

331 3615 375 3691 E.
406 3615 444 3692 S.
475 3615 521 3691 V.
552 3615 710 3689 humiles
738 3629 779 3689 et
797 3615 1028 3690 devotissimi
1056 3615 1192 3689 servuli
1571 3647 1583 3680 ι

1042 3776 1247 3851 Auditores
1275 3778 1392 3851 vestri
1419 3777 1522 3851 Sacri
1550 3777 1694 3852 Palatii.

989 4039 1009 4082 s

955 4101 1042 4145 *ss

250 4237 371 4312 Sistus
398 4239 427 4312 I
429 4241 466 4314 V
476 4250 621 4314 revocat
645 4249 681 4312 ct
703 4239 879 4314 annullat
896 4253 1037 4338 poenas
1062 4240 1160 4313 latas
1185 4241 1226 4313 in
1250 4242 1367 4315 Rotae
1386 4241 1596 4328 Auda'torcs,
1616 4243 1744 4316 audita

330 4363 473 4437 verbali
496 4363 682 4440 relatiua.

327 4516 445 4589 (Auen.
463 4515 551 4590 Ros,
576 4518 831 4578 ‹Aamzssrones
843 4544 868 4594 »,
888 4519 977 4578 sisto
995 4485 1055 4590 rv',
1073 4535 1105 4578 n.
1125 4520 1188 4592 14).

330 4720 461 4816 (verso)
501 4719 573 4792 Pro
610 4719 797 4794 omnibus.
837 4718 1059 4794 Mandatum
1097 4734 1354 4816 presentatum
1393 4745 1461 4817 per
1497 4719 1539 4795 F.
1577 4721 1743 4795 brevium

258 4845 353 4935 1482
385 4843 446 4918 die
477 4851 525 4918 26
556 4845 781 4920 novembris.

330 4967 438 5042 Motu
468 4968 621 5066 proprio
649 4995 696 5042 ex
724 4970 847 5054 certis,
871 4968 981 5044 iustis
1008 4985 1047 5044 et
1074 4970 1355 5045 rationabilibus
1382 4969 1505 5045 causis
1532 4971 1582 5044 ad
1609 4972 1646 5045 id
1674 4970 1743 5043 ani-

249 5118 349 5166 mum
379 5109 548 5168 nostrum
577 5093 863 5190 impellentibus,
885 5095 1120 5170 decernimus
1147 5111 1188 5170 et
1215 5096 1460 5182 declaramus,
1481 5112 1609 5171 nostre
1628 5096 1743 5171 inten-

249 5217 359 5291 tionis
388 5243 591 5316 numquam
619 5218 736 5294 suisse
764 5235 803 5294 et
830 5244 915 5295 esse
950 5221 1107 5297 dilectos
1143 5222 1238 5296 filios
1272 5236 1437 5308 nostros,
1465 5219 1680 5318 capellanos
1707 5236 1744 5295 et

250 5341 443 5418 auditores
471 5368 666 5418 causarum
696 5345 789 5418 sacri
818 5343 944 5442 palatii
980 5346 1098 5420 nostri
1134 5347 1302 5421 subicere
1336 5359 1377 5420 et
1412 5345 1615 5443 illaqueare
1651 5371 1742 5444 quo·
