3720 5916
257 315 312 376 362
883 317 1020 377 Saeculo
1038 316 1071 376 X
1079 317 1144 377 VII

258 510 375 584 unicis
404 509 660 597 Auditoribus,
680 535 723 583 ac
741 509 849 584 alteri
868 509 1066 584 dumtaxat
1084 535 1269 606 personae
1289 511 1393 584 cuius
1416 535 1533 607 opera
1552 507 1756 606 quemlibet

258 634 482 708 Auditorem
512 660 579 706 seu
609 615 902 708 Locatenentem
932 633 968 706 in
997 635 1185 709 studendo
1213 634 1266 708 uti
1293 635 1495 731 oportebit,
1525 635 1675 721 directe,
1694 632 1756 708 vel

256 759 447 843 indirecte,
478 775 582 844 nutu,
612 759 752 854 scripto
778 757 838 833 vel
867 760 992 844 verbo,
1023 759 1081 835 vel
1110 757 1201 834 alias
1230 761 1513 856 quomodolibet
1532 761 1603 834 sub
1621 760 1756 856 quovis

258 885 498 980 quantumvis
516 885 683 958 colorato
711 899 910 980 praetextu
939 885 1163 980 patefacere,
1184 900 1250 960 aut
1268 885 1320 958 ita
1346 884 1460 982 loqui,
1479 901 1522 959 ut
1548 911 1595 958 ex
1623 910 1754 958 eorum

256 1011 379 1084 verbis
408 1008 455 1082 de
484 1009 648 1106 proprio,
680 1009 739 1082 vel
769 1034 922 1082 suorum
952 1008 1234 1094 Coauditorum,
1258 1036 1324 1084 seu
1354 1011 1658 1084 Locatenentium
1678 1011 1756 1083 suf-

256 1133 394 1233 fragiis,
426 1159 492 1208 seu
526 1147 700 1207 votorum
736 1133 939 1220 tenoribus,
971 1133 1136 1231 cognitio
1170 1157 1336 1231 unquam
1365 1135 1491 1208 haberi
1525 1135 1656 1230 possit,
1687 1160 1755 1207 nec

255 1260 369 1332 etiam
399 1258 669 1333 Coauditorum
698 1283 852 1331 suorum
881 1273 980 1343 vota,
1013 1257 1091 1331 sive
1121 1257 1309 1356 suffragia,
1336 1260 1509 1356 cuiquam
1537 1257 1612 1331 ullo
1640 1260 1755 1333 modo

256 1382 481 1479 patefacere,
511 1406 635 1476 neque
663 1381 815 1479 quinam
847 1407 894 1454 ex
930 1382 1020 1478 ipsis
1054 1398 1194 1468 votum,
1226 1383 1305 1456 sive
1340 1381 1555 1481 suffragium
1591 1381 1753 1466 tulerint,

258 1532 326 1581 nec
353 1533 412 1594 ne,
443 1506 652 1604 significare
680 1505 821 1579 directe
855 1505 913 1578 vel
949 1505 1128 1579 indirecte
1165 1508 1446 1602 quoquomod0,
1477 1531 1545 1579 nec
1581 1531 1755 1602 eaquae

255 1647 333 1705 tam
362 1630 397 1702 in
418 1655 548 1702 eorum
568 1627 778 1713 Auditorio,
800 1644 841 1701 et
858 1653 1077 1726 congressu,
1098 1653 1211 1724 quam
1232 1646 1350 1716 extra,
1371 1645 1410 1703 et
1429 1628 1567 1726 ubique
1586 1630 1756 1703 locorum

254 1756 351 1829 inter
378 1757 482 1850 ipsos
511 1754 590 1827 sive
619 1751 873 1852 collegialiter,
903 1753 982 1826 sive
1011 1779 1086 1827 non
1121 1753 1363 1852 collegialiter
1397 1755 1495 1827 dicta
1528 1769 1567 1827 et
1593 1769 1757 1828 tractata

254 1878 399 1962 fuerint,
431 1880 510 1952 sive
539 1901 683 1963 causas,
713 1891 780 1950 aut
806 1879 1082 1950 controversias
1111 1877 1145 1948 in
1174 1902 1304 1951 eorum
1333 1877 1532 1951 Auditorio
1552 1877 1754 1964 discussas,

256 2003 335 2076 sive
363 2028 492 2076 eorum
521 2001 711 2090 Tribuual,
743 2017 783 2075 et
810 2001 1060 2090 Auditorium,
1091 2003 1171 2075 sive
1199 2027 1383 2099 personas
1420 2001 1654 2101 litigantium,
1686 2029 1756 2076 seu

255 2128 532 2202 informantium
568 2127 853 2224 quomodolibet
889 2128 1161 2214 concernentia,
1192 2127 1375 2225 cuiquam,
1415 2143 1456 2200 ut
1493 2129 1754 2223 praemittitur,

256 2253 467 2350 propalare,
508 2277 572 2326 seu
612 2250 791 2350 evulgare
828 2252 1003 2338 audeant,
1032 2250 1091 2324 vel
1129 2266 1372 2348 praesumant
1405 2254 1476 2325 sub
1516 2250 1679 2348 periurii,
1719 2268 1757 2325 et

229 2445 233 2458 ,
256 2376 406 2450 maioris
434 2376 825 2450 excommunicationis
853 2377 951 2449 latae
980 2377 1242 2464 sententiae,a
1269 2378 1405 2472 quibus
1424 2401 1447 2448 a
1475 2377 1623 2450 nemine
1640 2377 1756 2451 etiam

256 2501 385 2575 maiori
416 2501 713 2584 Poenitentiario,
743 2516 782 2574 et
809 2525 1047 2598 quocumque
1066 2501 1140 2575 alio
1159 2500 1371 2574 facultatem
1391 2499 1611 2575 absolvendi
1639 2527 1758 2599 gene-

257 2625 384 2710 ralem,
415 2628 528 2700 etiam
566 2627 696 2724 vigore
726 2627 923 2700 Cruciatae
951 2627 1009 2698 vel
1038 2625 1184 2700 iubilaei
1212 2627 1323 2700 etiam
1352 2627 1439 2699 anni
1468 2626 1606 2712 Sancti,
1641 2627 1756 2700 etiam

255 2751 290 2823 in
319 2752 401 2824 solo
429 2752 510 2827 foro
529 2751 778 2825 conscientiae
806 2751 977 2836 habente,
1001 2749 1070 2824 sed
1098 2753 1294 2824 dumtaxat
1321 2751 1492 2838 aNobis,
1514 2767 1553 2824 et
1572 2775 1642 2846 pro
1661 2767 1758 2824 tem·
1855 2727 1856 2812 l

256 2901 349 2973 pore
362 2877 547 2950 existente
558 2875 732 2950 Romano
744 2874 929 2961 Pontifice,
944 2892 1206 2972 praeterquam
1223 2875 1258 2947 iu
1274 2875 1404 2948 mortis
1419 2873 1574 2949 articulo
1589 2899 1756 2970 unquam
1834 2869 1838 2880 ’

256 2998 400 3073 absolvi
427 3001 585 3096 possint,
615 3025 662 3072 eo
690 3002 774 3094 ipso
801 3001 946 3096 absque
974 2998 1045 3072 alia
1072 2998 1323 3073 declaratione
1350 2999 1581 3073 incurrendis
1610 3000 1754 3096 poenis,

255 3125 464 3220 apostolica
505 3125 726 3198 auctoritate
768 3125 837 3197 hac
878 3140 1064 3220 perpetuo
1105 3123 1262 3197 valitura
1304 3123 1583 3197 Constitutione
1626 3140 1757 3230 nostra

256 3250 423 3324 districte
452 3249 706 3346 prohibemus,
735 3265 774 3322 et
803 3249 1068 3323 interdicimus.
1854 3329 1855 3334 ,

337 3374 540 3449 Coeterum
577 3371 707 3446 iisdem
737 3371 983 3448 Auditoribus
1021 3389 1063 3446 ut
1098 3373 1233 3454 dicere,
1263 3373 1322 3446 vel
1358 3371 1566 3471 siguificare
1604 3374 1757 3447 valeant
1854 3375 1855 3447 ξ

256 3499 503 3584 difficultates,
534 3500 584 3570 ob
612 3522 707 3594 quas
736 3497 915 3570 resolutio
944 3498 978 3569 in
1017 3497 1183 3593 qualibet
1211 3497 1335 3571 Rotali
1366 3496 1598 3570 discussione
1626 3495 1754 3582 dilata,
1854 3489 1855 3576 ἦ

255 3651 323 3698 εει]
351 3621 636 3719 quomodolibet
654 3623 843 3718 impedita,
864 3647 930 3695 seu
952 3623 1118 3696 rationes
1135 3647 1179 3696 ac
1200 3623 1349 3706 motiva,
1372 3623 1421 3696 ob
1448 3644 1547 3717 quae
1574 3621 1636 3694 illa
1656 3621 1755 3696 facta
1854 3715 1855 3720 Ἰ

255 3749 399 3832 fuerint,
431 3773 496 3822 seu
526 3749 562 3821 in
590 3773 727 3821 causae
756 3747 988 3822 discussione
1024 3747 1187 3820 adducta
1214 3747 1374 3830 fuerunt,
1405 3747 1575 3842 partibus
1603 3762 1755 3820 conten·

255 3874 431 3948 dentibus
450 3874 528 3946 sive
546 3873 845 3970 collitigantibus,
870 3874 982 3946 tacito
1002 3889 1126 3945 tamen
1146 3871 1241 3945 illius
1261 3896 1327 3944 εει]
1347 3868 1492 3944 illorum
1511 3871 1753 3954 Auditorum,

256 4023 322 4072 seu
352 3984 661 4076 Locatenentium
682 3999 842 4082 nomine,
863 4013 902 4070 et
928 3997 1151 4094 cognomine
1169 3997 1282 4070 etiam
1306 3995 1645 4091 corresponsalium
1665 4021 1756 4068 nun·

256 4138 489 4219 eupatorum,
519 4148 542 4194 a
574 4149 651 4219 quo
689 4146 755 4196 seu
791 4122 928 4218 quibus
962 4119 1200 4194 difficultates
1237 4121 1428 4217 praefatae
1464 4121 1662 4202 excitatae,
1694 4125 1754 4194 vel

256 4248 419 4321 rationes
447 4263 487 4320 et
505 4248 644 4320 motiva
663 4248 775 4320 etiam
793 4269 815 4318 a
834 4248 1004 4342 partibus
1031 4246 1354 4328 contendentibus,
1375 4269 1444 4318 seu
1463 4243 1754 4342 collitigantibus
1853 4325 1854 4354 ,

255 4373 428 4455 deducta,
460 4373 631 4469 probata,
662 4397 729 4444 seu
758 4368 931 4467 amplexa
960 4371 1119 4454 fuerunt,
1150 4369 1411 4466 permittimus.
1472 4385 1482 4422 ⁸

335 4494 434 4589 Quia
461 4521 551 4571 vero
579 4495 689 4569 valde
717 4495 981 4569 inconveniens
1000 4495 1106 4579 foret,
1127 4519 1171 4568 ea
1192 4519 1288 4592 qnae
1313 4519 1382 4590 per
1409 4492 1512 4590 ipsos
1534 4493 1748 4580 Adiutores

255 4647 321 4695 seu
351 4622 626 4695 Locatenentes
654 4637 800 4694 secreta
825 4621 942 4694 teneri
962 4621 1113 4706 debent,
1134 4622 1183 4692 ab
1209 4645 1339 4692 eorum
1364 4617 1485 4692 Studii
1504 4617 1751 4692 Auditoribus

255 4745 445 4841 publicari,
474 4763 540 4819 aut
576 4744 702 4841 aliquo
730 4743 844 4818 modo
871 4743 1052 4840 patefieri,
1088 4743 1225 4818 idcirco
1261 4742 1417 4841 singulis
1446 4741 1683 4830 Auditorum,
1714 4757 1751 4814 et

254 4871 564 4943 Locatenentium
602 4869 855 4966 praefatorum
885 4869 1008 4955 studii,
1038 4888 1080 4940 ut
1114 4883 1261 4956 vocant,
1292 4867 1549 4946 Adiutoribus,
1579 4889 1648 4940 nec
1677 4891 1750 4939 non

253 4994 358 5068 alteri
387 5019 572 5092 personae
600 4995 704 5068 cuius
732 5017 848 5088 opera
877 4994 1033 5089 quilibet
1059 4993 1277 5066 eorumdem
1305 4993 1543 5078 Auditorum,
1564 5015 1607 5064 ac
1637 4991 1750 5065 Loca·

254 5119 457 5194 tenentium
487 5143 556 5215 pro
585 5135 757 5220 tempore
786 5119 820 5189 in
850 5117 1038 5192 studendo
1066 5116 1236 5212 aliosque
1256 5117 1404 5190 labores
1432 5114 1657 5212 perferendo
1686 5113 1747 5197 uti,

254 5260 296 5317 ut
324 5244 597 5340 supradictum
626 5258 695 5330 est,
719 5242 867 5338 poterit,
891 5265 937 5314 ne
964 5257 1063 5327 vota,
1086 5242 1165 5315 sive
1185 5241 1374 5338 suffragia,
1394 5241 1430 5313 iu
1450 5263 1613 5324 suarum,
1634 5263 1748 5336 quam
1852 5337 1853 5342 ἵ

252 5368 409 5441 aliorum
439 5368 664 5440 Auditorum
693 5381 760 5438 aut
787 5365 1107 5450 Locatenentium,
1135 5380 1202 5440 aut
1230 5363 1261 5437 si
1289 5365 1379 5461 quid
1407 5389 1454 5438 ex
1482 5363 1550 5437 illis
1578 5387 1688 5460 quae,
1708 5375 1748 5436 ut
1852 5347 1853 5350 ¹
