<?xml version="1.0" encoding="UTF-8"?>
<!DOCTYPE html PUBLIC "-//W3C//DTD XHTML 1.0 Transitional//EN"
    "http://www.w3.org/TR/xhtml1/DTD/xhtml1-transitional.dtd">
<html xmlns="http://www.w3.org/1999/xhtml" xml:lang="en" lang="en">
 <head>
  <title>
</title>
<meta http-equiv="Content-Type" content="text/html;charset=utf-8" />
  <meta name='ocr-system' content='tesseract 3.04.00' />
  <meta name='ocr-capabilities' content='ocr_page ocr_carea ocr_par ocr_line ocrx_word'/>
</head>
<body>
  <div class='ocr_page' id='page_1' title='image "./capellanipapaee00cercgoog_0189.png"; bbox 0 0 3720 5914; ppageno 0'>
   <div class='ocr_carea' id='block_1_1' title="bbox 641 323 1741 386">
    <p class='ocr_par' dir='ltr' id='par_1_1' title="bbox 641 281 1741 386">
     <span class='ocr_line' id='line_1_1' title="bbox 641 323 1741 386; baseline -0.003 -2"><span class='ocrx_word' id='word_1_1' title='bbox 641 325 777 386; x_wconf 71' lang='lat' dir='ltr'>rvuotao</span> <span class='ocrx_word' id='word_1_2' title='bbox 803 324 863 384; x_wconf 83' lang='lat' dir='ltr'>V·</span> <span class='ocrx_word' id='word_1_3' title='bbox 883 325 1005 384; x_wconf 64' lang='lat' dir='ltr'>caleto</span> <span class='ocrx_word' id='word_1_4' title='bbox 1022 325 1080 384; x_wconf 82' lang='lat' dir='ltr'>JJJ</span> <span class='ocrx_word' id='word_1_5' title='bbox 1559 323 1611 382; x_wconf 80' lang='lat' dir='ltr'>ro</span> <span class='ocrx_word' id='word_1_6' title='bbox 1739 334 1741 338; x_wconf 45' lang='lat'><strong><em>¹</em></strong></span> 
     </span>
    </p>
   </div>
   <div class='ocr_carea' id='block_1_2' title="bbox 106 517 1612 867">
    <p class='ocr_par' dir='ltr' id='par_1_2' title="bbox 106 517 1612 867">
     <span class='ocr_line' id='line_1_2' title="bbox 106 517 1612 616; baseline -0.001 -25"><span class='ocrx_word' id='word_1_7' title='bbox 106 517 347 614; x_wconf 86' lang='lat' dir='ltr'>qu’ailleurs;</span> <span class='ocrx_word' id='word_1_8' title='bbox 376 534 416 593; x_wconf 92' lang='lat' dir='ltr'>et</span> <span class='ocrx_word' id='word_1_9' title='bbox 443 519 719 594; x_wconf 89' lang='lat' dir='ltr'>derrainement</span> <span class='ocrx_word' id='word_1_10' title='bbox 746 543 815 616; x_wconf 91' lang='lat' dir='ltr'>par</span> <span class='ocrx_word' id='word_1_11' title='bbox 842 534 950 616; x_wconf 82' lang='lat' dir='ltr'>verto</span> <span class='ocrx_word' id='word_1_12' title='bbox 980 518 1028 594; x_wconf 90' lang='lat' dir='ltr'>de</span> <span class='ocrx_word' id='word_1_13' title='bbox 1057 521 1220 594; x_wconf 90' lang='lat' dir='ltr'>certaine</span> <span class='ocrx_word' id='word_1_14' title='bbox 1250 519 1434 592; x_wconf 89' lang='lat' dir='ltr'>Sentence</span> <span class='ocrx_word' id='word_1_15' title='bbox 1461 533 1500 592; x_wconf 87' lang='lat' dir='ltr'>et</span> <span class='ocrx_word' id='word_1_16' title='bbox 1527 517 1612 590; x_wconf 90' lang='lat' dir='ltr'>Let-</span> 
     </span>
     <span class='ocr_line' id='line_1_3' title="bbox 109 641 1611 742; baseline 0.001 -27"><span class='ocrx_word' id='word_1_17' title='bbox 109 661 188 716; x_wconf 87' lang='lat' dir='ltr'>tres</span> <span class='ocrx_word' id='word_1_18' title='bbox 216 645 490 718; x_wconf 88' lang='lat' dir='ltr'>executoriales</span> <span class='ocrx_word' id='word_1_19' title='bbox 518 643 778 741; x_wconf 87' lang='lat' dir='ltr'>apostoliques</span> <span class='ocrx_word' id='word_1_20' title='bbox 806 645 991 720; x_wconf 83' lang='lat' dir='ltr'>obtenues</span> <span class='ocrx_word' id='word_1_21' title='bbox 1020 669 1089 741; x_wconf 90' lang='lat' dir='ltr'>par</span> <span class='ocrx_word' id='word_1_22' title='bbox 1114 644 1150 718; x_wconf 90' lang='lat' dir='ltr'>le</span> <span class='ocrx_word' id='word_1_23' title='bbox 1188 646 1243 718; x_wconf 92' lang='lat' dir='ltr'>dit</span> <span class='ocrx_word' id='word_1_24' title='bbox 1270 644 1434 742; x_wconf 87' lang='lat' dir='ltr'>hymaud</span> <span class='ocrx_word' id='word_1_25' title='bbox 1464 643 1487 717; x_wconf 77' lang='grc'><strong>3</strong></span> <span class='ocrx_word' id='word_1_26' title='bbox 1518 641 1611 716; x_wconf 91' lang='lat' dir='ltr'>l’en·</span> 
     </span>
     <span class='ocr_line' id='line_1_4' title="bbox 109 767 1611 867; baseline -0.001 -27"><span class='ocrx_word' id='word_1_27' title='bbox 109 785 242 843; x_wconf 87' lang='lat' dir='ltr'>contre</span> <span class='ocrx_word' id='word_1_28' title='bbox 271 769 405 843; x_wconf 91' lang='lat' dir='ltr'>dudit</span> <span class='ocrx_word' id='word_1_29' title='bbox 434 768 599 855; x_wconf 86' lang='lat' dir='ltr'>Meliant,</span> <span class='ocrx_word' id='word_1_30' title='bbox 630 767 756 843; x_wconf 87' lang='lat' dir='ltr'>icelles</span> <span class='ocrx_word' id='word_1_31' title='bbox 786 771 872 842; x_wconf 87' lang='lat' dir='ltr'>bien</span> <span class='ocrx_word' id='word_1_32' title='bbox 900 769 1115 843; x_wconf 85' lang='lat' dir='ltr'>examinees</span> <span class='ocrx_word' id='word_1_33' title='bbox 1142 787 1182 842; x_wconf 91' lang='lat' dir='ltr'>et</span> <span class='ocrx_word' id='word_1_34' title='bbox 1214 772 1237 843; x_wconf 77' lang='lat' dir='ltr'>a</span> <span class='ocrx_word' id='word_1_35' title='bbox 1274 770 1374 867; x_wconf 88' lang='lat' dir='ltr'>plain</span> <span class='ocrx_word' id='word_1_36' title='bbox 1411 793 1527 842; x_wconf 85' lang='lat' dir='ltr'>venes</span> <span class='ocrx_word' id='word_1_37' title='bbox 1565 792 1611 842; x_wconf 88' lang='lat' dir='ltr'>en</span> 
     </span>
    </p>
   </div>
   <div class='ocr_carea' id='block_1_3' title="bbox 109 891 1656 993">
    <p class='ocr_par' dir='ltr' id='par_1_3' title="bbox 11 891 1656 993">
     <span class='ocr_line' id='line_1_5' title="bbox 109 891 1656 993; baseline 0 -27"><span class='ocrx_word' id='word_1_38' title='bbox 109 891 220 966; x_wconf 80' lang='lat' dir='ltr'>ndtre</span> <span class='ocrx_word' id='word_1_39' title='bbox 248 891 415 980; x_wconf 89' lang='lat' dir='ltr'>Conseil,</span> <span class='ocrx_word' id='word_1_40' title='bbox 435 908 474 966; x_wconf 90' lang='lat' dir='ltr'>et</span> <span class='ocrx_word' id='word_1_41' title='bbox 500 918 653 989; x_wconf 88' lang='lat' dir='ltr'>empres</span> <span class='ocrx_word' id='word_1_42' title='bbox 671 895 776 968; x_wconf 88' lang='lat' dir='ltr'>avoir</span> <span class='ocrx_word' id='word_1_43' title='bbox 796 905 863 968; x_wconf 87' lang='lat' dir='ltr'>use</span> <span class='ocrx_word' id='word_1_44' title='bbox 883 894 932 966; x_wconf 92' lang='lat' dir='ltr'>du</span> <span class='ocrx_word' id='word_1_45' title='bbox 952 893 1040 968; x_wconf 88' lang='lat' dir='ltr'>bras</span> <span class='ocrx_word' id='word_1_46' title='bbox 1059 894 1107 969; x_wconf 90' lang='lat' dir='ltr'>de</span> <span class='ocrx_word' id='word_1_47' title='bbox 1128 893 1315 993; x_wconf 86' lang='lat' dir='ltr'>L’Eglise,</span> <span class='ocrx_word' id='word_1_48' title='bbox 1338 892 1445 968; x_wconf 91' lang='lat' dir='ltr'>Nous</span> <span class='ocrx_word' id='word_1_49' title='bbox 1465 917 1610 966; x_wconf 88' lang='lat' dir='ltr'>comme</span> <span class='ocrx_word' id='word_1_50' title='bbox 1654 929 1656 932; x_wconf 96' lang='lat'>·</span> 
     </span>
    </p>
   </div>
   <div class='ocr_carea' id='block_1_4' title="bbox 11 1016 1617 4112">
    <p class='ocr_par' dir='ltr' id='par_1_4' title="bbox 110 1016 1611 1117">
     <span class='ocr_line' id='line_1_6' title="bbox 110 1016 1611 1117; baseline -0.001 -25"><span class='ocrx_word' id='word_1_51' title='bbox 110 1019 199 1092; x_wconf 89' lang='lat' dir='ltr'>bras</span> <span class='ocrx_word' id='word_1_52' title='bbox 227 1017 386 1092; x_wconf 91' lang='lat' dir='ltr'>seculier</span> <span class='ocrx_word' id='word_1_53' title='bbox 413 1018 540 1114; x_wconf 85' lang='lat' dir='ltr'>requis</span> <span class='ocrx_word' id='word_1_54' title='bbox 568 1034 607 1092; x_wconf 90' lang='lat' dir='ltr'>et</span> <span class='ocrx_word' id='word_1_55' title='bbox 636 1018 799 1114; x_wconf 87' lang='lat' dir='ltr'>invoque</span> <span class='ocrx_word' id='word_1_56' title='bbox 826 1043 875 1092; x_wconf 89' lang='lat' dir='ltr'>en</span> <span class='ocrx_word' id='word_1_57' title='bbox 901 1017 999 1116; x_wconf 88' lang='lat' dir='ltr'>ayde</span> <span class='ocrx_word' id='word_1_58' title='bbox 1027 1019 1075 1092; x_wconf 90' lang='lat' dir='ltr'>de</span> <span class='ocrx_word' id='word_1_59' title='bbox 1104 1019 1198 1093; x_wconf 88' lang='lat' dir='ltr'>celui</span> <span class='ocrx_word' id='word_1_60' title='bbox 1226 1019 1274 1092; x_wconf 91' lang='lat' dir='ltr'>de</span> <span class='ocrx_word' id='word_1_61' title='bbox 1302 1016 1611 1117; x_wconf 85' lang='lat' dir='ltr'>l&#39;Eglise,av0ns</span> 
     </span>
    </p>

    <p class='ocr_par' dir='ltr' id='par_1_5' title="bbox 11 1142 1612 2727">
     <span class='ocr_line' id='line_1_7' title="bbox 111 1142 1610 1241; baseline -0.001 -26"><span class='ocrx_word' id='word_1_62' title='bbox 111 1152 308 1218; x_wconf 88' lang='lat' dir='ltr'>reaument</span> <span class='ocrx_word' id='word_1_63' title='bbox 334 1160 374 1217; x_wconf 91' lang='lat' dir='ltr'>et</span> <span class='ocrx_word' id='word_1_64' title='bbox 401 1143 449 1218; x_wconf 92' lang='lat' dir='ltr'>de</span> <span class='ocrx_word' id='word_1_65' title='bbox 477 1143 543 1217; x_wconf 89' lang='lat' dir='ltr'>sait</span> <span class='ocrx_word' id='word_1_66' title='bbox 570 1145 641 1218; x_wconf 89' lang='lat' dir='ltr'>mis</span> <span class='ocrx_word' id='word_1_67' title='bbox 669 1159 708 1216; x_wconf 86' lang='lat' dir='ltr'>et</span> <span class='ocrx_word' id='word_1_68' title='bbox 735 1145 923 1218; x_wconf 91' lang='lat' dir='ltr'>maintenu</span> <span class='ocrx_word' id='word_1_69' title='bbox 952 1143 1044 1217; x_wconf 90' lang='lat' dir='ltr'>ledit</span> <span class='ocrx_word' id='word_1_70' title='bbox 1070 1142 1234 1241; x_wconf 88' lang='lat' dir='ltr'>hymaud</span> <span class='ocrx_word' id='word_1_71' title='bbox 1261 1167 1309 1216; x_wconf 93' lang='lat' dir='ltr'>en</span> <span class='ocrx_word' id='word_1_72' title='bbox 1337 1143 1372 1216; x_wconf 90' lang='lat' dir='ltr'>la</span> <span class='ocrx_word' id='word_1_73' title='bbox 1391 1145 1610 1239; x_wconf 86' lang='lat' dir='ltr'>possession</span> 
     </span>
     <span class='ocr_line' id='line_1_8' title="bbox 11 1243 1612 1366; baseline -0.001 -26"><span class='ocrx_word' id='word_1_74' title='bbox 11 1243 12 1260; x_wconf 34' lang='lat'>¹</span> <span class='ocrx_word' id='word_1_75' title='bbox 111 1282 151 1341; x_wconf 88' lang='lat' dir='ltr'>et</span> <span class='ocrx_word' id='word_1_76' title='bbox 171 1266 389 1364; x_wconf 78' lang='lat' dir='ltr'>jouissance</span> <span class='ocrx_word' id='word_1_77' title='bbox 416 1266 561 1343; x_wconf 86' lang='lat' dir='ltr'>d&#39;icelle</span> <span class='ocrx_word' id='word_1_78' title='bbox 590 1267 720 1366; x_wconf 88' lang='lat' dir='ltr'>Eglise</span> <span class='ocrx_word' id='word_1_79' title='bbox 747 1293 840 1342; x_wconf 87' lang='lat' dir='ltr'>avec</span> <span class='ocrx_word' id='word_1_80' title='bbox 869 1268 916 1342; x_wconf 92' lang='lat' dir='ltr'>de</span> <span class='ocrx_word' id='word_1_81' title='bbox 946 1293 1009 1341; x_wconf 88' lang='lat' dir='ltr'>ses</span> <span class='ocrx_word' id='word_1_82' title='bbox 1037 1266 1145 1340; x_wconf 87' lang='lat' dir='ltr'>lruits</span> <span class='ocrx_word' id='word_1_83' title='bbox 1173 1284 1212 1342; x_wconf 91' lang='lat' dir='ltr'>et</span> <span class='ocrx_word' id='word_1_84' title='bbox 1231 1293 1402 1342; x_wconf 89' lang='lat' dir='ltr'>revenus.</span> <span class='ocrx_word' id='word_1_85' title='bbox 1424 1267 1474 1340; x_wconf 90' lang='lat' dir='ltr'>Et</span> <span class='ocrx_word' id='word_1_86' title='bbox 1493 1291 1557 1340; x_wconf 90' lang='lat' dir='ltr'>sur</span> <span class='ocrx_word' id='word_1_87' title='bbox 1577 1265 1612 1340; x_wconf 88' lang='lat' dir='ltr'>la</span> 
     </span>
     <span class='ocr_line' id='line_1_9' title="bbox 112 1389 1610 1488; baseline -0.001 -22"><span class='ocrx_word' id='word_1_88' title='bbox 112 1392 291 1480; x_wconf 90' lang='lat' dir='ltr'>clamour,</span> <span class='ocrx_word' id='word_1_89' title='bbox 327 1417 402 1488; x_wconf 90' lang='lat' dir='ltr'>que</span> <span class='ocrx_word' id='word_1_90' title='bbox 429 1391 452 1465; x_wconf 77' lang='grc'><strong>3</strong></span> <span class='ocrx_word' id='word_1_91' title='bbox 480 1389 680 1466; x_wconf 88' lang='lat' dir='ltr'>l’occasion</span> <span class='ocrx_word' id='word_1_92' title='bbox 712 1394 761 1466; x_wconf 90' lang='lat' dir='ltr'>de</span> <span class='ocrx_word' id='word_1_93' title='bbox 793 1419 836 1467; x_wconf 91' lang='lat' dir='ltr'>ce</span> <span class='ocrx_word' id='word_1_94' title='bbox 870 1414 966 1466; x_wconf 90' lang='lat' dir='ltr'>nous</span> <span class='ocrx_word' id='word_1_95' title='bbox 1003 1392 1114 1467; x_wconf 83' lang='lat' dir='ltr'>sasoit</span> <span class='ocrx_word' id='word_1_96' title='bbox 1150 1389 1480 1467; x_wconf 90' lang='lat' dir='ltr'>continuellement</span> <span class='ocrx_word' id='word_1_97' title='bbox 1516 1391 1610 1465; x_wconf 92' lang='lat' dir='ltr'>celui</span> 
     </span>
     <span class='ocr_line' id='line_1_10' title="bbox 113 1515 1611 1614; baseline 0 -24"><span class='ocrx_word' id='word_1_98' title='bbox 113 1515 280 1602; x_wconf 87' lang='lat' dir='ltr'>Meliant,</span> <span class='ocrx_word' id='word_1_99' title='bbox 311 1517 447 1614; x_wconf 89' lang='lat' dir='ltr'>lequel,</span> <span class='ocrx_word' id='word_1_100' title='bbox 476 1543 622 1592; x_wconf 89' lang='lat' dir='ltr'>comme</span> <span class='ocrx_word' id='word_1_101' title='bbox 649 1542 745 1592; x_wconf 88' lang='lat' dir='ltr'>nous</span> <span class='ocrx_word' id='word_1_102' title='bbox 772 1543 892 1592; x_wconf 90' lang='lat' dir='ltr'>avons</span> <span class='ocrx_word' id='word_1_103' title='bbox 920 1519 1096 1604; x_wconf 88' lang='lat' dir='ltr'>entendu,</span> <span class='ocrx_word' id='word_1_104' title='bbox 1128 1517 1189 1591; x_wconf 90' lang='lat' dir='ltr'>n&#39;a</span> <span class='ocrx_word' id='word_1_105' title='bbox 1216 1543 1336 1592; x_wconf 88' lang='lat' dir='ltr'>aucun</span> <span class='ocrx_word' id='word_1_106' title='bbox 1365 1516 1465 1592; x_wconf 87' lang='lat' dir='ltr'>droit</span> <span class='ocrx_word' id='word_1_107' title='bbox 1500 1541 1549 1590; x_wconf 92' lang='lat' dir='ltr'>en</span> <span class='ocrx_word' id='word_1_108' title='bbox 1576 1516 1611 1590; x_wconf 91' lang='lat' dir='ltr'>la</span> 
     </span>
     <span class='ocr_line' id='line_1_11' title="bbox 112 1640 1611 1739; baseline -0.001 -24"><span class='ocrx_word' id='word_1_109' title='bbox 112 1643 188 1715; x_wconf 92' lang='lat' dir='ltr'>dite</span> <span class='ocrx_word' id='word_1_110' title='bbox 218 1640 329 1727; x_wconf 88' lang='lat' dir='ltr'>Cure,</span> <span class='ocrx_word' id='word_1_111' title='bbox 360 1666 478 1716; x_wconf 91' lang='lat' dir='ltr'>avons</span> <span class='ocrx_word' id='word_1_112' title='bbox 507 1667 577 1739; x_wconf 89' lang='lat' dir='ltr'>par</span> <span class='ocrx_word' id='word_1_113' title='bbox 604 1667 734 1717; x_wconf 89' lang='lat' dir='ltr'>meure</span> <span class='ocrx_word' id='word_1_114' title='bbox 762 1642 1009 1717; x_wconf 89' lang='lat' dir='ltr'>deliberation</span> <span class='ocrx_word' id='word_1_115' title='bbox 1037 1641 1085 1716; x_wconf 91' lang='lat' dir='ltr'>de</span> <span class='ocrx_word' id='word_1_116' title='bbox 1114 1641 1278 1717; x_wconf 81' lang='lat' dir='ltr'>ndtredit</span> <span class='ocrx_word' id='word_1_117' title='bbox 1299 1642 1463 1730; x_wconf 88' lang='lat' dir='ltr'>Conseil,</span> <span class='ocrx_word' id='word_1_118' title='bbox 1484 1642 1554 1715; x_wconf 89' lang='lat' dir='ltr'>mis</span> <span class='ocrx_word' id='word_1_119' title='bbox 1572 1657 1611 1714; x_wconf 90' lang='lat' dir='ltr'>et</span> 
     </span>
     <span class='ocr_line' id='line_1_12' title="bbox 111 1765 1612 1874; baseline 0.001 -36"><span class='ocrx_word' id='word_1_120' title='bbox 111 1765 176 1839; x_wconf 84' lang='lat' dir='ltr'>lait</span> <span class='ocrx_word' id='word_1_121' title='bbox 204 1782 354 1854; x_wconf 88' lang='lat' dir='ltr'>mettre,</span> <span class='ocrx_word' id='word_1_122' title='bbox 382 1782 422 1841; x_wconf 91' lang='lat' dir='ltr'>et</span> <span class='ocrx_word' id='word_1_123' title='bbox 448 1767 570 1841; x_wconf 86' lang='lat' dir='ltr'>assoir</span> <span class='ocrx_word' id='word_1_124' title='bbox 597 1779 796 1874; x_wconf 80' lang='lat' dir='ltr'>sequestre</span> <span class='ocrx_word' id='word_1_125' title='bbox 824 1792 871 1841; x_wconf 90' lang='lat' dir='ltr'>en</span> <span class='ocrx_word' id='word_1_126' title='bbox 899 1767 936 1841; x_wconf 90' lang='lat' dir='ltr'>la</span> <span class='ocrx_word' id='word_1_127' title='bbox 963 1777 1144 1863; x_wconf 80' lang='lat' dir='ltr'>presence</span> <span class='ocrx_word' id='word_1_128' title='bbox 1172 1792 1294 1841; x_wconf 89' lang='lat' dir='ltr'>meme</span> <span class='ocrx_word' id='word_1_129' title='bbox 1321 1785 1361 1842; x_wconf 87' lang='lat' dir='ltr'>et</span> <span class='ocrx_word' id='word_1_130' title='bbox 1383 1768 1433 1841; x_wconf 90' lang='lat' dir='ltr'>du</span> <span class='ocrx_word' id='word_1_131' title='bbox 1452 1790 1612 1840; x_wconf 89' lang='lat' dir='ltr'>consen-</span> 
     </span>
     <span class='ocr_line' id='line_1_13' title="bbox 112 1889 1612 1991; baseline 0.001 -28"><span class='ocrx_word' id='word_1_132' title='bbox 112 1907 257 1965; x_wconf 90' lang='lat' dir='ltr'>tement</span> <span class='ocrx_word' id='word_1_133' title='bbox 284 1891 451 1967; x_wconf 88' lang='lat' dir='ltr'>desdites</span> <span class='ocrx_word' id='word_1_134' title='bbox 479 1893 622 1988; x_wconf 88' lang='lat' dir='ltr'>parties</span> <span class='ocrx_word' id='word_1_135' title='bbox 650 1917 715 1966; x_wconf 91' lang='lat' dir='ltr'>sur</span> <span class='ocrx_word' id='word_1_136' title='bbox 742 1892 797 1966; x_wconf 90' lang='lat' dir='ltr'>les</span> <span class='ocrx_word' id='word_1_137' title='bbox 825 1892 933 1966; x_wconf 88' lang='lat' dir='ltr'>lruits</span> <span class='ocrx_word' id='word_1_138' title='bbox 961 1893 1009 1965; x_wconf 90' lang='lat' dir='ltr'>de</span> <span class='ocrx_word' id='word_1_139' title='bbox 1026 1889 1141 1967; x_wconf 90' lang='lat' dir='ltr'>ladite</span> <span class='ocrx_word' id='word_1_140' title='bbox 1162 1893 1290 1991; x_wconf 90' lang='lat' dir='ltr'>Eglise</span> <span class='ocrx_word' id='word_1_141' title='bbox 1309 1908 1350 1967; x_wconf 91' lang='lat' dir='ltr'>et</span> <span class='ocrx_word' id='word_1_142' title='bbox 1366 1892 1476 1967; x_wconf 85' lang='lat' dir='ltr'>baille</span> <span class='ocrx_word' id='word_1_143' title='bbox 1496 1891 1612 1965; x_wconf 91' lang='lat' dir='ltr'>Com-</span> 
     </span>
     <span class='ocr_line' id='line_1_14' title="bbox 110 2005 1610 2119; baseline -0.001 -30"><span class='ocrx_word' id='word_1_144' title='bbox 110 2015 303 2089; x_wconf 88' lang='lat' dir='ltr'>missaires</span> <span class='ocrx_word' id='word_1_145' title='bbox 330 2041 427 2112; x_wconf 88' lang='lat' dir='ltr'>pour</span> <span class='ocrx_word' id='word_1_146' title='bbox 455 2017 556 2090; x_wconf 90' lang='lat' dir='ltr'>Leur</span> <span class='ocrx_word' id='word_1_147' title='bbox 581 2042 630 2092; x_wconf 91' lang='lat' dir='ltr'>en</span> <span class='ocrx_word' id='word_1_148' title='bbox 658 2016 845 2115; x_wconf 88' lang='lat' dir='ltr'>repandre</span> <span class='ocrx_word' id='word_1_149' title='bbox 873 2042 943 2114; x_wconf 89' lang='lat' dir='ltr'>par</span> <span class='ocrx_word' id='word_1_150' title='bbox 970 2017 1096 2092; x_wconf 89' lang='lat' dir='ltr'>moitie</span> <span class='ocrx_word' id='word_1_151' title='bbox 1120 2015 1274 2119; x_wconf 70' lang='lat' dir='ltr'>jusqu&#39;a</span> <span class='ocrx_word' id='word_1_152' title='bbox 1301 2041 1420 2113; x_wconf 89' lang='lat' dir='ltr'>ceque</span> <span class='ocrx_word' id='word_1_153' title='bbox 1448 2040 1518 2113; x_wconf 91' lang='lat' dir='ltr'>par</span> <span class='ocrx_word' id='word_1_154' title='bbox 1535 2005 1610 2089; x_wconf 52' lang='lat' dir='ltr'>l&#39;u&#39;n</span> 
     </span>
     <span class='ocr_line' id='line_1_15' title="bbox 110 2141 1611 2240; baseline 0 -26"><span class='ocrx_word' id='word_1_155' title='bbox 110 2141 239 2214; x_wconf 85' lang='lat' dir='ltr'>d&#39;Eux</span> <span class='ocrx_word' id='word_1_156' title='bbox 266 2156 306 2215; x_wconf 91' lang='lat' dir='ltr'>et</span> <span class='ocrx_word' id='word_1_157' title='bbox 331 2147 354 2215; x_wconf 78' lang='lat' dir='ltr'>a</span> <span class='ocrx_word' id='word_1_158' title='bbox 382 2167 451 2215; x_wconf 93' lang='lat' dir='ltr'>son</span> <span class='ocrx_word' id='word_1_159' title='bbox 479 2143 593 2238; x_wconf 89' lang='lat' dir='ltr'>profit</span> <span class='ocrx_word' id='word_1_160' title='bbox 619 2159 684 2216; x_wconf 90' lang='lat' dir='ltr'>eut</span> <span class='ocrx_word' id='word_1_161' title='bbox 712 2153 774 2216; x_wconf 89' lang='lat' dir='ltr'>ete</span> <span class='ocrx_word' id='word_1_162' title='bbox 801 2144 976 2228; x_wconf 84' lang='lat' dir='ltr'>obtenue,</span> <span class='ocrx_word' id='word_1_163' title='bbox 1007 2159 1047 2217; x_wconf 91' lang='lat' dir='ltr'>et</span> <span class='ocrx_word' id='word_1_164' title='bbox 1083 2168 1178 2218; x_wconf 90' lang='lat' dir='ltr'>nous</span> <span class='ocrx_word' id='word_1_165' title='bbox 1216 2167 1382 2240; x_wconf 88' lang='lat' dir='ltr'>apparve</span> <span class='ocrx_word' id='word_1_166' title='bbox 1419 2167 1492 2216; x_wconf 91' lang='lat' dir='ltr'>une</span> <span class='ocrx_word' id='word_1_167' title='bbox 1525 2165 1611 2215; x_wconf 87' lang='lat' dir='ltr'>sen-</span> 
     </span>
     <span class='ocr_line' id='line_1_16' title="bbox 110 2264 1611 2367; baseline 0.001 -29"><span class='ocrx_word' id='word_1_168' title='bbox 110 2282 220 2339; x_wconf 90' lang='lat' dir='ltr'>tence</span> <span class='ocrx_word' id='word_1_169' title='bbox 248 2264 435 2340; x_wconf 87' lang='lat' dir='ltr'>definitive</span> <span class='ocrx_word' id='word_1_170' title='bbox 463 2281 503 2339; x_wconf 90' lang='lat' dir='ltr'>et</span> <span class='ocrx_word' id='word_1_171' title='bbox 530 2265 798 2367; x_wconf 90' lang='lat' dir='ltr'>adjudicatoire</span> <span class='ocrx_word' id='word_1_172' title='bbox 826 2268 875 2340; x_wconf 87' lang='lat' dir='ltr'>de</span> <span class='ocrx_word' id='word_1_173' title='bbox 902 2265 1016 2341; x_wconf 88' lang='lat' dir='ltr'>ladite</span> <span class='ocrx_word' id='word_1_174' title='bbox 1045 2267 1174 2366; x_wconf 89' lang='lat' dir='ltr'>Eglise</span> <span class='ocrx_word' id='word_1_175' title='bbox 1210 2292 1258 2341; x_wconf 87' lang='lat' dir='ltr'>en</span> <span class='ocrx_word' id='word_1_176' title='bbox 1291 2266 1465 2365; x_wconf 85' lang='lat' dir='ltr'>petitoire</span> <span class='ocrx_word' id='word_1_177' title='bbox 1493 2264 1611 2340; x_wconf 90' lang='lat' dir='ltr'>seule·</span> 
     </span>
     <span class='ocr_line' id='line_1_17' title="bbox 110 2389 1611 2486; baseline -0.001 -22"><span class='ocrx_word' id='word_1_178' title='bbox 110 2404 216 2464; x_wconf 92' lang='lat' dir='ltr'>ment</span> <span class='ocrx_word' id='word_1_179' title='bbox 244 2413 292 2464; x_wconf 93' lang='lat' dir='ltr'>en</span> <span class='ocrx_word' id='word_1_180' title='bbox 321 2389 425 2464; x_wconf 91' lang='lat' dir='ltr'>Cour</span> <span class='ocrx_word' id='word_1_181' title='bbox 452 2389 500 2462; x_wconf 91' lang='lat' dir='ltr'>de</span> <span class='ocrx_word' id='word_1_182' title='bbox 529 2391 662 2478; x_wconf 89' lang='lat' dir='ltr'>Rome,</span> <span class='ocrx_word' id='word_1_183' title='bbox 692 2391 832 2465; x_wconf 88' lang='lat' dir='ltr'>devant</span> <span class='ocrx_word' id='word_1_184' title='bbox 858 2389 977 2477; x_wconf 90' lang='lat' dir='ltr'>Vous,</span> <span class='ocrx_word' id='word_1_185' title='bbox 1009 2415 1057 2464; x_wconf 91' lang='lat' dir='ltr'>ou</span> <span class='ocrx_word' id='word_1_186' title='bbox 1085 2393 1108 2464; x_wconf 77' lang='lat' dir='ltr'>a</span> <span class='ocrx_word' id='word_1_187' title='bbox 1135 2406 1234 2465; x_wconf 89' lang='lat' dir='ltr'>cette</span> <span class='ocrx_word' id='word_1_188' title='bbox 1262 2390 1310 2464; x_wconf 91' lang='lat' dir='ltr'>fin</span> <span class='ocrx_word' id='word_1_189' title='bbox 1339 2390 1414 2464; x_wconf 88' lang='lat' dir='ltr'>Les</span> <span class='ocrx_word' id='word_1_190' title='bbox 1441 2416 1465 2486; x_wconf 94' lang='lat' dir='ltr'>y</span> <span class='ocrx_word' id='word_1_191' title='bbox 1492 2414 1611 2463; x_wconf 90' lang='lat' dir='ltr'>avons</span> 
     </span>
     <span class='ocr_line' id='line_1_18' title="bbox 110 2515 1611 2612; baseline -0.001 -25"><span class='ocrx_word' id='word_1_192' title='bbox 110 2540 309 2610; x_wconf 87' lang='lat' dir='ltr'>renvoyes,</span> <span class='ocrx_word' id='word_1_193' title='bbox 338 2529 447 2588; x_wconf 90' lang='lat' dir='ltr'>outre</span> <span class='ocrx_word' id='word_1_194' title='bbox 476 2527 602 2589; x_wconf 89' lang='lat' dir='ltr'>toutes</span> <span class='ocrx_word' id='word_1_195' title='bbox 630 2530 759 2589; x_wconf 85' lang='lat' dir='ltr'>autres</span> <span class='ocrx_word' id='word_1_196' title='bbox 787 2532 986 2590; x_wconf 87' lang='lat' dir='ltr'>sentences</span> <span class='ocrx_word' id='word_1_197' title='bbox 1015 2515 1063 2590; x_wconf 93' lang='lat' dir='ltr'>de</span> <span class='ocrx_word' id='word_1_198' title='bbox 1091 2531 1273 2612; x_wconf 88' lang='lat' dir='ltr'>paravant</span> <span class='ocrx_word' id='word_1_199' title='bbox 1301 2541 1363 2590; x_wconf 90' lang='lat' dir='ltr'>ces</span> <span class='ocrx_word' id='word_1_200' title='bbox 1387 2515 1523 2589; x_wconf 90' lang='lat' dir='ltr'>beures</span> <span class='ocrx_word' id='word_1_201' title='bbox 1542 2538 1611 2611; x_wconf 87' lang='lat' dir='ltr'>par</span> 
     </span>
     <span class='ocr_line' id='line_1_19' title="bbox 110 2637 1609 2727; baseline 0.002 -16"><span class='ocrx_word' id='word_1_202' title='bbox 110 2637 268 2713; x_wconf 88' lang='lat' dir='ltr'>lesdites</span> <span class='ocrx_word' id='word_1_203' title='bbox 297 2639 453 2727; x_wconf 86' lang='lat' dir='ltr'>Parties,</span> <span class='ocrx_word' id='word_1_204' title='bbox 481 2665 531 2713; x_wconf 91' lang='lat' dir='ltr'>ou</span> <span class='ocrx_word' id='word_1_205' title='bbox 558 2638 660 2713; x_wconf 91' lang='lat' dir='ltr'>l’une</span> <span class='ocrx_word' id='word_1_206' title='bbox 687 2639 853 2714; x_wconf 90' lang='lat' dir='ltr'>d’icelles</span> <span class='ocrx_word' id='word_1_207' title='bbox 880 2643 904 2714; x_wconf 76' lang='lat' dir='ltr'>a</span> <span class='ocrx_word' id='word_1_208' title='bbox 930 2639 1045 2714; x_wconf 89' lang='lat' dir='ltr'>ladite</span> <span class='ocrx_word' id='word_1_209' title='bbox 1073 2639 1178 2714; x_wconf 90' lang='lat' dir='ltr'>Cour</span> <span class='ocrx_word' id='word_1_210' title='bbox 1206 2640 1253 2714; x_wconf 89' lang='lat' dir='ltr'>de</span> <span class='ocrx_word' id='word_1_211' title='bbox 1273 2641 1395 2714; x_wconf 93' lang='lat' dir='ltr'>Rome</span> <span class='ocrx_word' id='word_1_212' title='bbox 1413 2641 1609 2714; x_wconf 77' lang='lat' dir='ltr'>obtenues</span> 
     </span>
    </p>

    <p class='ocr_par' dir='ltr' id='par_1_6' title="bbox 110 2763 1617 3736">
     <span class='ocr_line' id='line_1_20' title="bbox 192 2763 1607 2861; baseline 0.001 -25"><span class='ocrx_word' id='word_1_213' title='bbox 192 2763 232 2837; x_wconf 91' lang='lat' dir='ltr'>Si</span> <span class='ocrx_word' id='word_1_214' title='bbox 261 2790 355 2838; x_wconf 91' lang='lat' dir='ltr'>vous</span> <span class='ocrx_word' id='word_1_215' title='bbox 383 2766 520 2860; x_wconf 91' lang='lat' dir='ltr'>prions,</span> <span class='ocrx_word' id='word_1_216' title='bbox 553 2778 635 2838; x_wconf 90' lang='lat' dir='ltr'>tant</span> <span class='ocrx_word' id='word_1_217' title='bbox 662 2790 736 2860; x_wconf 89' lang='lat' dir='ltr'>que</span> <span class='ocrx_word' id='word_1_218' title='bbox 764 2763 849 2861; x_wconf 91' lang='lat' dir='ltr'>plus</span> <span class='ocrx_word' id='word_1_219' title='bbox 877 2789 1060 2861; x_wconf 91' lang='lat' dir='ltr'>pouvons,</span> <span class='ocrx_word' id='word_1_220' title='bbox 1092 2789 1166 2861; x_wconf 92' lang='lat' dir='ltr'>que</span> <span class='ocrx_word' id='word_1_221' title='bbox 1195 2763 1359 2840; x_wconf 82' lang='lat' dir='ltr'>ndtredit</span> <span class='ocrx_word' id='word_1_222' title='bbox 1387 2763 1607 2849; x_wconf 87' lang='lat' dir='ltr'>Secretaire,</span> 
     </span>
     <span class='ocr_line' id='line_1_21' title="bbox 111 2871 1610 2987; baseline 0.001 -26"><span class='ocrx_word' id='word_1_223' title='bbox 111 2889 254 2987; x_wconf 87' lang='lat' dir='ltr'>duquel</span> <span class='ocrx_word' id='word_1_224' title='bbox 282 2888 452 2964; x_wconf 88' lang='lat' dir='ltr'>desirons</span> <span class='ocrx_word' id='word_1_225' title='bbox 481 2892 529 2964; x_wconf 92' lang='lat' dir='ltr'>de</span> <span class='ocrx_word' id='word_1_226' title='bbox 558 2905 641 2964; x_wconf 91' lang='lat' dir='ltr'>tout</span> <span class='ocrx_word' id='word_1_227' title='bbox 670 2889 777 2965; x_wconf 80' lang='lat' dir='ltr'>ndtre</span> <span class='ocrx_word' id='word_1_228' title='bbox 804 2915 908 2964; x_wconf 87' lang='lat' dir='ltr'>coeur</span> <span class='ocrx_word' id='word_1_229' title='bbox 936 2890 971 2964; x_wconf 91' lang='lat' dir='ltr'>le</span> <span class='ocrx_word' id='word_1_230' title='bbox 987 2892 1073 2965; x_wconf 86' lang='lat' dir='ltr'>bien</span> <span class='ocrx_word' id='word_1_231' title='bbox 1092 2906 1132 2964; x_wconf 92' lang='lat' dir='ltr'>et</span> <span class='ocrx_word' id='word_1_232' title='bbox 1150 2871 1396 2964; x_wconf 64' lang='lat' dir='ltr'>avancdment</span> <span class='ocrx_word' id='word_1_233' title='bbox 1415 2914 1462 2963; x_wconf 90' lang='lat' dir='ltr'>en</span> <span class='ocrx_word' id='word_1_234' title='bbox 1482 2889 1610 2964; x_wconf 89' lang='lat' dir='ltr'>Sainte</span> 
     </span>
     <span class='ocr_line' id='line_1_22' title="bbox 112 3013 1617 3112; baseline 0 -26"><span class='ocrx_word' id='word_1_235' title='bbox 112 3013 254 3112; x_wconf 83' lang='lat' dir='ltr'>Eglise,</span> <span class='ocrx_word' id='word_1_236' title='bbox 285 3015 415 3112; x_wconf 90' lang='lat' dir='ltr'>etqui</span> <span class='ocrx_word' id='word_1_237' title='bbox 452 3013 558 3088; x_wconf 90' lang='lat' dir='ltr'>selon</span> <span class='ocrx_word' id='word_1_238' title='bbox 587 3040 783 3088; x_wconf 90' lang='lat' dir='ltr'>commune</span> <span class='ocrx_word' id='word_1_239' title='bbox 817 3024 1034 3089; x_wconf 86' lang='lat' dir='ltr'>renommee</span> <span class='ocrx_word' id='word_1_240' title='bbox 1062 3041 1085 3088; x_wconf 93' lang='lat' dir='ltr'>a</span> <span class='ocrx_word' id='word_1_241' title='bbox 1110 3017 1187 3088; x_wconf 93' lang='lat' dir='ltr'>bon</span> <span class='ocrx_word' id='word_1_242' title='bbox 1214 3015 1324 3101; x_wconf 89' lang='lat' dir='ltr'>droit,</span> <span class='ocrx_word' id='word_1_243' title='bbox 1353 3030 1393 3088; x_wconf 95' lang='lat' dir='ltr'>et</span> <span class='ocrx_word' id='word_1_244' title='bbox 1424 3031 1484 3088; x_wconf 91' lang='lat' dir='ltr'>est</span> <span class='ocrx_word' id='word_1_245' title='bbox 1521 3014 1617 3089; x_wconf 77' lang='lat' dir='ltr'>natis</span> 
     </span>
     <span class='ocr_line' id='line_1_23' title="bbox 110 3137 1610 3236; baseline 0.001 -25"><span class='ocrx_word' id='word_1_246' title='bbox 110 3139 224 3213; x_wconf 86' lang='lat' dir='ltr'>dela</span> <span class='ocrx_word' id='word_1_247' title='bbox 252 3139 330 3213; x_wconf 91' lang='lat' dir='ltr'>dite</span> <span class='ocrx_word' id='word_1_248' title='bbox 358 3139 541 3226; x_wconf 91' lang='lat' dir='ltr'>Paroisse,</span> <span class='ocrx_word' id='word_1_249' title='bbox 572 3164 667 3212; x_wconf 92' lang='lat' dir='ltr'>vous</span> <span class='ocrx_word' id='word_1_250' title='bbox 696 3137 864 3213; x_wconf 90' lang='lat' dir='ltr'>veuillies</span> <span class='ocrx_word' id='word_1_251' title='bbox 892 3165 988 3236; x_wconf 90' lang='lat' dir='ltr'>pour</span> <span class='ocrx_word' id='word_1_252' title='bbox 1015 3164 1148 3213; x_wconf 86' lang='lat' dir='ltr'>amour</span> <span class='ocrx_word' id='word_1_253' title='bbox 1175 3154 1214 3212; x_wconf 95' lang='lat' dir='ltr'>et</span> <span class='ocrx_word' id='word_1_254' title='bbox 1241 3139 1533 3236; x_wconf 88' lang='lat' dir='ltr'>contemplation</span> <span class='ocrx_word' id='word_1_255' title='bbox 1562 3140 1610 3212; x_wconf 91' lang='lat' dir='ltr'>de</span> 
     </span>
     <span class='ocr_line' id='line_1_24' title="bbox 111 3263 1612 3360; baseline 0.001 -24"><span class='ocrx_word' id='word_1_256' title='bbox 111 3263 232 3351; x_wconf 87' lang='lat' dir='ltr'>Nous,</span> <span class='ocrx_word' id='word_1_257' title='bbox 262 3288 309 3337; x_wconf 90' lang='lat' dir='ltr'>en</span> <span class='ocrx_word' id='word_1_258' title='bbox 336 3279 435 3338; x_wconf 87' lang='lat' dir='ltr'>cette</span> <span class='ocrx_word' id='word_1_259' title='bbox 465 3265 630 3352; x_wconf 86' lang='lat' dir='ltr'>matiere,</span> <span class='ocrx_word' id='word_1_260' title='bbox 661 3279 699 3336; x_wconf 94' lang='lat' dir='ltr'>et</span> <span class='ocrx_word' id='word_1_261' title='bbox 731 3279 819 3337; x_wconf 90' lang='lat' dir='ltr'>tous</span> <span class='ocrx_word' id='word_1_262' title='bbox 857 3289 920 3338; x_wconf 90' lang='lat' dir='ltr'>ses</span> <span class='ocrx_word' id='word_1_263' title='bbox 947 3280 1074 3338; x_wconf 90' lang='lat' dir='ltr'>autres</span> <span class='ocrx_word' id='word_1_264' title='bbox 1102 3264 1248 3338; x_wconf 83' lang='lat' dir='ltr'>allaires</span> <span class='ocrx_word' id='word_1_265' title='bbox 1267 3263 1481 3360; x_wconf 74' lang='lat' dir='ltr'>depardela,</span> <span class='ocrx_word' id='word_1_266' title='bbox 1507 3264 1612 3338; x_wconf 87' lang='lat' dir='ltr'>avoir</span> 
     </span>
     <span class='ocr_line' id='line_1_25' title="bbox 110 3385 1610 3487; baseline 0 -25"><span class='ocrx_word' id='word_1_267' title='bbox 110 3414 159 3462; x_wconf 91' lang='lat' dir='ltr'>en</span> <span class='ocrx_word' id='word_1_268' title='bbox 169 3389 306 3487; x_wconf 88' lang='lat' dir='ltr'>justice</span> <span class='ocrx_word' id='word_1_269' title='bbox 319 3411 417 3484; x_wconf 91' lang='lat' dir='ltr'>pour</span> <span class='ocrx_word' id='word_1_270' title='bbox 435 3387 729 3462; x_wconf 81' lang='lat' dir='ltr'>favorablement</span> <span class='ocrx_word' id='word_1_271' title='bbox 748 3389 1022 3475; x_wconf 85' lang='lat' dir='ltr'>recommande,</span> <span class='ocrx_word' id='word_1_272' title='bbox 1044 3404 1083 3462; x_wconf 88' lang='lat' dir='ltr'>et</span> <span class='ocrx_word' id='word_1_273' title='bbox 1101 3413 1148 3462; x_wconf 92' lang='lat' dir='ltr'>en</span> <span class='ocrx_word' id='word_1_274' title='bbox 1167 3385 1281 3463; x_wconf 90' lang='lat' dir='ltr'>ladite</span> <span class='ocrx_word' id='word_1_275' title='bbox 1300 3390 1455 3463; x_wconf 86' lang='lat' dir='ltr'>matiere</span> <span class='ocrx_word' id='word_1_276' title='bbox 1475 3402 1610 3462; x_wconf 89' lang='lat' dir='ltr'>mettre</span> 
     </span>
     <span class='ocr_line' id='line_1_26' title="bbox 111 3511 1610 3610; baseline 0.001 -26"><span class='ocrx_word' id='word_1_277' title='bbox 111 3512 161 3586; x_wconf 85' lang='lat' dir='ltr'>fin</span> <span class='ocrx_word' id='word_1_278' title='bbox 190 3513 226 3586; x_wconf 88' lang='lat' dir='ltr'>la</span> <span class='ocrx_word' id='word_1_279' title='bbox 254 3511 338 3609; x_wconf 90' lang='lat' dir='ltr'>plus</span> <span class='ocrx_word' id='word_1_280' title='bbox 366 3513 492 3587; x_wconf 85' lang='lat' dir='ltr'>brieve</span> <span class='ocrx_word' id='word_1_281' title='bbox 521 3537 595 3610; x_wconf 91' lang='lat' dir='ltr'>que</span> <span class='ocrx_word' id='word_1_282' title='bbox 622 3529 722 3588; x_wconf 89' lang='lat' dir='ltr'>estre</span> <span class='ocrx_word' id='word_1_283' title='bbox 750 3537 908 3609; x_wconf 88' lang='lat' dir='ltr'>pourra;</span> <span class='ocrx_word' id='word_1_284' title='bbox 938 3531 977 3585; x_wconf 91' lang='lat' dir='ltr'>et</span> <span class='ocrx_word' id='word_1_285' title='bbox 1012 3539 1055 3586; x_wconf 87' lang='lat' dir='ltr'>ce</span> <span class='ocrx_word' id='word_1_286' title='bbox 1083 3511 1227 3599; x_wconf 80' lang='lat' dir='ltr'>faisant,</span> <span class='ocrx_word' id='word_1_287' title='bbox 1260 3539 1355 3588; x_wconf 91' lang='lat' dir='ltr'>nous</span> <span class='ocrx_word' id='word_1_288' title='bbox 1389 3514 1489 3587; x_wconf 82' lang='lat' dir='ltr'>feres</span> <span class='ocrx_word' id='word_1_289' title='bbox 1525 3513 1610 3587; x_wconf 90' lang='lat' dir='ltr'>bien</span> 
     </span>
     <span class='ocr_line' id='line_1_27' title="bbox 110 3636 1473 3736; baseline 0.002 -27"><span class='ocrx_word' id='word_1_290' title='bbox 110 3636 235 3736; x_wconf 84' lang='lat' dir='ltr'>grand</span> <span class='ocrx_word' id='word_1_291' title='bbox 263 3652 302 3710; x_wconf 93' lang='lat' dir='ltr'>et</span> <span class='ocrx_word' id='word_1_292' title='bbox 329 3637 510 3734; x_wconf 85' lang='lat' dir='ltr'>singulier</span> <span class='ocrx_word' id='word_1_293' title='bbox 536 3637 673 3734; x_wconf 89' lang='lat' dir='ltr'>plaisir,</span> <span class='ocrx_word' id='word_1_294' title='bbox 704 3637 798 3710; x_wconf 93' lang='lat' dir='ltr'>dont</span> <span class='ocrx_word' id='word_1_295' title='bbox 826 3661 922 3711; x_wconf 88' lang='lat' dir='ltr'>vous</span> <span class='ocrx_word' id='word_1_296' title='bbox 951 3662 1109 3712; x_wconf 84' lang='lat' dir='ltr'>saurons</span> <span class='ocrx_word' id='word_1_297' title='bbox 1138 3636 1216 3711; x_wconf 78' lang='lat' dir='ltr'>tres</span> <span class='ocrx_word' id='word_1_298' title='bbox 1245 3637 1366 3736; x_wconf 84' lang='lat' dir='ltr'>grand</span> <span class='ocrx_word' id='word_1_299' title='bbox 1394 3637 1473 3736; x_wconf 74' lang='lat' dir='ltr'>gre.</span> 
     </span>
    </p>

    <p class='ocr_par' dir='ltr' id='par_1_7' title="bbox 110 3761 1611 3984">
     <span class='ocr_line' id='line_1_28' title="bbox 193 3761 1611 3860; baseline 0 -24"><span class='ocrx_word' id='word_1_300' title='bbox 193 3761 290 3836; x_wconf 78' lang='lat' dir='ltr'>Tres</span> <span class='ocrx_word' id='word_1_301' title='bbox 318 3763 427 3836; x_wconf 89' lang='lat' dir='ltr'>chers</span> <span class='ocrx_word' id='word_1_302' title='bbox 455 3777 493 3835; x_wconf 91' lang='lat' dir='ltr'>et</span> <span class='ocrx_word' id='word_1_303' title='bbox 520 3763 661 3859; x_wconf 86' lang='lat' dir='ltr'>grands</span> <span class='ocrx_word' id='word_1_304' title='bbox 688 3763 793 3849; x_wconf 89' lang='lat' dir='ltr'>amis,</span> <span class='ocrx_word' id='word_1_305' title='bbox 823 3788 866 3835; x_wconf 91' lang='lat' dir='ltr'>ce</span> <span class='ocrx_word' id='word_1_306' title='bbox 895 3761 967 3836; x_wconf 89' lang='lat' dir='ltr'>soit</span> <span class='ocrx_word' id='word_1_307' title='bbox 997 3763 1120 3838; x_wconf 86' lang='lat' dir='ltr'>Dieux</span> <span class='ocrx_word' id='word_1_308' title='bbox 1157 3763 1221 3860; x_wconf 93' lang='lat' dir='ltr'>qui</span> <span class='ocrx_word' id='word_1_309' title='bbox 1257 3789 1352 3836; x_wconf 90' lang='lat' dir='ltr'>vous</span> <span class='ocrx_word' id='word_1_310' title='bbox 1388 3762 1440 3836; x_wconf 90' lang='lat' dir='ltr'>ait</span> <span class='ocrx_word' id='word_1_311' title='bbox 1480 3787 1527 3835; x_wconf 90' lang='lat' dir='ltr'>en</span> <span class='ocrx_word' id='word_1_312' title='bbox 1569 3785 1611 3836; x_wconf 86' lang='lat' dir='ltr'>sa</span> 
     </span>
     <span class='ocr_line' id='line_1_29' title="bbox 110 3887 391 3984; baseline 0.007 -24"><span class='ocrx_word' id='word_1_313' title='bbox 110 3889 233 3962; x_wconf 88' lang='lat' dir='ltr'>sainte</span> <span class='ocrx_word' id='word_1_314' title='bbox 260 3887 391 3984; x_wconf 89' lang='lat' dir='ltr'>garde.</span> 
     </span>
    </p>

    <p class='ocr_par' dir='ltr' id='par_1_8' title="bbox 192 4010 1554 4112">
     <span class='ocr_line' id='line_1_30' title="bbox 192 4010 1554 4112; baseline 0.003 -26"><span class='ocrx_word' id='word_1_315' title='bbox 192 4013 297 4086; x_wconf 89' lang='lat' dir='ltr'>Ecrit</span> <span class='ocrx_word' id='word_1_316' title='bbox 324 4037 370 4086; x_wconf 94' lang='lat' dir='ltr'>en</span> <span class='ocrx_word' id='word_1_317' title='bbox 400 4027 508 4086; x_wconf 91' lang='lat' dir='ltr'>notre</span> <span class='ocrx_word' id='word_1_318' title='bbox 536 4011 621 4087; x_wconf 90' lang='lat' dir='ltr'>ville</span> <span class='ocrx_word' id='word_1_319' title='bbox 649 4013 696 4086; x_wconf 93' lang='lat' dir='ltr'>de</span> <span class='ocrx_word' id='word_1_320' title='bbox 725 4011 876 4086; x_wconf 90' lang='lat' dir='ltr'>Vennes</span> <span class='ocrx_word' id='word_1_321' title='bbox 905 4011 940 4086; x_wconf 90' lang='lat' dir='ltr'>le</span> <span class='ocrx_word' id='word_1_322' title='bbox 968 4010 1115 4086; x_wconf 87' lang='lat' dir='ltr'>derrain</span> <span class='ocrx_word' id='word_1_323' title='bbox 1138 4015 1225 4112; x_wconf 89' lang='lat' dir='ltr'>jour</span> <span class='ocrx_word' id='word_1_324' title='bbox 1253 4015 1300 4086; x_wconf 90' lang='lat' dir='ltr'>de</span> <span class='ocrx_word' id='word_1_325' title='bbox 1329 4014 1554 4109; x_wconf 90' lang='lat' dir='ltr'>septembre.</span> 
     </span>
    </p>
   </div>
   <div class='ocr_carea' id='block_1_5' title="bbox 1286 4192 1422 4267">
    <p class='ocr_par' dir='ltr' id='par_1_9' title="bbox 1286 4192 1422 4267">
     <span class='ocr_line' id='line_1_31' title="bbox 1286 4192 1422 4267; baseline 0.022 -3"><span class='ocrx_word' id='word_1_326' title='bbox 1286 4192 1422 4267; x_wconf 84' lang='lat' dir='ltr'>Pierre.</span> 
     </span>
    </p>
   </div>
   <div class='ocr_carea' id='block_1_6' title="bbox 1327 4315 1605 4412">
    <p class='ocr_par' dir='ltr' id='par_1_10' title="bbox 1327 4315 1605 4412">
     <span class='ocr_line' id='line_1_32' title="bbox 1327 4315 1605 4412; baseline 0.004 -25"><span class='ocrx_word' id='word_1_327' title='bbox 1327 4315 1387 4390; x_wconf 91' lang='lat' dir='ltr'>De</span> <span class='ocrx_word' id='word_1_328' title='bbox 1416 4315 1470 4390; x_wconf 89' lang='lat' dir='ltr'>La</span> <span class='ocrx_word' id='word_1_329' title='bbox 1499 4315 1605 4412; x_wconf 86' lang='lat' dir='ltr'>haye.</span> 
     </span>
    </p>
   </div>
   <div class='ocr_carea' id='block_1_7' title="bbox 190 4494 1308 4856">
    <p class='ocr_par' dir='ltr' id='par_1_11' title="bbox 190 4494 1308 4856">
     <span class='ocr_line' id='line_1_33' title="bbox 190 4494 1226 4593; baseline 0.002 -28"><span class='ocrx_word' id='word_1_330' title='bbox 190 4497 323 4592; x_wconf 72' lang='lat' dir='ltr'>(uerso)</span> <span class='ocrx_word' id='word_1_331' title='bbox 491 4495 527 4567; x_wconf 90' lang='lat' dir='ltr'><strong>A</strong></span> <span class='ocrx_word' id='word_1_332' title='bbox 557 4518 625 4566; x_wconf 89' lang='lat' dir='ltr'>nos</span> <span class='ocrx_word' id='word_1_333' title='bbox 654 4507 730 4568; x_wconf 91' lang='lat' dir='ltr'>tres</span> <span class='ocrx_word' id='word_1_334' title='bbox 759 4494 867 4568; x_wconf 88' lang='lat' dir='ltr'>chers</span> <span class='ocrx_word' id='word_1_335' title='bbox 895 4510 934 4568; x_wconf 89' lang='lat' dir='ltr'>et</span> <span class='ocrx_word' id='word_1_336' title='bbox 961 4495 1104 4593; x_wconf 87' lang='lat' dir='ltr'>grands</span> <span class='ocrx_word' id='word_1_337' title='bbox 1132 4496 1226 4568; x_wconf 92' lang='lat' dir='ltr'>amis</span> 
     </span>
     <span class='ocr_line' id='line_1_34' title="bbox 422 4617 1308 4714; baseline -0.001 -23"><span class='ocrx_word' id='word_1_338' title='bbox 422 4618 496 4692; x_wconf 90' lang='lat' dir='ltr'>Les</span> <span class='ocrx_word' id='word_1_339' title='bbox 526 4617 660 4714; x_wconf 85' lang='lat' dir='ltr'>Doyen</span> <span class='ocrx_word' id='word_1_340' title='bbox 688 4632 727 4691; x_wconf 90' lang='lat' dir='ltr'>et</span> <span class='ocrx_word' id='word_1_341' title='bbox 755 4618 962 4692; x_wconf 89' lang='lat' dir='ltr'>Auditeurs</span> <span class='ocrx_word' id='word_1_342' title='bbox 990 4618 1037 4692; x_wconf 92' lang='lat' dir='ltr'>de</span> <span class='ocrx_word' id='word_1_343' title='bbox 1065 4619 1101 4692; x_wconf 91' lang='lat' dir='ltr'>la</span> <span class='ocrx_word' id='word_1_344' title='bbox 1129 4619 1212 4692; x_wconf 88' lang='lat' dir='ltr'>Roe</span> <span class='ocrx_word' id='word_1_345' title='bbox 1240 4617 1308 4692; x_wconf 90' lang='lat' dir='ltr'>des</span> 
     </span>
     <span class='ocr_line' id='line_1_35' title="bbox 344 4740 1253 4856; baseline 0.001 -39"><span class='ocrx_word' id='word_1_346' title='bbox 344 4829 355 4856; x_wconf 40' lang='grc' dir='ltr'>ί</span> <span class='ocrx_word' id='word_1_347' title='bbox 473 4742 619 4817; x_wconf 89' lang='lat' dir='ltr'>Causes</span> <span class='ocrx_word' id='word_1_348' title='bbox 647 4742 696 4814; x_wconf 92' lang='lat' dir='ltr'>du</span> <span class='ocrx_word' id='word_1_349' title='bbox 725 4740 833 4816; x_wconf 90' lang='lat' dir='ltr'>Saint</span> <span class='ocrx_word' id='word_1_350' title='bbox 861 4742 974 4841; x_wconf 86' lang='lat' dir='ltr'>Siege</span> <span class='ocrx_word' id='word_1_351' title='bbox 1002 4742 1253 4840; x_wconf 89' lang='lat' dir='ltr'>apostolique.</span> 
     </span>
    </p>
   </div>
   <div class='ocr_carea' id='block_1_8' title="bbox 1846 1903 1848 4004">
    <p class='ocr_par' dir='ltr' id='par_1_12' title="bbox 1846 1903 1848 4004">
     <span class='ocr_line' id='line_1_36' title="bbox 1847 1903 1848 1924; baseline 0 0"><span class='ocrx_word' id='word_1_352' title='bbox 1847 1903 1848 1924; x_wconf 96' lang='grc'>1</span> 
     </span>
     <span class='ocr_line' id='line_1_37' title="bbox 1847 1929 1848 1948; baseline 0 0"><span class='ocrx_word' id='word_1_353' title='bbox 1847 1929 1848 1948; x_wconf 93' lang='grc'>1</span> 
     </span>
     <span class='ocr_line' id='line_1_38' title="bbox 1847 1957 1848 1978; baseline 0 0"><span class='ocrx_word' id='word_1_354' title='bbox 1847 1957 1848 1978; x_wconf 96' lang='grc'>1</span> 
     </span>
     <span class='ocr_line' id='line_1_39' title="bbox 1847 2191 1848 2218; baseline 0 0"><span class='ocrx_word' id='word_1_355' title='bbox 1847 2191 1848 2218; x_wconf 96' lang='grc'>1</span> 
     </span>
     <span class='ocr_line' id='line_1_40' title="bbox 1847 2253 1848 2276; baseline 0 0"><span class='ocrx_word' id='word_1_356' title='bbox 1847 2253 1848 2276; x_wconf 94' lang='grc'>1</span> 
     </span>
     <span class='ocr_line' id='line_1_41' title="bbox 1847 2329 1848 2344; baseline 0 0"><span class='ocrx_word' id='word_1_357' title='bbox 1847 2329 1848 2344; x_wconf 98' lang='grc'>1</span> 
     </span>
     <span class='ocr_line' id='line_1_42' title="bbox 1847 2349 1848 2362; baseline 0 0"><span class='ocrx_word' id='word_1_358' title='bbox 1847 2349 1848 2362; x_wconf 73' lang='grc'><strong>1</strong></span> 
     </span>
     <span class='ocr_line' id='line_1_43' title="bbox 1846 2761 1848 2776; baseline 0 0"><span class='ocrx_word' id='word_1_359' title='bbox 1846 2761 1848 2776; x_wconf 78' lang='grc'><strong>.</strong></span> 
     </span>
     <span class='ocr_line' id='line_1_44' title="bbox 1847 3881 1848 3908; baseline 0 0"><span class='ocrx_word' id='word_1_360' title='bbox 1847 3881 1848 3908; x_wconf 96' lang='grc'>1</span> 
     </span>
     <span class='ocr_line' id='line_1_45' title="bbox 1847 3949 1848 3972; baseline 0 0"><span class='ocrx_word' id='word_1_361' title='bbox 1847 3949 1848 3972; x_wconf 94' lang='grc'>1</span> 
     </span>
     <span class='ocr_line' id='line_1_46' title="bbox 1847 3979 1848 4004; baseline 0 0"><span class='ocrx_word' id='word_1_362' title='bbox 1847 3979 1848 4004; x_wconf 89' lang='grc'>1</span> 
     </span>
    </p>
   </div>
   <div class='ocr_carea' id='block_1_9' title="bbox 0 0 1866 5914">
    <p class='ocr_par' dir='ltr' id='par_1_13' title="bbox 0 0 1866 5914">
     <span class='ocr_line' id='line_1_47' title="bbox 0 0 1866 5914; baseline 0 0"><span class='ocrx_word' id='word_1_363' title='bbox 0 0 1866 5914; x_wconf 95' lang='lat' dir='ltr'> </span> 
     </span>
    </p>
   </div>
  </div>
 </body>
</html>
