3748 5914
246 329 302 388 272
881 329 1018 389 Saeculo
1035 329 1120 388 XVI

247 521 336 595 tioni
365 521 571 616 apostolice
597 545 645 592 ex
672 519 804 617 quavis
832 545 956 607 causa,
982 536 1226 616 preterquam
1250 521 1391 593 ratione
1420 519 1514 593 illius
1541 520 1747 593 vacationis

246 644 347 741 apud
385 645 515 716 sedem
554 643 759 739 predictam
803 657 869 716 aut
909 643 1167 717 familiaritatis
1204 645 1379 718 continue
1415 643 1748 717 commensalitatis

246 787 385 856 nostre,
407 785 446 842 et
473 784 562 841 tunc
581 767 738 842 viventis
758 768 919 842 Romani
936 767 1122 842 Pontificis
1140 784 1206 842 aut
1225 768 1329 841 cuius
1352 783 1523 864 tempore
1542 768 1749 841 vacationis

245 898 295 970 ad
314 895 351 968 id
365 917 572 969 consensus
586 893 834 990 requirendus
849 893 947 966 soret
959 892 1112 966 alicuius
1127 893 1225 967 dicte
1239 893 1397 968 ecclesie
1412 892 1623 967 Cardinalis
1637 916 1748 988 gene-

246 1022 371 1095 raliter
399 1033 642 1104 reservatum,
673 1016 732 1090 vel
765 1043 813 1090 ex
848 1017 1015 1116 generali
1047 1018 1256 1113 apostolica
1292 1019 1545 1092 reservatione
1576 1042 1621 1091 ac
1656 1016 1749 1090 alias

247 1142 531 1241 quomodolibet
557 1142 731 1216 affectum
759 1144 878 1228 fuerit,
896 1145 1086 1240 expedire,
1117 1159 1156 1216 et
1184 1143 1306 1240 ipsum
1325 1143 1544 1218 beneficium
1564 1143 1615 1216 sic
1634 1165 1747 1240 gene·

247 1270 374 1345 raliter
401 1285 645 1357 reservatum,
675 1269 735 1342 vel
763 1267 938 1342 aflectum
966 1285 1176 1365 acceptare,
1198 1269 1388 1365 consequi,
1409 1284 1449 1342 et
1466 1268 1655 1355 obtinere;
1678 1291 1748 1340 nec

249 1421 323 1470 non
342 1394 521 1470 beneficia
535 1397 606 1469 sub
625 1395 838 1468 huiusmodi
857 1396 987 1492 gratiis
1008 1395 1265 1490 expectativis,
1286 1411 1325 1467 et
1344 1394 1488 1467 illarum
1508 1393 1748 1466 collationum

248 1521 528 1606 mutationibus,
560 1519 899 1606 revalidationibus,
930 1534 970 1592 et
1005 1520 1286 1594 extensionibus
1323 1517 1604 1615 comprehensa,
1634 1519 1750 1590 etiam

249 1647 285 1718 in
312 1669 445 1720 eorum
473 1670 496 1717 a
524 1645 623 1718 dicta
653 1644 766 1717 Curia
784 1645 956 1718 absentia
974 1669 1042 1741 per
1060 1661 1341 1742 procuratorem
1362 1658 1438 1716 tam
1458 1642 1612 1716 indicta
1632 1640 1750 1716 Curia

247 1795 362 1866 quarn
391 1784 497 1843 extra
525 1794 620 1854 eam,
652 1770 765 1842 etiam
794 1771 829 1841 in
858 1793 998 1868 genere
1026 1783 1224 1864 acceptare
1251 1785 1290 1842 et
1318 1769 1365 1841 de
1394 1766 1463 1840 illis
1490 1767 1602 1839 etiam
1627 1767 1750 1863 provi-

248 1896 328 1970 deri
348 1896 479 1981 lacere,
502 1921 546 1968 ac
574 1893 666 1967 alias
694 1894 908 1994 diligentias
935 1894 1133 1990 requisitas
1161 1918 1230 1989 per
1258 1919 1310 1980 se,
1341 1891 1400 1966 vel
1426 1892 1521 1966 alios
1548 1891 1683 1980 lacere,
1704 1918 1751 1965 ac

248 2022 497 2094 instrumenta
524 2019 561 2090 in
581 2018 705 2114 specie
725 2043 772 2092 ex
792 2019 869 2092 suis
889 2021 988 2092 notis
1007 2016 1247 2116 generalibus
1265 2017 1576 2113 acceptationum,
1597 2032 1636 2090 et
1659 2017 1750 2090 alia-

250 2171 330 2218 rum
359 2144 635 2241 diligendarum
663 2143 915 2238 predictarum
943 2143 1089 2218 extrahi
1117 2143 1239 2215 facere
1266 2157 1306 2216 et
1330 2142 1507 2228 obtinere,
1529 2165 1573 2214 ac
1601 2141 1751 2213 Notarii

249 2271 367 2344 sicin
395 2293 537 2366 genere
566 2269 688 2366 rogati
716 2269 961 2342 instrumenta
992 2269 1027 2341 in
1056 2268 1182 2365 specie.
1208 2294 1255 2341 ex
1285 2267 1362 2342 suis
1391 2268 1489 2341 notis
1509 2266 1751 2364 generalibus

248 2397 413 2491 desuper
441 2395 546 2467 sactis
574 2395 624 2466 ad
652 2393 865 2466 instantiam
894 2394 1130 2478 Auditorum,
1161 2408 1201 2466 et
1228 2391 1535 2466 Locatenentium
1563 2391 1749 2487 predicto·

250 2547 343 2604 rum,
373 2520 422 2593 ad
450 2543 547 2614 quos
575 2516 613 2588 id
641 2534 841 2591 concernet
869 2519 1066 2592 extrahere
1094 2518 1289 2590 dumtaxat
1325 2533 1365 2589 et
1400 2515 1588 2615 publicare
1616 2540 1749 2613 respe-

249 2647 346 2719 ctive
374 2645 531 2741 possint,
562 2659 600 2716 et
629 2643 803 2718 debeant.

330 2771 380 2842 Et
415 2768 465 2843 ad
493 2767 794 2842 satisfaciendum
837 2765 978 2864 regule,
1008 2768 1087 2840 sive
1128 2767 1386 2842 constitutioni
1427 2767 1475 2839 de
1515 2765 1750 2862 publicandis

248 2894 582 2991 acceptationibus,
618 2906 659 2966 et
694 2891 980 2988 provisionibus,
1016 2917 1059 2965 ac
1095 2890 1164 2965 illis
1201 2890 1414 2964 intimandis
1449 2891 1748 2987 possessoribus,

250 3046 317 3094 seu
346 3019 401 3092 eis
429 3018 478 3092 ad
506 3017 679 3092 iudicium
707 3017 908 3090 evocandis
936 3041 1006 3113 pro
1034 3032 1205 3112 tempore
1232 3016 1343 3104 edite,
1372 3017 1484 3090 etiam
1503 3015 1648 3089 ratione
1667 3039 1750 3112 pre

249 3145 432 3218 dictarum
469 3142 801 3239 expectativarum,
833 3158 899 3215 aut
934 3141 1088 3216 aliarum
1126 3143 1342 3239 gratiarum,
1375 3157 1415 3215 et
1450 3140 1748 3214 reservationum

250 3292 570 3365 quarumcumque
598 3267 748 3340 minime
776 3282 985 3342 teneantur.
1015 3267 1073 3340 Ac
1101 3291 1231 3341 eorum
1250 3265 1384 3340 tratres
1406 3279 1446 3340 et
1465 3266 1647 3362 Nepotes,
1670 3281 1749 3338 tam

250 3393 537 3480 descendentes,
566 3415 680 3488 quam
711 3390 968 3478 Collaterales,
998 3417 1041 3465 ac
1070 3392 1221 3478 amicos
1253 3415 1320 3465 seu
1348 3389 1554 3465 benevolos
1580 3405 1619 3462 et
1642 3389 1750 3461 lami-
1866 3389 1867 3410 ¹

250 3520 362 3593 liares
389 3519 557 3614 ipsorum
586 3517 621 3590 in
651 3531 743 3603 toto,
775 3517 834 3590 vel
863 3517 899 3589 in
926 3531 1047 3613 parte,
1078 3531 1144 3590 aut
1171 3514 1397 3613 simpliciter,
1417 3531 1458 3588 et
1475 3515 1602 3610 quoad
1620 3537 1748 3599 unam,

250 3643 310 3718 vel
338 3643 475 3740 plures,
505 3667 572 3715 seu
601 3640 769 3739 singulas
797 3641 1001 3739 gratiarum
1029 3641 1348 3737 expectativarum
1385 3639 1439 3713 eis
1472 3663 1542 3736 pro
1577 3654 1750 3735 tempore

251 3793 525 3854 concessarum,
554 3782 594 3840 et
621 3765 765 3840 illarum
784 3747 1051 3848 mutationum,
1083 3765 1401 3851 revalidationum,
1430 3779 1470 3838 et
1487 3763 1749 3838 extensionum

251 3892 470 3968 collationes
488 3916 559 3989 pro
578 3893 854 3987 consequendis
873 3890 1174 3976 antelationibus,
1195 3889 1456 3987 prerogativis,
1477 3887 1690 3986 privilegiis,
1713 3904 1753 3961 et
1866 3879 1867 3964 ξ

250 4018 401 4092 indultis
429 4017 573 4091 eisdem
601 4017 848 4090 Auditoribus
880 4032 921 4090 et
957 4017 1275 4091 Locatenentibus
1302 4015 1338 4087 in
1365 4015 1603 4088 assecutione
1635 4013 1750 4086 bene-
1866 4045 1867 4060 ,

251 4143 416 4216 ficiorum
446 4142 577 4238 vigore
613 4140 820 4240 gratiarum
857 4141 1070 4216 huiusmodi
1109 4141 1426 4236 acceptandorum
1467 4163 1536 4236 pro
1577 4153 1750 4234 tempore

251 4267 440 4345 concessis
476 4266 560 4340 loco
602 4267 657 4338 sui
701 4265 911 4349 nominare,
950 4281 990 4339 et
1030 4264 1134 4362 quod
1175 4265 1228 4338 sic
1273 4264 1453 4338 nominati
1497 4261 1750 4362 prerogativis

252 4392 499 4466 Auditoribus
527 4407 567 4463 et
593 4390 912 4465 Locatenentibus
941 4391 1130 4465 concessis
1167 4405 1206 4463 et
1242 4389 1491 4463 concedendis
1525 4386 1747 4478 huiusmodi,

252 4519 288 4593 in
315 4516 612 4592 assecutionibus
639 4517 903 4591 beneficiorum
931 4515 1268 4590 ecclesiasticorum
1302 4515 1372 4588 sub
1400 4512 1671 4597 collationibus,
1700 4513 1749 4587 ad

250 4668 346 4740 quas
374 4641 552 4716 nominati
571 4641 706 4715 luerint
724 4641 1092 4736 comprehensorum,
1114 4664 1189 4736 que
1207 4640 1339 4738 vigore
1357 4639 1562 4713 litterarum
1584 4637 1751 4736 desuper

251 4766 562 4842 conficiendarum
592 4765 765 4839 duxerint
793 4764 1032 4862 acceptanda,
1064 4765 1129 4854 uti,
1157 4765 1270 4861 potiri
1305 4781 1345 4836 et
1379 4763 1558 4862 gaudere,
1587 4787 1632 4836 ac
1669 4787 1749 4836 om-

251 4893 370 4979 nibus,
401 4908 440 4965 et
468 4892 625 4989 siugulis
653 4891 789 4986 quibus
818 4890 888 4985 ipsi
918 4888 1125 4964 Auditores
1152 4905 1193 4963 et
1227 4889 1501 4963 Locatenentes
1535 4887 1749 4962 immediate

251 5018 489 5115 preferuntur
517 5015 676 5115 (dilectis
703 5014 786 5088 filiis
814 5014 1020 5089 litterarum
1053 5013 1346 5112 apostolicarum
1383 5013 1431 5086 de
1460 5012 1595 5088 Maiori
1633 5012 1749 5087 Presi-

252 5143 377 5216 dentia
414 5140 761 5226 Abbreviatoribus‚
797 5155 837 5214 et
872 5139 1090 5214 earumdem
1126 5140 1334 5214 litterarum
1362 5139 1615 5236 Scriptoribus
1643 5137 1750 5213 dum-

252 5281 356 5340 taxat
383 5266 565 5362 exceptis)
592 5263 805 5338 immediate
833 5264 988 5360 preferri
1016 5281 1055 5338 et
1081 5265 1258 5338 anteferri
1285 5264 1445 5348 valeant,
1468 5289 1512 5337 ac
1532 5264 1561 5336 si
1581 5261 1750 5337 eiusdem

253 5390 381 5465 Palatii
409 5389 615 5464 Auditores
643 5413 742 5474 vere,
773 5403 812 5463 et
848 5412 923 5464 non
950 5391 1045 5475 ficte,
1074 5405 1140 5463 aut
1175 5389 1376 5488 aggregati
1413 5413 1482 5486 per
1518 5386 1749 5486 privilegium
