3688 5924
236 260 273 318 ut
902 258 1040 316 Saeculo
1060 257 1148 318 XIII

583 359 772 367 .---.—.--.--.
776 359 895 368 ῌ--ι-

234 454 270 526 in
298 454 515 527 canonicum
542 469 581 526 et
608 453 645 524 in
664 435 825 536 fratrem,
848 450 992 524 dilectis
1016 448 1130 524 filiis..
1152 449 1276 546 priore
1304 465 1344 522 et
1363 449 1549 524 canonicis
1576 447 1734 524 ecclesie
1834 433 1835 452 i

131 649 133 654 .
235 577 307 650 iam
335 577 433 651 dicte
460 578 508 650 ad
543 576 790 674 apostolicam
819 575 947 649 sedem
985 599 1032 648 ex
1069 573 1264 648 sufficienti
1292 575 1508 671 gravamine
1539 574 1735 671 appellan-

235 701 344 788 tibus,
375 727 417 775 ac
447 703 599 799 negotio
627 700 838 775 huiusmodi
857 701 906 774 ad
927 717 1093 774 nostram
1112 698 1338 774 audientiam
1364 717 1552 785 revocato,
1575 699 1734 774 dilectus

233 826 329 902 filius
355 828 533 924 magester
561 825 612 900 M.
643 826 691 900 de
720 825 910 922 Alperino‚
933 822 1162 920 Capellanus
1195 840 1334 910 noster,
1371 849 1483 920 quem
1516 850 1632 920 super
1664 824 1734 898 hoe

234 950 405 1026 dedimus
438 952 672 1037 Auditorem,
708 951 777 1025 sibi
810 974 924 1047 super
963 949 1175 1046 receptione
1203 973 1246 1022 ac
1274 950 1487 1047 provisione
1519 949 1733 1023 huiusmodi

233 1075 339 1152 duxit
366 1093 590 1174 perpetuum
627 1075 811 1150 silentium
850 1075 1129 1171 imponendum.
1159 1073 1259 1166 Quia
1288 1097 1378 1148 vero
1415 1074 1629 1171 sepedictus
1657 1075 1732 1148 cle·

234 1203 330 1275 ricus
370 1201 406 1274 in
444 1201 708 1298 prosecutione
741 1193 954 1274 huiusmodi
991 1223 1105 1272 cause
1140 1224 1278 1297 graves
1315 1197 1463 1272 labores
1504 1197 1657 1295 pertulit
1695 1215 1732 1271 et

232 1349 428 1421 expensas,
456 1349 525 1399 nos
553 1327 586 1398 ei
605 1341 761 1422 propter
781 1323 851 1399 hoc
870 1339 1028 1420 paterno
1047 1323 1319 1420 compatientes
1338 1321 1484 1410 affectu,
1506 1322 1730 1398 mandamus
1834 1395 1835 1398 ,

235 1451 423 1547 quatinus
455 1466 526 1525 etc.

954 1661 1019 1740 31.

236 1881 465 1953 Innocentius
493 1879 563 1963 IV,
585 1879 776 1975 Magistro
795 1877 996 1950 Bernarclo
1021 1877 1179 1977 Yspano,
1207 1874 1414 1975 Capelliana,
1438 1902 1587 1951 causam
1607 1877 1737 1949 termi-

313 2003 478 2077 nandam
504 2003 705 2087 concordia,
737 2003 795 2075 vel
812 2003 1031 2099 provectam,
1061 2002 1120 2075 vel
1142 2001 1328 2088 scortentia,
1358 2001 1554 2078 committit.

312 2177 404 2248 (Rae.
424 2175 514 2248 Vns,
533 2175 594 2248 22,
604 2175 669 2248 sot.
688 2175 762 2242 loa,
779 2189 870 2232 anno
887 2171 948 2246 IX,
965 2182 1036 2248 cap.
1053 2174 1121 2233 321
1128 2193 1139 2242 ‚·
1157 2159 1192 2232 Ε,
1212 2174 1357 2246 Bessan,
1375 2193 1407 2234 rc.
1425 2176 1536 2246 5759).

1339 2301 1416 2372 1252,
1435 2301 1515 2360 iunii
1536 2302 1578 2373 10,
1597 2301 1734 2362 Perusii.

942 2581 948 2593 .
1009 2582 1017 2597 .
1076 2582 1083 2595 .
1139 2521 1216 2592 ‹ln
1240 2521 1388 2594 nomine
1410 2519 1571 2606 Domini,
1594 2513 1730 2596 Amen.

235 2645 334 2719 Olim
363 2646 486 2720 inter..
517 2646 691 2719 abbatem
724 2662 763 2718 et
789 2662 1015 2733 conventum
1052 2644 1292 2719 Karroiensis
1321 2647 1536 2719 monasterii
1589 2705 1596 2722 .
1654 2705 1662 2722 .
1722 2707 1731 2722 .

301 2827 310 2846 .
368 2830 375 2847 .
433 2789 472 2843 et
499 2771 674 2844 abbatem
709 2784 748 2842 et
780 2784 1005 2843 conventum
1044 2771 1259 2844 Hamenses
1316 2828 1728 2848 .......

233 2953 508 2970 .....
559 2894 763 2989 'questione
792 2896 957 2976 suborta,
980 2893 1154 2967 dominus
1184 2893 1284 2990 Papa
1303 2918 1454 2967 causam
1479 2895 1599 2990 ipsam
1619 2897 1729 2968 nobis

232 3020 413 3118 magistro
446 3018 635 3092 Bernardo
663 3017 830 3114 Yspano
861 3018 1029 3093 eiusdem
1068 3018 1205 3092 domini
1235 3017 1452 3114 Capeliano,
1485 3017 1731 3093 Ulixbonensi

107 3243 110 3247 Ι
232 3145 386 3228 decano,
416 3142 608 3227 commisit,
639 3143 846 3226 concordia,
878 3143 1090 3238 provisione
1128 3167 1194 3216 seu
1228 3143 1462 3217 ordinatione
1499 3143 1558 3216 vel
1593 3144 1729 3218 iudicio

234 3267 504 3340 terminandam
518 3325 579 3342 .....

952 3479 1014 3556 32.

233 3695 339 3780 Doti,
370 3693 428 3767 vel
451 3695 606 3768 concessi
633 3693 826 3792 Capellacii
849 3697 888 3768 in
926 3695 1135 3779 Auditores,
1171 3695 1316 3768 etiamsi
1349 3705 1465 3769 essent
1494 3695 1726 3781 Subdcaconi,

309 3823 509 3893 dumtaxat
530 3820 799 3916 praedicantur
838 3820 1036 3917 Capellani,
1069 3820 1293 3895 Suldcaconi
1327 3821 1534 3916 cognoscente
1565 3823 1728 3896 rcte'cito:
1834 3861 1835 3892 r

309 3953 345 4017 et
369 3945 444 4043 ipsi
467 3944 575 4016 etiam
596 3957 670 4042 per
693 3945 857 4041 primam
883 3943 1105 4018 medietatem
1133 3947 1228 4018 anni
1252 3967 1348 4040 1253
1378 3971 1490 4042 neque
1523 3949 1728 4044 semetipsas

309 4067 506 4166 appellant,
535 4093 648 4166 neque
665 4096 690 4141 a
716 4068 966 4165 litigatoribus
982 4079 1159 4142 vocantur
1176 4069 1298 4142 adlcm
1320 4071 1522 4144 Auditores
1536 4073 1731 4167 generales

312 4192 448 4267 Curiae
461 4193 604 4266 domini
615 4193 753 4290 Papae,
769 4193 837 4266 sed
849 4193 1051 4268 dumtaxat
1067 4194 1278 4268 Audc'torcs.
1299 4237 1316 4250 ·
1338 4193 1479 4268 Causae
1496 4198 1697 4270 commissio
1717 4243 1727 4253 -

255 4405 256 4408 Ἴ
298 4319 432 4414 for‘ma
458 4318 573 4392 libelli
597 4361 614 4375 ·
641 4319 846 4392 contestatio
872 4319 949 4391 litis
976 4361 987 4374 ·
1015 4319 1263 4392 iuramentum
1289 4319 1494 4393 calumniae
1511 4363 1528 4376 ·
1546 4322 1725 4395 conclusio
1834 4395 1835 4402 ,

309 4444 349 4516 in
365 4466 479 4517 causa
505 4486 517 4498 ·
545 4443 666 4516 citati>
685 4444 857 4540 partium
884 4441 939 4516 aa'
961 4444 1174 4516 sententiam
1201 4486 1213 4498 ·
1240 4445 1413 4517 sententia
1441 4489 1453 4500 ·
1482 4447 1668 4518 Notarius
1692 4458 1728 4519 et
1834 4489 1835 4500 κ

308 4565 437 4652 scriba,
468 4565 657 4663 cinpcriali
680 4569 894 4640 auctoritate
921 4567 1130 4641 scrinarius
1157 4611 1173 4622 -
1196 4567 1393 4664 publicatio
1419 4571 1626 4643 sententiae.

309 4737 403 4810 (Rea.
422 4737 514 4812 vir,
533 4738 592 4811 22,
602 4739 666 4812 soc.
686 4737 762 4810 271,
779 4754 870 4796 anno
889 4737 930 4810 x,
948 4745 1017 4812 cap.
1036 4723 1177 4804 osta-123.
1197 4739 1341 4812 usnam,
1360 4757 1393 4797 n.
1411 4740 1527 4813 6552).

1359 4865 1436 4938 1253,
1455 4867 1531 4925 maii
1549 4865 1575 4936 6,
1597 4867 1728 4926 Assisii.

792 5123 800 5140 .
858 5126 865 5140 .
925 5123 933 5140 .
991 5123 1000 5142 .
1058 5127 1065 5142 .
1125 5068 1202 5142 ‚In
1241 5069 1389 5141 nomine
1425 5068 1574 5141 Domini
1608 5071 1725 5142 nostri

228 5193 341 5288 Jbesu
389 5191 536 5276 Christi,
573 5190 698 5294 lamen.
743 5193 855 5265 Anno
894 5191 1095 5266 nativitatis
1128 5192 1296 5266 eiusdem
1338 5203 1381 5264 u⁰
1414 5203 1474 5266 cc⁰
1501 5203 1594 5278 L1110,
1632 5194 1728 5266 indi-

228 5318 350 5392 ctione
379 5324 444 5403 κθ,
474 5317 614 5391 mensis
652 5318 735 5391 maii
771 5318 830 5391 die
868 5341 967 5391 nono
1009 5317 1182 5402 intrante,
1222 5318 1459 5414 pontificatus
1497 5319 1635 5392 domini
1670 5319 1729 5390 In-
