3720 5916
781 300 894 361 Paulo
915 301 943 360 V
1553 302 1608 362 349

109 494 214 588 quod
241 493 297 567 eis
325 495 556 567 satisfactum
585 496 644 581 sit,
674 509 713 567 et
739 494 823 581 alia,
853 511 895 568 ut
932 521 1057 592 supra,
1089 521 1269 592 expressa
1296 497 1500 593 adimpleta
1528 497 1608 570 fue·

107 619 193 704 rint,
224 619 300 692 ullo
329 643 493 715 unquam
522 635 691 715 tempore
729 620 858 706 teneri,
890 644 957 694 nec
994 621 1168 716 probatio
1204 622 1390 695 contraria
1426 622 1606 718 praeiudi·

10 841 13 848 .
105 758 178 830 cet,
210 759 509 840 praesentesque
539 761 690 818 nostras
717 745 861 818 litteras
888 745 963 818 vim
991 746 1103 820 validi
1131 761 1171 820 et
1198 747 1356 820 efficacis
1392 763 1607 821 contractus

104 867 205 941 inter
232 893 313 955 nos,
336 867 662 965 Successoresque
681 885 843 952 nostros,
864 887 905 944 et
921 894 989 944 eos
1017 871 1082 968 qui
1102 870 1320 945 Creditores
1349 872 1436 946 dicti
1465 872 1606 946 Montis

102 991 286 1089 descripti
314 993 463 1066 fuerunt
492 1009 667 1088 respectu
695 993 896 1068 additionis
923 994 1117 1090 praefatae
1135 1021 1179 1069 ac
1198 997 1406 1092 respective
1427 997 1605 1070 Notarios

104 1118 302 1213 praefatos
321 1133 494 1213 respectu
515 1118 637 1192 dictae
656 1118 908 1193 concessionis
927 1120 991 1193 dd.
1012 1120 1280 1216 scripturarum
1300 1137 1339 1194 et
1358 1146 1485 1194 earum
1507 1121 1608 1194 solu-

103 1243 219 1316 tionis
242 1267 389 1316 annuae
404 1243 669 1339 praestationis
691 1244 882 1338 praefatae
906 1244 1128 1341 illorumque
1152 1245 1336 1320 haeredes
1351 1263 1389 1318 et
1411 1271 1606 1319 successo-

105 1392 179 1452 reS,
197 1368 330 1462 iusque
349 1383 388 1440 et
402 1391 554 1440 causam
574 1369 623 1440 ab
637 1367 707 1440 illis
721 1368 929 1456 habuerint,
947 1370 1163 1443 solemniter
1177 1371 1253 1444 initi
1272 1386 1311 1443 et
1329 1371 1495 1466 stipulati
1510 1373 1612 1444 obti-=

104 1517 208 1577 nere,
239 1493 469 1589 easdemque
497 1495 547 1566 ab
574 1493 747 1568 omnibus
765 1495 958 1568 observari
977 1495 1126 1583 debere,
1149 1521 1216 1569 nec
1235 1499 1284 1570 ab
1306 1497 1361 1570 eis
1380 1520 1606 1593 quocunque

105 1617 259 1714 quesito
288 1615 412 1692 colore
441 1616 499 1690 vel
528 1617 678 1716 ingenio
707 1619 836 1692 resiliri
863 1643 978 1716 posse
998 1633 1064 1693 aut
1092 1622 1127 1694 in
1147 1621 1205 1694 ius
1223 1621 1282 1694 vel
1315 1621 1607 1696 controversiam

104 1743 253 1828 deduci,
285 1766 408 1839 neque
436 1767 483 1815 ex
511 1768 558 1816 eo
587 1743 691 1839 quod
717 1760 824 1817 extra
853 1743 1129 1818 Consistorium
1157 1764 1376 1821 emanarent
1394 1763 1433 1820 et
1460 1747 1564 1843 quod
1584 1747 1606 1818 ii

105 1892 270 1962 quorum
298 1869 454 1941 interest
481 1891 555 1940 non
583 1869 850 1954 consenserint,
880 1868 940 1944 vel
969 1870 1091 1943 vocati
1118 1886 1184 1943 aut
1210 1871 1327 1945 auditi
1355 1895 1429 1944 non
1457 1870 1602 1948 fuerint.

104 2005 174 2065 aut
200 1991 292 2064 alias
320 2013 368 2063 ex
408 1992 571 2064 cuiusvis
608 1991 856 2066 solemnitatis
891 1993 1056 2089 desuper
1091 1995 1313 2092 impugnari,
1353 1997 1422 2068 sed
1449 1994 1605 2091 perinde

103 2115 250 2190 validas
277 2132 463 2213 perpetuo
491 2133 531 2190 et
558 2117 731 2191 efficaces
757 2118 837 2191 fore
865 2143 909 2192 ac
937 2119 968 2192 si
995 2119 1031 2193 in
1061 2119 1296 2195 Consistorio
1324 2121 1372 2194 de
1400 2119 1605 2194 Venerabi-

104 2225 195 2314 litim
224 2242 377 2314 fratrum
407 2257 620 2316 nostrorum
654 2240 691 2317 S.
724 2243 768 2318 R.
801 2243 844 2318 E.
880 2243 1134 2317 Cardinalium
1169 2244 1323 2319 consilio
1359 2261 1398 2318 ct
1439 2245 1604 2319 omnium

104 2391 269 2462 quorum
297 2365 453 2440 interest
480 2367 643 2438 unanimi
662 2389 847 2442 consensu
867 2367 993 2441 aedita
1010 2366 1188 2454 fuissent;
1210 2369 1338 2465 sicque
1365 2371 1402 2444 in
1430 2370 1604 2444 omnibus

104 2507 146 2564 et
175 2490 333 2588 singulis
360 2492 584 2586 supradictis
611 2516 680 2587 per
707 2515 967 2588 quoscumque
1007 2493 1150 2566 iudices
1182 2493 1391 2567 ordinarios
1427 2510 1466 2567 et
1507 2492 1603 2568 dele·

105 2631 220 2714 gatos
256 2615 367 2689 etiam
410 2615 448 2690 S.
493 2615 538 2690 R.
583 2617 625 2690 E.
672 2616 893 2691 Cardinales
934 2617 970 2689 in
1007 2621 1140 2714 quavis
1178 2643 1291 2692 causa
1332 2635 1371 2692 et
1416 2621 1601 2706 instantia,

109 2739 282 2815 ¹sublata
309 2756 393 2827 etc,
414 2740 566 2814 iudicari
585 2757 625 2814 et
645 2741 790 2815 diffiniri
809 2741 968 2831 debere;
989 2767 1133 2818 necnon
1153 2744 1296 2816 irritum
1315 2760 1354 2817 et
1373 2744 1482 2818 inane
1500 2743 1603 2841 quic·
1625 2747 1634 2770 '

103 2865 198 2961 quid
226 2888 341 2959 super
366 2863 424 2937 his
451 2890 475 2938 a
502 2889 706 2961 quoquam,
737 2868 870 2961 quavis
898 2867 1131 2954 auctoritate,
1163 2868 1324 2940 scienter
1341 2866 1401 2941 vel
1428 2868 1603 2964 ignoran-

105 3005 174 3074 ter,
206 2989 405 3087 contigerit
432 2989 620 3064 attentari.
645 2989 732 3064 Non
760 2992 999 3065 obstantibus
1017 2991 1243 3087 praemissis,
1275 3017 1419 3066 necnon
1447 2993 1507 3067 fel.
1529 3018 1601 3068 rec.

105 3113 291 3211 Symachi,
324 3113 525 3201 Benedicti,
557 3113 766 3202 Calistilll,
783 3115 987 3190 Alexandri
1010 3116 1072 3204 Vl,
1095 3117 1197 3191 Pauli
1225 3118 1267 3202 ll,
1289 3117 1491 3192 Innocentii
1506 3117 1600 3204 Vlll,

105 3239 210 3314 Pauli
238 3239 296 3327 lll,
326 3255 366 3313 et
392 3239 495 3313 Pauli
522 3239 584 3328 lV,
616 3239 663 3313 de
705 3243 817 3314 rebus
855 3241 1044 3315 Ecclesiae
1082 3266 1155 3315 non
1187 3241 1394 3316 alienandis
1420 3259 1486 3316 aut
1514 3244 1602 3316 alie-

104 3365 203 3439 natis
232 3364 507 3461 recuperandis,
536 3381 574 3438 et
603 3363 760 3439 aliorum
789 3365 1044 3441 Romanorum
1074 3367 1303 3454 Pontificum,
1334 3369 1603 3464 praedecesso-

105 3516 189 3562 rum
217 3503 443 3572 nostrorum,
479 3514 523 3563 ac
562 3491 710 3574 nostris,
750 3490 864 3564 etiam
900 3490 947 3564 de
985 3515 1059 3564 nou
1094 3491 1281 3566 tollendos
1313 3493 1391 3566 iure
1428 3493 1602 3588 quaesito

104 3628 295 3712 quatenus
323 3637 421 3709 opus
448 3613 507 3700 sit,
540 3613 880 3690 Constitutionibus
907 3631 948 3688 et
973 3616 1269 3692 ordinationibus
1297 3615 1527 3712 Apostolicis
1564 3634 1603 3691 et

104 3739 141 3810 in
172 3737 347 3811 Consiliis
366 3736 606 3834 generalibus
634 3739 768 3813 aeditis
796 3740 988 3836 praedicta
1014 3739 1094 3814 fieri
1121 3741 1331 3838 specialiter
1351 3759 1389 3814 et
1420 3766 1602 3838 expresse

102 3862 390 3958 prohibentibus
419 3879 458 3936 et
485 3880 616 3937 contra
644 3864 724 3937 illas
752 3864 861 3951 facta,
881 3865 983 3938 irrita
1011 3865 1310 3953 decernentibus,
1330 3866 1451 3940 dictae
1472 3866 1603 3940 Came·

103 4011 170 4060 rae
199 3987 443 4082 Apostolicae
471 3987 681 4062 iuramento
709 3988 936 4064 confirmatis
964 3989 1197 4086 Apostolica,
1226 3989 1286 4063 vel
1323 3993 1455 4088 quavis
1496 3991 1601 4066 firmi-

103 4127 183 4186 tate
212 4112 283 4184 alia
311 4114 506 4198 roboratis,
538 4116 688 4187 statutis
724 4127 765 4187 et
792 4115 1134 4203 consuetudinibus,
1172 4115 1441 4204 stabilimentis,
1473 4118 1602 4191 usibus

102 4251 144 4310 et
171 4236 323 4324 naturis,
354 4237 557 4336 privilegiis
598 4262 752 4335 quoque
788 4238 939 4312 indultis
975 4255 1014 4312 et
1048 4238 1179 4314 litteris
1212 4241 1443 4338 Apostolicis
1479 4242 1600 4315 eidem

105 4359 290 4434 Camerae
319 4359 492 4457 illiusque
520 4363 734 4460 Agentibus
753 4379 792 4436 et
810 4364 983 4459 personis
1002 4367 1072 4440 sub
1091 4365 1389 4462 quibuscumque
1408 4367 1600 4441 tenoribus

102 4499 144 4559 et
172 4483 301 4558 formis
327 4501 469 4560 etcum
488 4488 787 4584 quibuscumque
811 4486 1134 4586 derogatoriarum
1155 4490 1413 4589 derogatoriis,
1445 4489 1600 4586 aliisque

102 4609 373 4684 efficacioribus
392 4626 432 4683 et
450 4609 608 4684 insolitis
635 4610 821 4698 clausulis,
852 4612 1158 4708 irritantibusque
1186 4630 1226 4687 et
1252 4613 1332 4688 aliis
1360 4614 1533 4698 decretis,
1562 4631 1601 4687 et

103 4749 209 4809 motu
224 4735 393 4832 ‚proprio
421 4750 460 4808 et
478 4761 526 4808 ex
545 4751 648 4810 certa
667 4736 830 4824 scientia,
853 4737 976 4832 deque
996 4739 1150 4812 consilio
1168 4755 1207 4812 et
1225 4763 1406 4812 assensus
1426 4738 1465 4814 S.
1487 4740 1531 4813 R.
1555 4739 1597 4814 E.

103 4859 370 4943 Cardinalium,
407 4885 451 4932 ac
483 4863 596 4934 etiam
639 4861 838 4957 potestatis
875 4861 1105 4958 plenitudine
1142 4879 1181 4937 et
1212 4887 1280 4960 pro
1314 4865 1601 4938 conservatione

102 5000 237 5072 status,
270 4985 474 5083 Dignitatis
502 5001 543 5058 et
569 4986 839 5061 aestimationis
868 4986 905 5062 S.
938 4987 983 5062 R.
1014 4987 1058 5060 Ε.
1089 4989 1287 5074 concessis,
1308 4988 1534 5064 confirmatis
1563 5005 1601 5061 et

101 5108 246 5184 iteratis
275 5109 417 5183 vicibus
446 5110 645 5198 innovatis
674 5112 839 5185 extensis
868 5128 907 5185 et
938 5113 1154 5199 moderatis,
1184 5138 1228 5186 ac
1264 5115 1376 5187 etiam
1411 5113 1599 5187 Cancella-

187 5371 194 5403 ¹
216 5369 374 5430 Clausula
391 5371 517 5432 sublata
535 5379 567 5430 et
584 5372 750 5432 decretum
769 5374 911 5449 irritans,
929 5383 987 5434 etc.
