3688 5924
758 319 954 381 UrbanoIV
1572 319 1609 378 43

119 534 191 591 ‹et
219 515 396 591 Damiani
422 519 602 591 diaconus
632 513 841 591 Cardinalis
877 515 914 588 in
950 514 1020 589 hac
1057 539 1170 589 causa
1203 512 1374 610 partibus
1407 536 1609 587 concessus

120 641 330 728 «Auditor,
360 640 572 716 huiusmodi
605 664 757 714 causam
793 654 939 714 tantum
970 638 1194 713 audiendam
1230 637 1426 721 commisit,
1456 636 1544 710 dicit
1570 650 1610 709 et

121 767 376 864 «proponit...
407 781 630 864 procurator
659 763 811 838 Henrici
838 779 907 839 etc.
930 791 966 840 ›.

190 1015 403 1092 Memorato
431 1017 584 1112 insuper
612 1014 769 1090 Deeano
788 1011 1081 1089 Cathalaunensi
1101 1039 1144 1088 se
1162 1012 1211 1088 ad
1229 1029 1358 1109 partes
1375 1010 1469 1086 alias
1489 1028 1611 1085 trans-

113 1139 264 1226 ferente,
285 1164 357 1215 nos
384 1139 524 1214 dictum
553 1139 746 1238 negotium
775 1137 959 1236 magistro
984 1136 1191 1239 Delfinat(i)
1211 1139 1260 1210 de
1280 1134 1452 1234 Neapoli,
1472 1135 1611 1210 domini

12 1271 14 1318 l
112 1289 207 1361 pape
228 1263 432 1362 Capellano
460 1289 504 1340 ac
531 1266 701 1342 eiusdem
730 1263 858 1360 palatii
883 1262 1051 1364 generali
1068 1261 1244 1337 Auditori
1271 1285 1481 1346 causarum,
1509 1283 1610 1334 com-

110 1388 331 1464 mittendum
360 1390 546 1475 duximus,
576 1390 685 1464 nobis
713 1405 841 1464 tamen
869 1387 1061 1463 diffinitiva
1090 1386 1277 1462 sententia
1305 1400 1509 1460 reservata.
1536 1381 1612 1478 Qui

110 1514 290 1612 magister
318 1514 497 1598 Delfinas,
519 1515 643 1590 citatis
671 1515 805 1589 iterum
834 1514 869 1587 in
898 1510 1047 1610 publica
1066 1511 1267 1596 audientia,
1289 1510 1422 1607 primo,
1444 1509 1611 1584 secundo

107 1619 145 1712 et
172 1639 287 1714 tertio
315 1641 462 1739 prefato
490 1639 664 1714 Gerardo
689 1662 833 1714 necnon
861 1639 1005 1712 decano
1033 1654 1072 1711 et
1092 1634 1267 1734 Capitulo
1287 1635 1535 1710 Lobiensibus
1553 1633 1612 1708 vel

110 1765 416 1860 procuratoribus
448 1764 668 1840 eorumdem
697 1765 729 1838 si
756 1765 842 1862 quis
869 1781 998 1838 essent
1025 1764 1061 1836 in
1091 1761 1249 1837 Curia...
1280 1760 1461 1836 discussis
1495 1759 1613 1857 ipsius

110 1913 221 1963 cause
257 1891 410 1976 meritis,
439 1888 583 1978 litteris,
614 1890 708 1964 actis
735 1904 775 1964 et
812 1887 1097 1964 munimentis...
1128 1911 1253 1961 coram
1290 1885 1373 1982 ipso
1406 1884 1610 1981 productis,

110 2013 310 2112 diligenter
337 2015 568 2102 examinatis,
594 2013 707 2114 nobis
744 2013 793 2087 de
827 2014 1005 2110 predictis
1042 2013 1215 2088 omnibus
1252 2027 1291 2085 et
1325 2009 1481 2108 singulis
1518 2007 1613 2083 rela-

110 2139 252 2226 tionem
285 2139 371 2214 lecit
407 2138 566 2214 fideliter
596 2155 636 2212 et
672 2137 890 2236 prudenter.
922 2135 1052 2230 Quare
1086 2160 1156 2233 pro
1188 2150 1296 2233 parte
1335 2135 1385 2210 H.
1417 2135 1613 2208 memorati

111 2263 173 2337 luit
192 2289 280 2338 cum
309 2265 485 2338 instantia
512 2265 672 2359 petitum
690 2288 714 2338 a
733 2262 841 2337 nobis
869 2277 911 2336 ut
938 2262 1147 2358 predictum
1168 2261 1366 2359 negocium
1385 2259 1613 2335 deberemus

110 2388 301 2464 diffinitive
330 2389 517 2464 sententie
536 2387 678 2463 calculo
707 2387 916 2463 terminare.
939 2386 1040 2460 Visis
1069 2385 1182 2484 igitur
1199 2400 1239 2459 et
1257 2383 1453 2458 intellectis
1473 2382 1613 2458 iuribus

110 2530 149 2588 et
175 2513 386 2588 rationibus
413 2528 533 2589 etc...

835 2773 898 2854 40.

118 2959 293 3066 Urbanus
311 2958 380 3032 IV
390 2957 430 3029 in
457 2980 569 3030 causa
596 2955 784 3030 commissa
807 2955 997 3051 Magistro
1015 2889 1203 3046 Dolfindti
1225 2951 1270 3024 do
1297 2949 1466 3049 Neapoli,
1491 2949 1613 3048 Capel-

186 3083 279 3156 laao
304 3107 370 3156 ruo
395 3089 432 3154 at
456 3079 623 3180 generali
642 3079 831 3166 Aadz'tori
851 3077 1028 3176 subrogat
1048 3077 1111 3162 R..
1133 3075 1375 3148 Albanonsem
1394 3074 1613 3174 Episcopum

186 3207 230 3281 od
260 3206 456 3281 daicessum
483 3230 501 3278 e
532 3203 647 3278 Curtia
677 3203 864 3301 Magistri
890 3201 1103 3298 Delfinatis.

188 3417 288 3488 (Rus.
307 3415 402 3486 Vna,
420 3415 478 3482 29,
488 3414 553 3488 sol.
572 3415 620 3474 23
638 3429 745 3485 verso,
762 3431 795 3472 n.
814 3413 884 3482 Mi
901 3413 923 3472 1.
942 3413 1105 3484 Gurnnuu,
1123 3427 1155 3470 n.
1175 3411 1258 3482 996).

1364 3640 1443 3714 1264,
1461 3640 1570 3700 martii
1588 3639 1615 3698 3.

259 3794 439 3869 «Coram
466 3794 584 3878 vobis,
616 3793 802 3894 Magistro
836 3792 1023 3866 Delfinate
1058 3791 1106 3864 de
1144 3789 1314 3885 Neapoli,
1345 3788 1484 3863 domini
1515 3813 1615 3886 pape

118 3917 367 4018 <Capeliano
393 3944 438 3993 ac
474 3918 601 4016 palatii
632 3918 801 4023 eiusdem
830 3915 969 3990 domini
1005 3915 1173 4014 generali
1200 3913 1386 3988 Auditore
1417 3935 1615 3987 causarum

118 4061 194 4120 ‹et
237 4043 277 4117 in
319 4067 433 4118 causa
476 4029 717 4139 infrascripta,
762 4039 933 4138 partibus
975 4038 1161 4114 Auditore
1202 4061 1395 4125 concesso,
1437 4038 1615 4134 proponit

121 4169 379 4268 <Stephanus
400 4217 1612 4244 ...................

190 4293 280 4368 Lite
321 4290 436 4390 igitur
471 4315 586 4386 super
622 4289 722 4364 dicto
758 4287 881 4363 libello
917 4287 1082 4386 legitime
1119 4303 1340 4373 contestata,
1379 4285 1615 4382 prestitoque

113 4418 157 4492 de
183 4418 349 4492 veritate
377 4413 533 4490 dicenda
560 4440 583 4489 a
611 4416 779 4511 partibus
807 4413 1027 4499 iuramento,
1049 4411 1232 4509 lactisque
1261 4409 1486 4508 quibusdam
1514 4411 1615 4506 posi-

114 4543 279 4617 tionibus
306 4557 346 4614 et
375 4539 680 4637 responsionibus
715 4562 841 4613 coram
870 4537 953 4634 ipso
981 4536 1164 4636 magistro
1195 4533 1391 4620 Delfinate,
1423 4533 1616 4632 capellano

115 4668 297 4762 predicto,
329 4664 480 4742 tandem
508 4665 608 4738 dicto
636 4663 818 4762 magistro
846 4659 1071 4761 D[elfinate]
1101 4685 1142 4734 se
1171 4661 1219 4734 de
1239 4659 1354 4734 Curia
1381 4660 1615 4743 absentante,

116 4793 377 4867 sanctissimus
405 4805 514 4887 pater
540 4789 713 4864 dominus
742 4787 921 4862 Urbanus
949 4809 1046 4885 papa
1075 4785 1137 4858 llll
1166 4785 1274 4860 nobis
1303 4784 1348 4860 R.
1379 4782 1618 4858 miseratione

116 4915 238 4992 divina
268 4915 475 4990 Albanensi
502 4914 692 5012 episcopo,
715 4937 866 4986 causam
894 4910 1079 4986 commisit
1106 4909 1318 4983 huiusmodi
1336 4907 1559 4982 audiendam
1580 4923 1619 4982 et

117 5039 186 5113 fine
214 5039 400 5116 canonico
427 5037 746 5114 terminandam...
