3708 5918
770 359 918 420 Martr'no
945 359 973 420 V
1561 365 1614 424 113

189 553 210 647 ξ
232 577 252 624 2
260 573 294 645 3.
325 551 365 626 In
383 555 506 627 causis
534 570 672 640 autem,
702 553 904 648 inquibus
932 554 1148 650 proceditur
1173 554 1210 629 in
1238 555 1359 654 figura
1387 556 1520 644 iudicii,
1539 581 1614 632 ser·

109 693 248 750 ventur
274 677 422 752 termini
450 677 654 752 secundum
684 677 820 776 stylum
850 679 987 754 Curiae
1015 696 1248 769 consuetum,
1281 697 1548 778 praeterquam
1576 683 1612 756 in

110 800 280 874 terminis
308 802 357 876 ad
385 803 690 899 respondendum
719 801 855 891 libello,
884 819 924 879 et
951 805 1001 880 ad
1029 804 1224 879 iurandum
1257 805 1306 881 de
1333 805 1527 892 calumnia,
1549 807 1614 904 qui

111 942 311 1000 serventur
337 929 387 1002 ad
414 927 583 1024 primam.
614 927 664 1002 Et
691 930 726 1003 in
755 928 915 1004 termino
942 929 992 1002 ad
1018 927 1302 1016 articulandum,
1332 933 1397 1027 qui
1428 931 1464 1005 in
1492 931 1613 1028 prima

111 1048 298 1132 instantia.
329 1067 406 1126 tam
426 1078 474 1126 ex
492 1068 600 1148 parte
618 1053 768 1138 actoris,
797 1077 910 1150 quam
931 1055 995 1138 rei,
1016 1067 1198 1139 servetur,
1218 1055 1267 1128 ad
1295 1053 1481 1128 decimum
1509 1057 1612 1152 quin·

111 1189 192 1247 tum
220 1175 332 1252 diem.

193 1302 212 1396 ᾗ
244 1323 304 1392 24·
334 1301 375 1374 ln
395 1302 563 1375 secunda
591 1327 681 1377 vero
704 1303 881 1378 instantia
900 1302 1068 1377 similiter
1086 1305 1135 1378 ad
1150 1303 1454 1400 respondendum
1473 1303 1609 1392 libello,

111 1423 162 1497 ad
189 1427 359 1521 primam.
381 1425 444 1500 Ad
462 1427 660 1502 iurandum
680 1426 728 1502 de
756 1426 950 1514 calumnia,
973 1429 1021 1502 ad
1047 1429 1218 1525 primam.
1240 1428 1303 1503 Ad
1325 1429 1608 1516 articulandum,

111 1549 162 1623 ad
189 1565 361 1626 octavam
381 1550 474 1629 dies.
495 1548 643 1647 Reliqui
660 1576 752 1626 vero
771 1552 918 1626 termini
945 1568 1154 1640 serventur,
1176 1568 1289 1650 prout
1307 1554 1514 1628 secundum
1534 1571 1611 1652 sty-

109 1672 187 1747 lum
215 1677 409 1773 antiquum
437 1691 498 1750 est
525 1676 675 1750 solitum
705 1677 908 1752 observari.

191 1800 210 1895 ᾗ
242 1820 302 1894 25.
332 1799 374 1874 ln
401 1801 512 1874 tertia
538 1824 631 1874 vero
657 1799 834 1875 instantia
875 1817 1072 1875 serventur
1097 1824 1231 1875 omnes
1268 1801 1426 1886 termini,
1456 1802 1504 1875 ad
1536 1803 1611 1899 pri·

42 1991 50 2008 ‚
110 1945 221 2009 mam,
252 1925 459 1999 secundum
490 1923 594 2021 quod
622 1925 816 1999 consuevit
845 1926 1051 2021 antiquitus
1078 1926 1282 2012 observari,
1311 1942 1463 2022 praeter
1490 1927 1612 2000 termi-

110 2071 200 2122 num
228 2050 278 2124 ad
304 2050 574 2125 articulandum
601 2053 826 2126 observetur
851 2051 902 2125 ad
930 2065 1077 2124 sextam
1104 2049 1215 2125 diem.
1236 2049 1421 2125 Volumus
1444 2051 1608 2148 insuper,

108 2171 213 2268 quod
241 2173 448 2270 praemissa
475 2173 676 2249 vendicent
703 2174 772 2250 sibi
790 2174 923 2260 locum,
955 2165 1039 2248 non
1057 2172 1179 2248 solum
1211 2174 1261 2249 ad
1289 2175 1413 2248 sutura
1441 2178 1608 2274 negocia,

107 2297 179 2372 sed
206 2299 256 2372 ad
283 2298 485 2394 pendentia
513 2297 625 2374 etiam
644 2323 714 2395 per
729 2299 1018 2396 appositionem,
1039 2299 1091 2373 ita
1118 2315 1255 2387 tamen,
1278 2300 1381 2396 quod
1408 2324 1610 2397 processus

108 2421 231 2517 pn'mo
258 2422 390 2508 iactus,
420 2439 576 2521 propter
602 2423 674 2498 hoc
702 2447 776 2499 non
812 2424 975 2511 vitietur,
1009 2422 1077 2497 sed
1114 2424 1149 2497 in
1177 2423 1337 2521 pristino
1372 2448 1443 2499 suo
1475 2425 1610 2500 robore

107 2561 148 2621 et
175 2545 350 2621 firmitate
376 2547 567 2644 persistat.

188 2673 208 2768 ᾗ
238 2677 299 2746 26.
329 2672 539 2760 Praeterea,
561 2671 663 2748 illum
687 2697 808 2759 usum,
829 2697 907 2771 quo
935 2687 1199 2771 procuratores
1226 2674 1262 2747 in
1281 2675 1521 2749 observantia
1539 2691 1610 2748 ter·

106 2795 295 2869 minorum
313 2795 441 2871 dicunt
469 2799 629 2871 sedare
657 2794 833 2884 libellum,
862 2812 902 2872 et
928 2795 1117 2882 articulos,
1148 2797 1276 2882 verbo,
1305 2813 1345 2871 et
1369 2796 1494 2872 dicere
1521 2822 1611 2872 con-

105 2938 174 3006 tra,
207 2921 335 3008 verbo,
355 2935 395 2996 et
421 2921 473 2996 ita
501 2937 655 2996 servant
681 2945 813 2998 omnes
842 2923 1032 3009 terminos,
1063 2939 1212 2998 etcum
1241 2920 1314 2996 iam
1342 2922 1500 2998 deberet
1527 2948 1610 3021 pro

104 3045 273 3120 nunciati
300 3049 496 3132 sententia,
528 3064 616 3121 tunc
634 3047 813 3144 incipiunt
831 3072 1062 3144 processum,
1083 3065 1122 3122 et
1140 3047 1231 3122 dant
1249 3046 1439 3136 articulos,
1458 3066 1498 3122 et
1526 3074 1610 3123 cae·

103 3189 189 3246 tera
208 3171 347 3246 iaciunt
372 3173 532 3259 realiter,
563 3196 663 3267 quae
681 3173 856 3247 dixerunt
882 3175 1009 3259 verb0,
1040 3172 1092 3248 sic
1121 3173 1296 3246 duximus
1324 3172 1605 3262 moderandum,

103 3297 212 3394 quod
231 3312 496 3394 procuratores
523 3297 594 3394 ipsi
621 3313 710 3394 post
738 3298 937 3372 terminum
958 3297 1223 3372 addicendum
1251 3315 1382 3372 contra
1409 3300 1605 3395 producta,

103 3439 141 3496 et
169 3438 263 3497 ante
290 3423 488 3496 terminum
516 3423 566 3496 ad
593 3422 859 3498 declarandum
887 3421 1063 3496 articulos
1082 3422 1191 3510 lacto,
1213 3439 1254 3497 et
1276 3424 1410 3510 omnia,
1440 3447 1539 3518 quae
1558 3424 1607 3498 de

102 3547 182 3622 iure
213 3547 356 3638 volunt,
383 3563 424 3621 et
450 3563 622 3644 possunt,
650 3547 860 3644 producere
887 3562 1095 3622 teneantur.

182 3673 204 3769 ξ
236 3695 297 3766 27·
328 3671 378 3746 Et
405 3673 581 3768 quoniam
604 3672 806 3769 aliquando
833 3671 1025 3770 contingit,
1056 3673 1160 3767 quod
1187 3687 1276 3768 post
1303 3672 1606 3746 observationem

102 3797 274 3872 omniurn
304 3796 559 3883 terminorum,
589 3796 723 3871 notarii
759 3797 960 3894 registrum
993 3795 1179 3882 ordinare,
1201 3815 1240 3870 et
1266 3795 1443 3871 Auditori
1470 3821 1606 3871 causae

101 3935 363 4017 praesentare,
392 3937 432 3995 et
468 3937 671 4018 postquam
707 3921 908 4019 registrum
944 3921 1157 3996 huiusmodi
1184 3921 1360 3997 Auditori
1388 3937 1606 4018 praesenta·

100 4063 181 4120 tum
209 4044 334 4130 suerit,
362 4046 570 4121 Auditores
606 4044 691 4142 plus
720 4047 848 4120 debito
875 4071 1028 4120 causam
1055 4045 1230 4120 differunt
1257 4044 1448 4142 expedire,
1478 4046 1605 4120 statui-

99 4197 196 4256 mus,
230 4187 272 4244 et
299 4171 412 4246 etiam
438 4171 669 4258 ordinamus,
699 4171 802 4265 quod
830 4170 988 4244 servatis
1025 4170 1197 4246 omnibus
1235 4169 1413 4257 terminis,
1443 4172 1480 4244 in
1517 4195 1606 4266 qua·

101 4319 270 4392 cumque
320 4319 434 4370 causa
484 4295 660 4380 notarius,
706 4296 770 4390 qui
811 4294 960 4390 scripsit
1001 4297 1037 4369 in
1077 4321 1209 4382 causa,
1257 4295 1461 4394 registrum
1513 4294 1606 4368 infra

98 4418 318 4517 quindecim
350 4418 431 4494 dies
459 4419 641 4494 conficere
664 4432 847 4504 teneatur,
877 4435 916 4494 et
943 4419 1129 4514 ordinare,
1156 4443 1200 4492 ac
1229 4419 1365 4493 deinde
1393 4419 1442 4492 de
1468 4417 1605 4492 salario

97 4544 167 4618 sibi
196 4542 330 4617 debito
358 4542 560 4627 satisfact0,
590 4540 692 4616 illum
721 4541 847 4616 statim
876 4566 946 4616 suo
965 4543 1138 4617 Auditori
1160 4543 1320 4626 tradere,
1342 4557 1382 4614 et
1408 4542 1604 4639 assignare

98 4670 255 4744 debeat.
280 4667 330 4742 Et
348 4667 483 4742 deinde
510 4669 608 4742 idem
628 4667 793 4743 Auditor
820 4682 1022 4763 postquam
1050 4668 1251 4765 registrum
1280 4670 1403 4764 ipsum
1433 4668 1501 4742 sibi
1530 4666 1604 4741 sue·

96 4796 143 4867 rit
162 4807 464 4892 praesentatum,
494 4794 691 4866 terminum
720 4793 857 4867 habeat
885 4793 1044 4866 duorum
1073 4793 1267 4880 mensium,
1290 4793 1383 4866 infra
1406 4817 1503 4889 quos
1522 4817 1603 4867 cau·

94 4943 177 4994 sam
206 4919 331 5015 ipsam
360 4918 537 5014 expedire
565 4934 749 5001 teneatur,
779 4917 849 4991 nisi
866 4917 991 4992 forsan
1019 4943 1042 4992 a
1070 4917 1189 5004 nobis,
1208 4915 1267 4990 vel
1295 4917 1396 4992 dicto
1424 4916 1604 4992 Vicecan·

95 5043 264 5129 cellari0,
300 5058 456 5138 propter
488 5041 714 5117 arduitatem
751 5066 899 5129 causae,
929 5041 1024 5116 sicut
1058 5067 1173 5138 saepe
1201 5031 1395 5139 contingit,
1426 5042 1604 5116 maiorem

93 5169 318 5243 dilationem
347 5166 528 5252 habuerit,
558 5167 606 5240 de
634 5192 709 5264 qua
736 5190 805 5265 per
832 5181 1001 5240 nostram
1037 5166 1337 5240 commissionem
1373 5165 1407 5238 in
1443 5167 1604 5264 registro

93 5319 236 5370 causae
267 5306 426 5366 constet.
457 5270 635 5388 Alioquin
667 5291 834 5366 notarius
863 5291 1086 5364 sententiam
1124 5289 1532 5390 excommunicationis¹
1550 5291 1604 5362 in-

93 5433 235 5494 currat.
260 5415 313 5490 Et
340 5415 370 5489 si
394 5415 442 5489 de
470 5415 698 5515 negligentia
720 5416 757 5490 in
784 5415 1034 5513 expeditione,
1055 5413 1143 5489 dolo
1161 5413 1220 5488 vel
1239 5413 1368 5488 fraude
1388 5436 1514 5486 coram
1534 5437 1604 5488 suo
