3720 5916
759 316 889 377 Urbano
910 318 993 379 VIII
1565 314 1618 374 361

119 414 1620 456 —-·-··--·--—t------···--···-···

829 648 919 728 225.

117 809 244 884 Breve
278 811 423 887 Urbani
456 812 563 897 VIII,
594 813 731 912 inquo
763 813 828 887 sub
856 825 978 911 poena
1013 813 1393 886 excommunicationis
1419 812 1517 883 lotoe
1543 835 1620 883 sou·

201 938 333 1010 tonnae
350 938 537 1025 statuitur,
554 965 598 1011 no
616 937 711 1011 DD.
730 937 941 1025 Auditum,
963 963 1026 1011 sou
1044 961 1169 1011 eorum
1184 937 1387 1009 Adiutores
1400 935 1617 1019 studiorum,

199 1062 348 1135 verbum
367 1063 519 1156 faciant
543 1063 586 1136 do
613 1089 738 1136 eorum
765 1064 866 1137 votis.
887 1108 913 1118 -
932 1062 1142 1159 Legebatur
1169 1063 1210 1134 iu
1239 1063 1338 1135 Rota
1365 1060 1577 1133 iuramenti.

199 1220 315 1290 (Anca.
333 1218 421 1293 Rom,
444 1217 742 1291 «Ordinationes»,
760 1235 794 1278 u.
813 1217 933 1286 XXII:
957 1217 1115 1277 «constit.
1134 1217 1207 1276 Rot.
1225 1216 1304 1275 Pul.
1323 1217 1431 1291 Apost.
1444 1219 1479 1284 ι).

1124 1376 1202 1448 1643,
1220 1375 1408 1436 novembris
1428 1375 1469 1448 19,
1488 1374 1621 1434 Romae.

203 1505 382 1582 Urbanus
411 1507 475 1602 Pp.
507 1506 601 1583 Vlll.
636 1506 700 1580 Ad
732 1522 954 1603 perpetuam
993 1507 1047 1580 rei
1084 1505 1313 1580 memoriam.
1342 1503 1499 1600 Exponi
1521 1502 1622 1576 nobis

118 1655 242 1726 nuper
258 1630 427 1706 fecerunt
444 1628 568 1706 dilecti
586 1631 658 1718 filii,
680 1655 877 1706 causarum
894 1630 1022 1706 Palatii
1037 1629 1248 1726 Apostolici
1267 1627 1484 1712 Auditores,
1505 1627 1621 1722 quod,

119 1755 267 1834 etiamsi
294 1755 331 1830 in
358 1780 490 1832 eorum
517 1755 639 1852 primo
667 1755 841 1854 ingressu
870 1757 905 1829 in
944 1755 1044 1830 Rota
1081 1768 1277 1853 praestent
1303 1754 1552 1826 iuramentum
1578 1753 1622 1825 do

119 1881 366 1956 corisoroando
392 1891 565 1956 secretum
598 1906 714 1977 super
741 1882 913 1960 omnibus
932 1897 972 1956 et
999 1878 1168 1978 singulis
1191 1904 1288 1976 quae
1317 1879 1352 1952 in
1382 1879 1494 1963 Rota,
1515 1902 1622 1952 occa-

120 2005 227 2080 sione
254 2005 522 2102 disputationis
550 2031 747 2080 causarum
777 2005 961 2084 dicuntur.
992 2020 1118 2078 tamen
1151 2027 1284 2078 eorum
1313 2017 1401 2076 vota
1430 2003 1510 2076 sive
1547 2002 1622 2076 sui-

120 2131 240 2229 srugia
258 2130 295 2202 in
315 2131 449 2217 causis,
469 2147 508 2204 et
526 2131 791 2204 controversiis
819 2154 917 2227 quae
945 2130 981 2201 in
1002 2129 1124 2204 Rotae
1144 2128 1346 2203 Auditorio
1374 2127 1624 2200 discutiuntur

121 2272 163 2330 et
190 2255 262 2331 alia
287 2279 386 2353 quae
404 2259 623 2330 earumdem
652 2280 863 2338 causarum,
887 2279 1094 2352 earumque
1121 2251 1333 2327 Tribunalis
1362 2253 1506 2326 ratione
1526 2252 1624 2326 inter

83 2420 87 2426 ·
122 2407 167 2455 se
203 2396 375 2464 tractant,
406 2395 446 2456 et
481 2381 686 2477 disputant,
726 2381 895 2477 partibus
933 2378 1178 2478 litigantibus,
1209 2405 1278 2452 seu
1315 2377 1396 2452 aliis
1428 2377 1623 2475 patefiunt,

121 2505 285 2604 indeque
312 2531 430 2604 grave
459 2506 580 2582 eidem
609 2505 813 2590 Tribunali
844 2507 1179 2598 Auditoribusque,
1211 2529 1278 2578 seu
1307 2502 1625 2577 Locatenentibus

122 2629 301 2728 praelatis
329 2631 458 2718 oritur,
490 2647 529 2704 et
561 2631 597 2704 in
634 2631 714 2704 dies
751 2631 872 2728 magis
905 2631 992 2704 oriri
1026 2646 1166 2727 potest,
1192 2627 1476 2726 praeiudicium;
1516 2626 1624 2700 nobis

122 2772 327 2852 propterea
355 2755 443 2830 dicti
472 2756 681 2832 Auditores
719 2754 906 2829 humiliter
938 2754 1140 2851 supplicari
1174 2754 1353 2837 iecerunt,
1384 2768 1425 2826 ut
1459 2752 1625 2846 desuper

122 2895 339 2976 opportuno
368 2879 566 2977 providere
595 2881 763 2954 remedio
792 2880 839 2953 de
867 2879 1099 2978 benignitate
1126 2876 1333 2974 apostolica
1369 2875 1623 2976 dignaremur.

206 3003 288 3078 Nos
316 3005 442 3102 igitur,
472 3029 519 3078 ne
548 3021 650 3078 metu
678 3004 940 3102 evulgationis,
971 3002 1181 3078 Auditores
1208 3001 1377 3100 praelati,
1398 3027 1464 3074 seu
1493 3024 1624 3074 eorum

125 3129 404 3204 Locatenentes
418 3155 441 3202 a
461 3128 695 3225 proferendis
713 3128 829 3205 libere
848 3129 958 3215 votis,
977 3129 1055 3202 sive
1075 3128 1261 3224 suflragiis
1280 3126 1359 3200 suis
1375 3125 1622 3210 retrahantur,

122 3279 190 3328 seu
211 3255 350 3328 retrahi
377 3256 538 3351 possint,
559 3253 800 3350 iustitiaeque
819 3252 1093 3327 administratio
1113 3252 1198 3326 inde
1217 3251 1489 3349 quoquomodo
1507 3250 1625 3345 impe-

124 3379 259 3464 diatur,
290 3393 473 3475 quantum
503 3403 587 3452 cum
617 3378 783 3453 Domino
811 3403 1016 3474 possumus
1043 3377 1243 3473 providere
1270 3377 1452 3460 volentes,
1482 3389 1521 3448 et
1550 3372 1627 3446 sin-

123 3502 277 3603 gulares
296 3504 481 3577 dictorum
501 3503 728 3578 Auditorum
748 3527 932 3599 personas
960 3527 983 3574 a
1006 3503 1200 3599 quibusvis
1219 3497 1624 3582 excommunicationis,

123 3627 385 3725 suspensionis
421 3643 461 3702 et
492 3627 687 3712 interdicti,
718 3629 879 3724 aliisque
911 3627 1173 3702 ecclesiasticis
1210 3625 1415 3712 sententiis,
1446 3625 1623 3710 censuris,

124 3769 164 3828 et
191 3753 325 3850 poenis
351 3779 374 3827 a
402 3755 482 3826 iure
510 3753 568 3826 vel
596 3755 645 3828 ab
672 3753 823 3828 homine
852 3752 985 3849 quavis
1013 3750 1209 3826 occasione
1237 3731 1297 3824 vel
1325 3775 1438 3823 causa
1465 3748 1562 3833 latis,
1594 3749 1625 3820 si

124 3879 261 3976 quibus
297 3876 582 3975 quomodolibet
623 3877 823 3952 innodatae
865 3876 1039 3962 existant,
1077 3876 1125 3950 ad
1162 3875 1334 3950 eflectum
1374 3873 1625 3971 praesentium

125 4003 323 4077 dumtaxat
350 4002 670 4100 consequendum,
698 4003 831 4076 harum
860 4002 956 4076 serie
984 4002 1238 4087 absolventes,
1268 4015 1306 4074 et
1333 3998 1528 4074 absolutas
1546 3996 1625 4072 sore

124 4143 335 4214 censentes,
356 4127 570 4201 huiusmodi
589 4126 921 4224 supplicationibus
940 4124 1113 4209 inclinati,
1135 4127 1182 4198 de
1203 4123 1463 4198 nonnullorum
1484 4122 1625 4196 Roma-

125 4275 196 4325 nae
216 4251 352 4326 Curiae
372 4251 631 4327 Praelatorum
651 4276 765 4348 super
784 4252 855 4326 hoc
875 4251 1035 4350 negocio
1053 4277 1076 4325 a
1095 4251 1203 4325 nobis
1231 4248 1443 4346 specialiter
1466 4249 1626 4343 deputa-

126 4392 249 4448 torum
277 4375 442 4464 consili0,
473 4400 733 4474 quascumque
761 4376 1016 4450 Romanorum
1043 4374 1260 4449 Pontificum
1289 4373 1625 4468 praedecessorum

126 4515 342 4576 nostrorum
376 4501 445 4574 hac
482 4526 598 4597 super
640 4526 680 4585 re
714 4500 837 4576 editas
875 4500 1175 4574 Constitutiones
1217 4499 1449 4582 innovantes,
1494 4496 1625 4570 iisdem

126 4625 249 4699 Rotae
277 4624 536 4711 Auditoribus‚
565 4651 609 4698 ac
637 4650 769 4700 eorum
798 4625 1114 4700 Locatenentibus
1143 4650 1251 4710 nunc,
1282 4639 1321 4696 et
1348 4647 1419 4719 pro
1455 4637 1625 4717 tempore

125 4751 160 4824 in
189 4765 413 4847 perpetuum
441 4751 701 4835 existentibus,
734 4775 780 4825 ne
808 4750 960 4846 propria
987 4748 1185 4824 cuiuslibet
1222 4749 1388 4844 ipsorum
1414 4761 1517 4833 vota,
1547 4747 1626 4818 sive

125 4873 302 4973 suffragia
330 4875 366 4948 in
394 4875 588 4972 quibusvis
616 4875 740 4950 causis
769 4889 809 4948 et
836 4875 1114 4961 controversiis,
1144 4899 1244 4970 quae
1280 4872 1316 4945 in
1349 4897 1480 4946 eorum
1509 4869 1629 4944 Audi-

126 4999 223 5074 torio
250 5025 320 5096 pro
348 5014 520 5096 tempore
547 4999 805 5085 discutiuntur,
828 4997 890 5072 ulli
908 5001 1059 5074 omnino
1079 5021 1265 5095 personae
1284 4997 1481 5092 utriusque
1501 5020 1625 5078 sexus,

125 5149 168 5198 ac
196 5123 464 5221 cuiuscumque
491 5122 694 5220 qualitatis,
715 5123 949 5210 conditionis,
979 5138 1114 5210 status,
1144 5122 1339 5220 dignitatis
1370 5135 1410 5195 et
1442 5118 1627 5216 praeemi-

126 5251 286 5334 nentiae,
316 5249 429 5324 etiam
456 5246 741 5335 ecclesiasticae,
763 5249 875 5322 etiam
904 5248 1091 5322 individua
1119 5248 1309 5322 mentione
1336 5244 1487 5343 dignae,
1515 5269 1626 5340 prae·

125 5389 299 5470 terquam
318 5374 395 5448 suis
411 5371 713 5460 Coauditoribus,
731 5399 798 5447 seu
817 5373 1146 5460 Locatenentibus,
1166 5395 1398 5467 suorumque
1415 5371 1624 5444 studiorum
