3748 5914
788 332 878 392 Iulio
894 332 936 393 II
1555 333 1610 392 249

112 524 251 610 dorum,
268 524 552 620 quomodolibet
578 525 767 622 pertinent
792 543 833 601 et
862 528 1103 624 pertinebunt
1121 527 1324 623 acquisitis,
1354 543 1394 602 et
1421 526 1611 624 acquiren-

111 647 176 733 dis,
204 663 281 720 tam
310 647 346 721 in
373 648 450 722 vita
476 673 591 746 quam
626 650 738 724 etiam
771 649 900 724 ultima
935 648 1139 738 voluntate,
1170 675 1301 724 eorum
1328 651 1425 724 iuter
1453 673 1611 726 consan-

109 770 265 868 guineos
291 786 332 846 et
357 772 450 847 alias
479 797 735 870 quascumque
760 797 947 870 personas
974 799 1018 848 ac
1046 774 1137 861 loca,
1165 801 1233 849 nec
1252 799 1325 849 non
1345 800 1415 871 pro
1434 776 1610 871 expensis

108 895 275 970 sunerum
302 921 346 970 ac
369 897 671 972 remuneratione
690 923 821 974 eorum
841 900 904 994 qui
925 898 995 974 sibi
1013 889 1226 976 viventibus
1245 900 1464 986 servierunt,
1486 898 1610 997 dispo-

111 1045 207 1109 nere,
236 1045 407 1122 erogare,
438 1023 569 1096 testari
596 1039 635 1097 et
662 1021 872 1108 codicillari‚
903 1047 948 1096 ac
975 1023 1037 1099 illa
1063 1024 1156 1098 alias
1176 1023 1314 1121 inpios
1342 1041 1382 1098 et
1410 1049 1612 1121 quoscum-

109 1169 180 1240 que
207 1145 312 1233 alios,
343 1163 468 1221 tamen
496 1147 628 1235 licitos,
658 1173 750 1223 usus
778 1163 892 1244 prout
928 1149 983 1223 eis
1016 1148 1203 1223 videbitur
1234 1149 1425 1247 expedire,
1456 1172 1612 1224 conver-

109 1285 183 1344 tere
202 1296 246 1346 ac
265 1273 390 1346 omnia
406 1286 447 1346 et
463 1271 612 1370 singula
626 1271 699 1347 alia
714 1297 789 1370 que
804 1274 841 1348 in
857 1273 1013 1371 singulis
1027 1275 1340 1370 predecessorum
1356 1275 1609 1370 predictorum

108 1393 235 1470 litteris
265 1397 510 1484 continentur,
540 1396 655 1472 libere
683 1397 805 1472 iacere
833 1399 992 1494 possint,
1023 1397 1260 1473 decernimus
1278 1423 1323 1472 ac
1350 1398 1518 1496 predicta
1535 1398 1609 1472 vim

110 1519 335 1596 Contractus
362 1520 422 1597 vel
448 1523 603 1597 alterius
631 1523 889 1598 conventionis
917 1522 1014 1596 inter
1042 1547 1112 1598 nos
1139 1538 1179 1596 et
1197 1523 1326 1597 sedem
1342 1520 1547 1621 predictam
1566 1547 1611 1596 ac

109 1631 259 1721 eosdem
290 1647 517 1745 Capellanos
548 1648 757 1724 Auditores
793 1664 833 1722 et
870 1648 1146 1724 Locatenentes
1182 1647 1321 1723 habere
1357 1647 1609 1735 concedimus,

110 1770 315 1860 statuimus,
345 1771 580 1847 decernimus
608 1789 648 1848 et
675 1771 929 1861 declaramus;
959 1799 1003 1846 ac
1035 1799 1105 1870 pro
1139 1773 1407 1870 premissorum
1446 1771 1610 1846 omnium

109 1895 303 1970 inviolabili
330 1891 595 1972 observatione
622 1913 663 1972 et
689 1897 911 1972 executione
930 1896 1215 1973 Venerabilibus
1234 1897 1409 1972 iratribus
1429 1895 1612 1994 Raphaeli

111 2019 298 2118 Episcopo
316 2020 513 2106 Albanen,
545 2020 774 2108 Camerario,
802 2037 842 2096 et
871 2021 1109 2120 Henrigheto
1138 2022 1434 2118 Archiepiscopo
1468 2023 1612 2097 Taren-

111 2145 192 2232 tino,
235 2145 492 2220 Thesaurario
532 2145 709 2244 generali,
741 2147 892 2234 nostris,
922 2171 991 2222 nec
1033 2172 1107 2221 non
1148 2145 1292 2220 dilectis
1332 2146 1415 2221 filiis
1457 2145 1611 2222 Clericis

113 2267 266 2344 Camere
296 2268 520 2366 Apostolice
548 2292 645 2344 nunc
671 2284 712 2344 et
738 2293 809 2367 pro
837 2285 1010 2367 tempore
1042 2269 1302 2357 existentibus,
1337 2295 1381 2345 ac
1416 2269 1496 2345 aliis
1516 2269 1612 2344 offi-

112 2391 256 2469 cialibus
285 2396 335 2469 ad
362 2419 460 2492 quos
489 2409 647 2491 spectat,
678 2419 747 2490 per
774 2395 843 2468 hec
870 2393 1080 2490 apostolica
1105 2379 1251 2492 scripta
1280 2393 1545 2468 committimus
1573 2412 1612 2468 et

113 2517 341 2606 mandamus,
370 2534 558 2616 quatenus
587 2519 772 2616 premissa
799 2521 923 2594 omnia
952 2535 993 2594 et
1026 2518 1174 2616 singula
1208 2519 1270 2592 ubi
1303 2533 1342 2594 et
1379 2518 1532 2616 quando
1566 2544 1611 2593 ac

112 2646 253 2738 quoties
282 2667 379 2740 opus
407 2643 527 2729 suerit,
559 2668 696 2740 perse
733 2641 793 2718 vel
834 2642 947 2718 alium
989 2668 1055 2718 seu
1083 2643 1189 2731 alios,
1217 2646 1441 2718 auctoritate
1469 2659 1608 2730 nostra,

112 2768 296 2864 publicent
322 2783 362 2843 et
389 2767 570 2865 publicari
596 2791 641 2843 ac
668 2769 861 2843 observari
888 2770 1070 2844 mandent
1097 2785 1136 2842 et
1161 2767 1311 2855 iaciant,
1349 2792 1424 2843 non
1458 2769 1613 2866 permit·

112 2909 227 2968 tentes
255 2894 414 2969 eosdem
442 2909 482 2967 et
509 2918 580 2990 pro
607 2908 780 2991 tempore
807 2893 1014 2967 existentes
1042 2893 1250 2967 Auditores
1278 2909 1317 2966 et
1335 2891 1612 2967 Locatenentes

113 3017 232 3114 (etiam
261 3034 468 3115 postquam
496 3015 705 3092 Auditores
733 3034 772 3092 et
800 3018 1078 3093 Locatenentes
1106 3041 1193 3091 esse
1220 3016 1414 3114 desierint)
1443 3032 1509 3090 aut
1544 3041 1613 3090 eos

111 3143 155 3216 ad
180 3167 279 3239 quos
307 3143 408 3218 bona
434 3142 647 3217 huiusmodi
676 3143 916 3239 pervenerint
944 3165 1011 3216 seu
1041 3141 1143 3216 iuxta
1170 3141 1443 3216 ordinationem
1480 3165 1611 3216 eorum

110 3283 145 3340 et
170 3283 341 3343 tenorem
369 3267 555 3342 facultatis
583 3267 638 3341 eis
667 3292 782 3363 super
809 3266 1002 3364 premissis
1031 3290 1211 3350 concesse
1239 3266 1436 3362 pervenire
1458 3265 1609 3352 debent,

110 3417 219 3489 super
255 3392 449 3489 premissis
485 3391 770 3490 quomodolibet
806 3390 1012 3479 molestari;
1050 3391 1315 3465 molestatores
1352 3407 1392 3464 et
1424 3391 1612 3464 contradi-

110 3533 228 3591 ctores
256 3516 447 3615 quoslibet
473 3517 640 3591 censuris
669 3496 931 3591 ecclesiasticis
958 3530 997 3590 et
1015 3514 1095 3590 aliis
1114 3515 1289 3590 remediis
1307 3516 1396 3588 iuris
1414 3530 1454 3589 et
1471 3540 1613 3611 oppor-

110 3643 213 3729 tunis,
244 3639 498 3740 appellatione
525 3641 750 3739 postposita,
781 3639 1070 3738 compescendo,
1101 3642 1274 3714 invocato
1311 3641 1423 3715 etiam
1460 3642 1510 3714 ad
1541 3640 1612 3714 hoc

110 3765 138 3838 si
163 3792 260 3864 opus
288 3764 399 3841 luerit
425 3766 562 3841 auxilio
590 3765 730 3841 brachii
758 3765 948 3840 secularis.

184 3891 273 3966 Non
300 3891 538 3966 obstantibus
567 3890 894 3965 constitutionibus
922 3906 961 3964 et
988 3889 1285 3964 ordinationibus
1313 3890 1541 3986 apostolicis,
1569 3915 1613 3964 ac

109 4015 330 4112 quibusdam
359 4015 439 4090 aliis
476 4017 647 4091 eiusdem
683 4014 890 4090 Alexandri
927 4015 1207 4112 predecessoris
1241 4013 1374 4090 litteris
1410 4040 1479 4114 per
1515 4039 1612 4112 quas

109 4139 247 4214 dudum
276 4140 424 4215 tertiam
452 4156 600 4237 partem
629 4139 794 4215 omnium
823 4141 1006 4214 bonorum
1035 4140 1083 4213 de
1112 4140 1248 4235 quibus
1266 4163 1336 4235 per
1354 4163 1613 4235 quoscumque

109 4263 275 4342 Prelatos
302 4265 433 4364 vigore
461 4289 784 4363 quarumcumque
812 4264 1029 4339 facultatum
1058 4265 1114 4338 eis
1141 4289 1210 4360 per
1237 4262 1368 4338 sedem
1404 4264 1611 4361 predictam

108 4413 368 4465 concessarum
404 4391 535 4465 testari
563 4389 621 4464 vel
653 4389 745 4464 alias
778 4389 927 4485 disponi
954 4391 1190 4488 contingeret
1218 4387 1378 4464 Camere
1406 4388 1613 4485 apostolice

107 4514 271 4609 predicte
297 4539 369 4611 pro
385 4513 481 4588 illius
496 4514 781 4590 necessitatibus
801 4531 843 4588 ut
861 4515 1074 4612 accepimus
1093 4512 1303 4610 applicavit,
1324 4537 1369 4586 ac
1387 4511 1513 4586 forsan
1531 4510 1612 4585 aliis

108 4640 244 4714 nostris
271 4639 403 4715 litteris
431 4663 499 4737 per
526 4662 623 4736 quas
652 4665 783 4713 omnes
811 4655 850 4713 et
878 4637 1047 4737 singulas
1083 4639 1281 4716 facultates
1318 4654 1358 4713 et
1390 4637 1532 4712 indulta
1568 4662 1613 4711 ac

107 4764 368 4840 concessiones
394 4764 561 4840 testandi
587 4779 627 4840 et
654 4763 888 4840 codicillandi
907 4788 973 4838 seu
994 4763 1086 4838 alias
1105 4763 1329 4858 disponendi
1347 4763 1395 4836 de
1418 4763 1612 4861 quibusvis

106 4889 212 4965 bonis
241 4891 276 4965 in
304 4915 444 4989 genere
470 4889 530 4964 vel
559 4890 595 4963 in
623 4891 748 4988 specie
775 4915 820 4964 ac
848 4889 896 4963 de
925 4906 1028 4964 certa
1055 4913 1201 4962 summa
1228 4905 1306 4964 tam
1326 4915 1395 4986 per
1414 4913 1611 4986 quoscum·

107 5038 178 5110 que
207 5016 402 5090 Romanos
431 5015 628 5090 Pontifices
656 5031 696 5090 et
725 5016 856 5089 sedem
884 5015 1103 5111 predictam,
1134 5039 1248 5112 quam
1276 5039 1346 5111 per
1372 5038 1442 5089 nos
1460 5013 1610 5111 quibus-

30 5163 31 5184 1
107 5139 160 5212 vis
188 5140 361 5236 personis
401 5139 514 5215 etiam
556 5139 816 5215 ecclesiasticis
858 5154 898 5214 et
938 5139 1094 5213 Prelatis
1136 5165 1220 5214 cum
1262 5139 1456 5236 quibusvis
1498 5139 1610 5213 etiam

107 5261 430 5362 derogatoriarum
456 5263 705 5362 derogatoriis
732 5265 891 5361 aliisque
919 5263 1134 5339 tortioribus
1163 5263 1337 5337 clausulis
1365 5263 1613 5338 irritantibus-

30 5381 31 5466 l
107 5411 179 5484 que
207 5387 368 5464 decretis
399 5415 601 5464 concessas
637 5405 677 5466 et
712 5388 829 5465 iactas
869 5389 1148 5477 revocavimus;
1177 5390 1249 5464 sub
1276 5389 1413 5486 quibus
1445 5387 1615 5486 predicta
