<?xml version="1.0" encoding="UTF-8"?>
<!DOCTYPE html PUBLIC "-//W3C//DTD XHTML 1.0 Transitional//EN"
    "http://www.w3.org/TR/xhtml1/DTD/xhtml1-transitional.dtd">
<html xmlns="http://www.w3.org/1999/xhtml" xml:lang="en" lang="en">
 <head>
  <title>
</title>
<meta http-equiv="Content-Type" content="text/html;charset=utf-8" />
  <meta name='ocr-system' content='tesseract 3.04.00' />
  <meta name='ocr-capabilities' content='ocr_page ocr_carea ocr_par ocr_line ocrx_word'/>
</head>
<body>
  <div class='ocr_page' id='page_1' title='image "./capellanipapaee00cercgoog_0507.png"; bbox 0 0 3718 5918; ppageno 0'>
   <div class='ocr_carea' id='block_1_1' title="bbox 761 321 1626 386">
    <p class='ocr_par' dir='ltr' id='par_1_1' title="bbox 761 321 1626 386">
     <span class='ocr_line' id='line_1_1' title="bbox 761 321 1626 386; baseline -0.003 -2"><span class='ocrx_word' id='word_1_1' title='bbox 761 325 928 386; x_wconf 81' lang='lat' dir='ltr'><em>Clemente</em></span> <span class='ocrx_word' id='word_1_2' title='bbox 946 323 1001 385; x_wconf 87' lang='lat' dir='ltr'>XI</span> <span class='ocrx_word' id='word_1_3' title='bbox 1570 321 1626 382; x_wconf 80' lang='grc'>463</span> 
     </span>
    </p>
   </div>
   <div class='ocr_carea' id='block_1_2' title="bbox 18 517 1625 1979">
    <p class='ocr_par' dir='ltr' id='par_1_2' title="bbox 18 517 1625 1979">
     <span class='ocr_line' id='line_1_2' title="bbox 18 517 1623 614; baseline -0.001 -20"><span class='ocrx_word' id='word_1_4' title='bbox 18 535 21 542; x_wconf 89' lang='grc'><strong>“</strong></span> <span class='ocrx_word' id='word_1_5' title='bbox 116 521 259 594; x_wconf 85' lang='lat' dir='ltr'>servari</span> <span class='ocrx_word' id='word_1_6' title='bbox 272 520 415 605; x_wconf 87' lang='lat' dir='ltr'>solitae,</span> <span class='ocrx_word' id='word_1_7' title='bbox 433 521 587 596; x_wconf 90' lang='lat' dir='ltr'>iniunxit</span> <span class='ocrx_word' id='word_1_8' title='bbox 601 537 640 594; x_wconf 91' lang='lat' dir='ltr'>et</span> <span class='ocrx_word' id='word_1_9' title='bbox 660 519 851 594; x_wconf 86' lang='lat' dir='ltr'>mandavit</span> <span class='ocrx_word' id='word_1_10' title='bbox 870 519 958 591; x_wconf 90' lang='lat' dir='ltr'>mihi</span> <span class='ocrx_word' id='word_1_11' title='bbox 976 517 1138 614; x_wconf 89' lang='lat' dir='ltr'>losepho</span> <span class='ocrx_word' id='word_1_12' title='bbox 1158 517 1318 592; x_wconf 88' lang='lat' dir='ltr'>Molines</span> <span class='ocrx_word' id='word_1_13' title='bbox 1333 517 1371 592; x_wconf 91' lang='lat' dir='ltr'>S.</span> <span class='ocrx_word' id='word_1_14' title='bbox 1389 519 1434 591; x_wconf 93' lang='lat' dir='ltr'>R.</span> <span class='ocrx_word' id='word_1_15' title='bbox 1453 518 1623 606; x_wconf 88' lang='lat' dir='ltr'>Decano,</span> 
     </span>
     <span class='ocr_line' id='line_1_3' title="bbox 116 641 1624 741; baseline -0.001 -23"><span class='ocrx_word' id='word_1_16' title='bbox 116 658 159 718; x_wconf 94' lang='lat' dir='ltr'>ut</span> <span class='ocrx_word' id='word_1_17' title='bbox 186 645 340 740; x_wconf 90' lang='lat' dir='ltr'>quando</span> <span class='ocrx_word' id='word_1_18' title='bbox 369 671 490 719; x_wconf 89' lang='lat' dir='ltr'>novus</span> <span class='ocrx_word' id='word_1_19' title='bbox 518 645 682 720; x_wconf 87' lang='lat' dir='ltr'>Auditor</span> <span class='ocrx_word' id='word_1_20' title='bbox 710 659 970 741; x_wconf 88' lang='lat' dir='ltr'>praesentaret</span> <span class='ocrx_word' id='word_1_21' title='bbox 998 641 1087 716; x_wconf 91' lang='lat' dir='ltr'>mihi</span> <span class='ocrx_word' id='word_1_22' title='bbox 1114 658 1180 717; x_wconf 88' lang='lat' dir='ltr'>aut</span> <span class='ocrx_word' id='word_1_23' title='bbox 1208 642 1332 716; x_wconf 79' lang='lat' dir='ltr'>futuro</span> <span class='ocrx_word' id='word_1_24' title='bbox 1371 642 1527 718; x_wconf 90' lang='lat' dir='ltr'>Decano</span> <span class='ocrx_word' id='word_1_25' title='bbox 1554 667 1624 740; x_wconf 93' lang='lat' dir='ltr'>pro</span> 
     </span>
     <span class='ocr_line' id='line_1_4' title="bbox 116 768 1625 866; baseline -0.001 -23"><span class='ocrx_word' id='word_1_26' title='bbox 116 784 288 865; x_wconf 88' lang='lat' dir='ltr'>tempore</span> <span class='ocrx_word' id='word_1_27' title='bbox 316 768 672 866; x_wconf 91' lang='lat' dir='ltr'>Motumproprium,</span> <span class='ocrx_word' id='word_1_28' title='bbox 688 769 845 846; x_wconf 84' lang='lat' dir='ltr'>deberet</span> <span class='ocrx_word' id='word_1_29' title='bbox 873 768 1050 844; x_wconf 91' lang='lat' dir='ltr'>Decanus</span> <span class='ocrx_word' id='word_1_30' title='bbox 1079 769 1296 866; x_wconf 84' lang='lat' dir='ltr'>praecipere</span> <span class='ocrx_word' id='word_1_31' title='bbox 1324 792 1423 842; x_wconf 90' lang='lat' dir='ltr'>novo</span> <span class='ocrx_word' id='word_1_32' title='bbox 1451 768 1625 842; x_wconf 83' lang='lat' dir='ltr'>Auditori</span> 
     </span>
     <span class='ocr_line' id='line_1_5' title="bbox 116 892 1623 970; baseline -0.001 -3"><span class='ocrx_word' id='word_1_33' title='bbox 116 908 159 967; x_wconf 91' lang='lat' dir='ltr'>ut</span> <span class='ocrx_word' id='word_1_34' title='bbox 185 893 288 968; x_wconf 92' lang='lat' dir='ltr'>illum</span> <span class='ocrx_word' id='word_1_35' title='bbox 316 895 535 970; x_wconf 87' lang='lat' dir='ltr'>ostenderet</span> <span class='ocrx_word' id='word_1_36' title='bbox 558 893 731 970; x_wconf 88' lang='lat' dir='ltr'>omnibus</span> <span class='ocrx_word' id='word_1_37' title='bbox 751 893 999 968; x_wconf 88' lang='lat' dir='ltr'>Auditoribus</span> <span class='ocrx_word' id='word_1_38' title='bbox 1016 894 1065 966; x_wconf 90' lang='lat' dir='ltr'>ad</span> <span class='ocrx_word' id='word_1_39' title='bbox 1085 893 1156 968; x_wconf 94' lang='lat' dir='ltr'>hoc</span> <span class='ocrx_word' id='word_1_40' title='bbox 1176 908 1219 967; x_wconf 92' lang='lat' dir='ltr'>ut</span> <span class='ocrx_word' id='word_1_41' title='bbox 1236 892 1408 968; x_wconf 88' lang='lat' dir='ltr'>viderent</span> <span class='ocrx_word' id='word_1_42' title='bbox 1425 917 1474 966; x_wconf 86' lang='lat' dir='ltr'>an</span> <span class='ocrx_word' id='word_1_43' title='bbox 1493 893 1623 967; x_wconf 90' lang='lat' dir='ltr'>Motus</span> 
     </span>
     <span class='ocr_line' id='line_1_6' title="bbox 116 1016 1624 1116; baseline 0.001 -25"><span class='ocrx_word' id='word_1_44' title='bbox 116 1017 292 1116; x_wconf 90' lang='lat' dir='ltr'>proprius</span> <span class='ocrx_word' id='word_1_45' title='bbox 319 1034 423 1094; x_wconf 90' lang='lat' dir='ltr'>esset</span> <span class='ocrx_word' id='word_1_46' title='bbox 449 1021 650 1116; x_wconf 88' lang='lat' dir='ltr'>expeditus</span> <span class='ocrx_word' id='word_1_47' title='bbox 678 1020 714 1093; x_wconf 96' lang='lat' dir='ltr'>in</span> <span class='ocrx_word' id='word_1_48' title='bbox 743 1018 862 1094; x_wconf 90' lang='lat' dir='ltr'>forma</span> <span class='ocrx_word' id='word_1_49' title='bbox 890 1016 1002 1092; x_wconf 87' lang='lat' dir='ltr'>solita</span> <span class='ocrx_word' id='word_1_50' title='bbox 1028 1032 1067 1092; x_wconf 90' lang='lat' dir='ltr'>et</span> <span class='ocrx_word' id='word_1_51' title='bbox 1104 1043 1189 1091; x_wconf 94' lang='lat' dir='ltr'>cum</span> <span class='ocrx_word' id='word_1_52' title='bbox 1226 1017 1391 1092; x_wconf 87' lang='lat' dir='ltr'>clausula</span> <span class='ocrx_word' id='word_1_53' title='bbox 1418 1017 1479 1092; x_wconf 91' lang='lat' dir='ltr'>illa</span> <span class='ocrx_word' id='word_1_54' title='bbox 1515 1044 1624 1092; x_wconf 79' lang='lat' dir='ltr'>‹ser-</span> 
     </span>
     <span class='ocr_line' id='line_1_7' title="bbox 115 1141 1625 1242; baseline 0.001 -26"><span class='ocrx_word' id='word_1_55' title='bbox 115 1144 214 1216; x_wconf 84' lang='lat' dir='ltr'>vatr&#39;r</span> <span class='ocrx_word' id='word_1_56' title='bbox 243 1146 393 1218; x_wconf 78' lang='lat' dir='ltr'>servari</span> <span class='ocrx_word' id='word_1_57' title='bbox 424 1145 577 1219; x_wconf 61' lang='lat' dir='ltr'>solitu»</span> <span class='ocrx_word' id='word_1_58' title='bbox 621 1160 661 1220; x_wconf 90' lang='lat' dir='ltr'>et</span> <span class='ocrx_word' id='word_1_59' title='bbox 692 1146 796 1242; x_wconf 93' lang='lat' dir='ltr'>quod</span> <span class='ocrx_word' id='word_1_60' title='bbox 833 1168 953 1218; x_wconf 88' lang='lat' dir='ltr'>novus</span> <span class='ocrx_word' id='word_1_61' title='bbox 990 1141 1153 1216; x_wconf 89' lang='lat' dir='ltr'>Auditor</span> <span class='ocrx_word' id='word_1_62' title='bbox 1188 1143 1286 1217; x_wconf 87' lang='lat' dir='ltr'>sacta</span> <span class='ocrx_word' id='word_1_63' title='bbox 1320 1143 1391 1216; x_wconf 89' lang='lat' dir='ltr'>ista</span> <span class='ocrx_word' id='word_1_64' title='bbox 1431 1142 1625 1242; x_wconf 85' lang='lat' dir='ltr'>diligentia</span> 
     </span>
     <span class='ocr_line' id='line_1_8' title="bbox 116 1267 1623 1366; baseline 0.003 -28"><span class='ocrx_word' id='word_1_65' title='bbox 116 1284 329 1344; x_wconf 90' lang='lat' dir='ltr'>revertetur</span> <span class='ocrx_word' id='word_1_66' title='bbox 355 1267 404 1342; x_wconf 93' lang='lat' dir='ltr'>ad</span> <span class='ocrx_word' id='word_1_67' title='bbox 433 1269 627 1344; x_wconf 89' lang='lat' dir='ltr'>Decanum</span> <span class='ocrx_word' id='word_1_68' title='bbox 655 1269 691 1342; x_wconf 91' lang='lat' dir='ltr'>in</span> <span class='ocrx_word' id='word_1_69' title='bbox 720 1269 823 1344; x_wconf 92' lang='lat' dir='ltr'>cuius</span> <span class='ocrx_word' id='word_1_70' title='bbox 852 1269 1022 1342; x_wconf 89' lang='lat' dir='ltr'>manibus</span> <span class='ocrx_word' id='word_1_71' title='bbox 1050 1267 1254 1342; x_wconf 90' lang='lat' dir='ltr'>dimitteret</span> <span class='ocrx_word' id='word_1_72' title='bbox 1281 1267 1623 1366; x_wconf 88' lang='lat' dir='ltr'>Motumproprium</span> 
     </span>
     <span class='ocr_line' id='line_1_9' title="bbox 115 1391 1622 1491; baseline 0.003 -26"><span class='ocrx_word' id='word_1_73' title='bbox 115 1408 156 1466; x_wconf 90' lang='lat' dir='ltr'>et</span> <span class='ocrx_word' id='word_1_74' title='bbox 192 1410 329 1490; x_wconf 90' lang='lat' dir='ltr'>postea</span> <span class='ocrx_word' id='word_1_75' title='bbox 367 1393 545 1469; x_wconf 85' lang='lat' dir='ltr'>Decanus</span> <span class='ocrx_word' id='word_1_76' title='bbox 581 1393 925 1491; x_wconf 90' lang='lat' dir='ltr'>Motumproprium</span> <span class='ocrx_word' id='word_1_77' title='bbox 962 1391 1127 1467; x_wconf 80' lang='lat' dir='ltr'>deferret</span> <span class='ocrx_word' id='word_1_78' title='bbox 1162 1394 1211 1467; x_wconf 94' lang='lat' dir='ltr'>ad</span> <span class='ocrx_word' id='word_1_79' title='bbox 1249 1394 1386 1467; x_wconf 90' lang='lat' dir='ltr'>Rotam</span> <span class='ocrx_word' id='word_1_80' title='bbox 1421 1411 1460 1468; x_wconf 88' lang='lat' dir='ltr'>et</span> <span class='ocrx_word' id='word_1_81' title='bbox 1496 1420 1622 1471; x_wconf 87' lang='lat' dir='ltr'>coram</span> 
     </span>
     <span class='ocr_line' id='line_1_10' title="bbox 114 1517 1623 1618; baseline 0.003 -28"><span class='ocrx_word' id='word_1_82' title='bbox 114 1517 290 1592; x_wconf 87' lang='lat' dir='ltr'>omnibus</span> <span class='ocrx_word' id='word_1_83' title='bbox 319 1518 611 1594; x_wconf 86' lang='lat' dir='ltr'>Coauditoribus</span> <span class='ocrx_word' id='word_1_84' title='bbox 639 1519 794 1618; x_wconf 86' lang='lat' dir='ltr'>legeret,</span> <span class='ocrx_word' id='word_1_85' title='bbox 830 1519 894 1615; x_wconf 91' lang='lat' dir='ltr'>qui</span> <span class='ocrx_word' id='word_1_86' title='bbox 931 1519 1174 1594; x_wconf 85' lang='lat' dir='ltr'>admitterent</span> <span class='ocrx_word' id='word_1_87' title='bbox 1208 1518 1348 1592; x_wconf 92' lang='lat' dir='ltr'>dictum</span> <span class='ocrx_word' id='word_1_88' title='bbox 1385 1517 1623 1616; x_wconf 88' lang='lat' dir='ltr'>Motumpro-</span> 
     </span>
     <span class='ocr_line' id='line_1_11' title="bbox 115 1641 1624 1740; baseline 0.001 -25"><span class='ocrx_word' id='word_1_89' title='bbox 115 1643 237 1738; x_wconf 89' lang='lat' dir='ltr'>prium</span> <span class='ocrx_word' id='word_1_90' title='bbox 266 1666 350 1716; x_wconf 92' lang='lat' dir='ltr'>cum</span> <span class='ocrx_word' id='word_1_91' title='bbox 379 1641 652 1740; x_wconf 83' lang='lat' dir='ltr'>subscriptione</span> <span class='ocrx_word' id='word_1_92' title='bbox 672 1642 837 1718; x_wconf 80' lang='lat' dir='ltr'>iacienda</span> <span class='ocrx_word' id='word_1_93' title='bbox 857 1667 927 1739; x_wconf 92' lang='lat' dir='ltr'>per</span> <span class='ocrx_word' id='word_1_94' title='bbox 947 1643 1142 1717; x_wconf 90' lang='lat' dir='ltr'>Decanum</span> <span class='ocrx_word' id='word_1_95' title='bbox 1162 1643 1264 1716; x_wconf 89' lang='lat' dir='ltr'>iuxta</span> <span class='ocrx_word' id='word_1_96' title='bbox 1285 1642 1442 1717; x_wconf 90' lang='lat' dir='ltr'>sormam</span> <span class='ocrx_word' id='word_1_97' title='bbox 1462 1668 1624 1740; x_wconf 88' lang='lat' dir='ltr'>sequen-</span> 
     </span>
     <span class='ocr_line' id='line_1_12' title="bbox 115 1765 1622 1864; baseline 0.002 -24"><span class='ocrx_word' id='word_1_98' title='bbox 115 1783 193 1840; x_wconf 87' lang='lat' dir='ltr'>tem</span> <span class='ocrx_word' id='word_1_99' title='bbox 222 1790 375 1864; x_wconf 87' lang='lat' dir='ltr'>nempe:</span> <span class='ocrx_word' id='word_1_100' title='bbox 404 1767 464 1842; x_wconf 90' lang='lat' dir='ltr'>die</span> <span class='ocrx_word' id='word_1_101' title='bbox 569 1768 763 1843; x_wconf 88' lang='lat' dir='ltr'>mensis</span> <span class='ocrx_word' id='word_1_102' title='bbox 793 1767 934 1843; x_wconf 91' lang='lat' dir='ltr'>anni</span> <span class='ocrx_word' id='word_1_103' title='bbox 964 1765 1032 1841; x_wconf 82' lang='lat' dir='ltr'>tuit</span> <span class='ocrx_word' id='word_1_104' title='bbox 1068 1767 1139 1841; x_wconf 88' lang='lat' dir='ltr'>iste</span> <span class='ocrx_word' id='word_1_105' title='bbox 1176 1767 1482 1864; x_wconf 86' lang='lat' dir='ltr'>Motusproprius</span> <span class='ocrx_word' id='word_1_106' title='bbox 1515 1792 1622 1864; x_wconf 90' lang='lat' dir='ltr'>prae-</span> 
     </span>
     <span class='ocr_line' id='line_1_13' title="bbox 114 1890 1619 1979; baseline 0.002 -16"><span class='ocrx_word' id='word_1_107' title='bbox 114 1906 288 1966; x_wconf 88' lang='lat' dir='ltr'>sentatus</span> <span class='ocrx_word' id='word_1_108' title='bbox 315 1892 350 1966; x_wconf 91' lang='lat' dir='ltr'>in</span> <span class='ocrx_word' id='word_1_109' title='bbox 380 1893 491 1977; x_wconf 86' lang='lat' dir='ltr'>Rota,</span> <span class='ocrx_word' id='word_1_110' title='bbox 512 1907 551 1968; x_wconf 91' lang='lat' dir='ltr'>et</span> <span class='ocrx_word' id='word_1_111' title='bbox 577 1891 765 1967; x_wconf 91' lang='lat' dir='ltr'>admissus</span> <span class='ocrx_word' id='word_1_112' title='bbox 793 1917 877 1966; x_wconf 93' lang='lat' dir='ltr'>cum</span> <span class='ocrx_word' id='word_1_113' title='bbox 914 1890 1082 1966; x_wconf 86' lang='lat' dir='ltr'>clausula</span> <span class='ocrx_word' id='word_1_114' title='bbox 1119 1891 1278 1965; x_wconf 90' lang='lat' dir='ltr'>servatis</span> <span class='ocrx_word' id='word_1_115' title='bbox 1311 1891 1453 1965; x_wconf 90' lang='lat' dir='ltr'>servari</span> <span class='ocrx_word' id='word_1_116' title='bbox 1490 1891 1619 1979; x_wconf 70' lang='lat' dir='ltr'>solitis</span> 
     </span>
    </p>
   </div>
   <div class='ocr_carea' id='block_1_3' title="bbox 115 2013 1620 2220">
    <p class='ocr_par' dir='ltr' id='par_1_3' title="bbox 115 2013 1620 2220">
     <span class='ocr_line' id='line_1_14' title="bbox 115 2013 633 2112; baseline 0.01 -25"><span class='ocrx_word' id='word_1_117' title='bbox 115 2029 231 2112; x_wconf 90' lang='lat' dir='ltr'>prout</span> <span class='ocrx_word' id='word_1_118' title='bbox 257 2013 295 2089; x_wconf 89' lang='lat' dir='ltr'>iu</span> <span class='ocrx_word' id='word_1_119' title='bbox 321 2014 384 2090; x_wconf 93' lang='lat' dir='ltr'>illo</span> <span class='ocrx_word' id='word_1_120' title='bbox 412 2017 633 2092; x_wconf 88' lang='lat' dir='ltr'>continetur.</span> 
     </span>
     <span class='ocr_line' id='line_1_15' title="bbox 756 2121 1620 2220; baseline 0.003 -24"><span class='ocrx_word' id='word_1_121' title='bbox 756 2121 892 2220; x_wconf 88' lang='lat' dir='ltr'>loseph</span> <span class='ocrx_word' id='word_1_122' title='bbox 921 2121 1083 2197; x_wconf 91' lang='lat' dir='ltr'>Molines</span> <span class='ocrx_word' id='word_1_123' title='bbox 1112 2121 1251 2198; x_wconf 87' lang='lat' dir='ltr'>Sacrae</span> <span class='ocrx_word' id='word_1_124' title='bbox 1279 2123 1402 2198; x_wconf 91' lang='lat' dir='ltr'>Rotae</span> <span class='ocrx_word' id='word_1_125' title='bbox 1431 2123 1620 2200; x_wconf 89' lang='lat' dir='ltr'>Decanus.</span> 
     </span>
    </p>
   </div>
   <div class='ocr_carea' id='block_1_4' title="bbox 113 2281 1621 2631">
    <p class='ocr_par' dir='ltr' id='par_1_4' title="bbox 113 2281 1621 2631">
     <span class='ocr_line' id='line_1_16' title="bbox 199 2281 1621 2361; baseline 0.001 -5"><span class='ocrx_word' id='word_1_126' title='bbox 199 2282 249 2356; x_wconf 89' lang='lat' dir='ltr'>Et</span> <span class='ocrx_word' id='word_1_127' title='bbox 277 2283 468 2358; x_wconf 88' lang='lat' dir='ltr'>mandavit</span> <span class='ocrx_word' id='word_1_128' title='bbox 495 2282 594 2358; x_wconf 91' lang='lat' dir='ltr'>idem</span> <span class='ocrx_word' id='word_1_129' title='bbox 623 2283 690 2360; x_wconf 90' lang='lat' dir='ltr'>SS.</span> <span class='ocrx_word' id='word_1_130' title='bbox 714 2282 761 2361; x_wconf 90' lang='lat' dir='ltr'>D.</span> <span class='ocrx_word' id='word_1_131' title='bbox 784 2283 830 2360; x_wconf 91' lang='lat' dir='ltr'>N.</span> <span class='ocrx_word' id='word_1_132' title='bbox 853 2299 894 2358; x_wconf 92' lang='lat' dir='ltr'>ut</span> <span class='ocrx_word' id='word_1_133' title='bbox 922 2283 995 2358; x_wconf 92' lang='lat' dir='ltr'>ista</span> <span class='ocrx_word' id='word_1_134' title='bbox 1021 2282 1141 2358; x_wconf 84' lang='lat' dir='ltr'>forma</span> <span class='ocrx_word' id='word_1_135' title='bbox 1169 2286 1434 2360; x_wconf 89' lang='lat' dir='ltr'>observaretur</span> <span class='ocrx_word' id='word_1_136' title='bbox 1451 2285 1487 2358; x_wconf 92' lang='lat' dir='ltr'>in</span> <span class='ocrx_word' id='word_1_137' title='bbox 1507 2281 1621 2358; x_wconf 91' lang='lat' dir='ltr'>omni-</span> 
     </span>
     <span class='ocr_line' id='line_1_17' title="bbox 113 2407 1621 2507; baseline 0.001 -25"><span class='ocrx_word' id='word_1_138' title='bbox 113 2409 187 2482; x_wconf 89' lang='lat' dir='ltr'>bus</span> <span class='ocrx_word' id='word_1_139' title='bbox 216 2407 462 2486; x_wconf 84' lang='lat' dir='ltr'>Auditoribus</span> <span class='ocrx_word' id='word_1_140' title='bbox 490 2433 560 2505; x_wconf 90' lang='lat' dir='ltr'>pro</span> <span class='ocrx_word' id='word_1_141' title='bbox 587 2424 758 2505; x_wconf 90' lang='lat' dir='ltr'>tempore</span> <span class='ocrx_word' id='word_1_142' title='bbox 786 2409 1009 2484; x_wconf 84' lang='lat' dir='ltr'>intrantibus</span> <span class='ocrx_word' id='word_1_143' title='bbox 1037 2424 1077 2482; x_wconf 88' lang='lat' dir='ltr'>et</span> <span class='ocrx_word' id='word_1_144' title='bbox 1104 2431 1174 2504; x_wconf 88' lang='lat' dir='ltr'>per</span> <span class='ocrx_word' id='word_1_145' title='bbox 1199 2433 1333 2483; x_wconf 89' lang='lat' dir='ltr'>omnes</span> <span class='ocrx_word' id='word_1_146' title='bbox 1361 2407 1524 2483; x_wconf 90' lang='lat' dir='ltr'>decanos</span> <span class='ocrx_word' id='word_1_147' title='bbox 1552 2433 1621 2507; x_wconf 89' lang='lat' dir='ltr'>pro</span> 
     </span>
     <span class='ocr_line' id='line_1_18' title="bbox 113 2533 534 2631; baseline 0.002 -25"><span class='ocrx_word' id='word_1_148' title='bbox 113 2549 288 2631; x_wconf 90' lang='lat' dir='ltr'>tempore</span> <span class='ocrx_word' id='word_1_149' title='bbox 316 2533 534 2608; x_wconf 86' lang='lat' dir='ltr'>existentes.</span> 
     </span>
    </p>
   </div>
   <div class='ocr_carea' id='block_1_5' title="bbox 823 2779 913 2859">
    <p class='ocr_par' dir='ltr' id='par_1_5' title="bbox 823 2779 913 2859">
     <span class='ocr_line' id='line_1_19' title="bbox 823 2779 913 2859; baseline 0.011 -1"><span class='ocrx_word' id='word_1_150' title='bbox 823 2779 913 2859; x_wconf 83' lang='grc'><strong>384.</strong></span> 
     </span>
    </p>
   </div>
   <div class='ocr_carea' id='block_1_6' title="bbox 301 2853 1441 3000">
    <p class='ocr_par' dir='ltr' id='par_1_6' title="bbox 301 2853 1441 3000">
     <span class='ocr_line' id='line_1_20' title="bbox 795 2853 805 2886; baseline 0 0"><span class='ocrx_word' id='word_1_151' title='bbox 795 2853 805 2886; x_wconf 76' lang='grc' dir='ltr'><strong><em>Ι</em></strong></span> 
     </span>
     <span class='ocr_line' id='line_1_21' title="bbox 301 2921 1441 3000; baseline 0.003 -4"><span class='ocrx_word' id='word_1_152' title='bbox 301 2921 433 2998; x_wconf 81' lang='lat' dir='ltr'>Primo</span> <span class='ocrx_word' id='word_1_153' title='bbox 459 2921 664 2997; x_wconf 80' lang='lat' dir='ltr'>celebratur</span> <span class='ocrx_word' id='word_1_154' title='bbox 692 2924 792 2997; x_wconf 85' lang='lat' dir='ltr'>Rota</span> <span class='ocrx_word' id='word_1_155' title='bbox 819 2923 1113 2998; x_wconf 66' lang='lat' dir='ltr'>{stramentorum</span> <span class='ocrx_word' id='word_1_156' title='bbox 1140 2949 1203 2998; x_wconf 80' lang='lat' dir='ltr'>seu</span> <span class='ocrx_word' id='word_1_157' title='bbox 1230 2923 1441 3000; x_wconf 65' lang='lat' dir='ltr'>atramenti.</span> 
     </span>
    </p>
   </div>
   <div class='ocr_carea' id='block_1_7' title="bbox 199 3075 1158 3152">
    <p class='ocr_par' dir='ltr' id='par_1_7' title="bbox 199 3075 1158 3152">
     <span class='ocr_line' id='line_1_22' title="bbox 199 3075 1158 3152; baseline 0 -14"><span class='ocrx_word' id='word_1_158' title='bbox 199 3079 314 3149; x_wconf 78' lang='lat' dir='ltr'>(Anca.</span> <span class='ocrx_word' id='word_1_159' title='bbox 333 3079 419 3150; x_wconf 73' lang='lat' dir='ltr'>Ros..</span> <span class='ocrx_word' id='word_1_160' title='bbox 444 3075 570 3138; x_wconf 81' lang='lat' dir='ltr'>«Liber</span> <span class='ocrx_word' id='word_1_161' title='bbox 588 3076 622 3136; x_wconf 87' lang='lat' dir='ltr'>S.</span> <span class='ocrx_word' id='word_1_162' title='bbox 647 3077 761 3152; x_wconf 81' lang='lat' dir='ltr'>Rotae,</span> <span class='ocrx_word' id='word_1_163' title='bbox 777 3093 810 3136; x_wconf 85' lang='lat' dir='ltr'>n.</span> <span class='ocrx_word' id='word_1_164' title='bbox 829 3077 895 3152; x_wconf 79' lang='lat'>2»,</span> <span class='ocrx_word' id='word_1_165' title='bbox 910 3085 989 3152; x_wconf 78' lang='lat' dir='ltr'>pag.</span> <span class='ocrx_word' id='word_1_166' title='bbox 1008 3078 1054 3138; x_wconf 83' lang='grc'>49</span> <span class='ocrx_word' id='word_1_167' title='bbox 1072 3080 1158 3152; x_wconf 65' lang='lat' dir='ltr'>esp).</span> 
     </span>
    </p>
   </div>
   <div class='ocr_carea' id='block_1_8' title="bbox 557 3242 1188 3338">
    <p class='ocr_par' dir='ltr' id='par_1_8' title="bbox 557 3242 1188 3338">
     <span class='ocr_line' id='line_1_23' title="bbox 557 3242 1188 3338; baseline 0.002 -22"><span class='ocrx_word' id='word_1_168' title='bbox 557 3243 630 3318; x_wconf 89' lang='lat' dir='ltr'>Die</span> <span class='ocrx_word' id='word_1_169' title='bbox 657 3243 787 3316; x_wconf 89' lang='lat' dir='ltr'>Lunae</span> <span class='ocrx_word' id='word_1_170' title='bbox 817 3249 839 3318; x_wconf 90' lang='lat'><strong>6</strong></span> <span class='ocrx_word' id='word_1_171' title='bbox 869 3242 1051 3319; x_wconf 88' lang='lat' dir='ltr'>Octobris</span> <span class='ocrx_word' id='word_1_172' title='bbox 1075 3265 1188 3338; x_wconf 87' lang='lat'>1702.</span> 
     </span>
    </p>
   </div>
   <div class='ocr_carea' id='block_1_9' title="bbox 95 3367 1718 5478">
    <p class='ocr_par' dir='ltr' id='par_1_9' title="bbox 95 3367 1718 5214">
     <span class='ocr_line' id='line_1_24' title="bbox 197 3367 1619 3482; baseline 0.001 -22"><span class='ocrx_word' id='word_1_173' title='bbox 197 3387 238 3461; x_wconf 92' lang='lat' dir='ltr'>ln</span> <span class='ocrx_word' id='word_1_174' title='bbox 256 3386 547 3482; x_wconf 86' lang='lat' dir='ltr'>exequutionem</span> <span class='ocrx_word' id='word_1_175' title='bbox 566 3399 693 3460; x_wconf 85' lang='lat' dir='ltr'>autem</span> <span class='ocrx_word' id='word_1_176' title='bbox 713 3367 976 3460; x_wconf 89' lang='lat' dir='ltr'>mandatorum</span> <span class='ocrx_word' id='word_1_177' title='bbox 993 3383 1217 3480; x_wconf 85' lang='lat' dir='ltr'>Sanctitatis</span> <span class='ocrx_word' id='word_1_178' title='bbox 1236 3383 1337 3459; x_wconf 86' lang='lat' dir='ltr'>Suae</span> <span class='ocrx_word' id='word_1_179' title='bbox 1357 3409 1471 3482; x_wconf 88' lang='lat' dir='ltr'>super</span> <span class='ocrx_word' id='word_1_180' title='bbox 1489 3387 1619 3462; x_wconf 90' lang='lat' dir='ltr'>obser·</span> 
     </span>
     <span class='ocr_line' id='line_1_25' title="bbox 114 3508 1620 3610; baseline 0.001 -24"><span class='ocrx_word' id='word_1_181' title='bbox 114 3511 244 3587; x_wconf 87' lang='lat' dir='ltr'>vantia</span> <span class='ocrx_word' id='word_1_182' title='bbox 272 3508 403 3586; x_wconf 89' lang='lat' dir='ltr'>Bullae</span> <span class='ocrx_word' id='word_1_183' title='bbox 431 3510 573 3586; x_wconf 88' lang='lat' dir='ltr'>Urbani</span> <span class='ocrx_word' id='word_1_184' title='bbox 602 3508 685 3584; x_wconf 94' lang='lat' dir='ltr'>Vlll</span> <span class='ocrx_word' id='word_1_185' title='bbox 712 3511 762 3585; x_wconf 91' lang='lat' dir='ltr'>ad</span> <span class='ocrx_word' id='word_1_186' title='bbox 789 3509 947 3586; x_wconf 82' lang='lat' dir='ltr'>formam</span> <span class='ocrx_word' id='word_1_187' title='bbox 975 3535 1107 3584; x_wconf 89' lang='lat' dir='ltr'>eorum</span> <span class='ocrx_word' id='word_1_188' title='bbox 1125 3533 1224 3606; x_wconf 88' lang='lat' dir='ltr'>quae</span> <span class='ocrx_word' id='word_1_189' title='bbox 1243 3510 1430 3585; x_wconf 85' lang='lat' dir='ltr'>habentur</span> <span class='ocrx_word' id='word_1_190' title='bbox 1447 3513 1620 3610; x_wconf 88' lang='lat' dir='ltr'>superius</span> 
     </span>
     <span class='ocr_line' id='line_1_26' title="bbox 112 3633 1718 3734; baseline 0 -22"><span class='ocrx_word' id='word_1_191' title='bbox 112 3638 256 3712; x_wconf 89' lang='lat' dir='ltr'>inserta</span> <span class='ocrx_word' id='word_1_192' title='bbox 285 3637 357 3710; x_wconf 90' lang='lat' dir='ltr'>sub</span> <span class='ocrx_word' id='word_1_193' title='bbox 385 3633 511 3712; x_wconf 92' lang='lat' dir='ltr'>Dubio</span> <span class='ocrx_word' id='word_1_194' title='bbox 542 3641 589 3722; x_wconf 81' lang='lat'>2⁰,</span> <span class='ocrx_word' id='word_1_195' title='bbox 618 3651 773 3732; x_wconf 88' lang='lat' dir='ltr'>peracta</span> <span class='ocrx_word' id='word_1_196' title='bbox 801 3634 930 3720; x_wconf 87' lang='lat' dir='ltr'>Missa,</span> <span class='ocrx_word' id='word_1_197' title='bbox 960 3635 996 3708; x_wconf 93' lang='lat' dir='ltr'>in</span> <span class='ocrx_word' id='word_1_198' title='bbox 1025 3635 1158 3711; x_wconf 88' lang='lat' dir='ltr'>iisdem</span> <span class='ocrx_word' id='word_1_199' title='bbox 1185 3635 1364 3734; x_wconf 83' lang='lat' dir='ltr'>sgabellis</span> <span class='ocrx_word' id='word_1_200' title='bbox 1396 3637 1620 3734; x_wconf 85' lang='lat' dir='ltr'>genualibus</span> <span class='ocrx_word' id='word_1_201' title='bbox 1714 3645 1718 3656; x_wconf 91' lang='lat'>&#39;</span> 
     </span>
     <span class='ocr_line' id='line_1_27' title="bbox 113 3759 1619 3857; baseline 0.001 -21"><span class='ocrx_word' id='word_1_202' title='bbox 113 3762 325 3836; x_wconf 85' lang='lat' dir='ltr'>existentes</span> <span class='ocrx_word' id='word_1_203' title='bbox 352 3783 484 3834; x_wconf 87' lang='lat' dir='ltr'>omnes</span> <span class='ocrx_word' id='word_1_204' title='bbox 513 3759 666 3833; x_wconf 91' lang='lat' dir='ltr'>Domini</span> <span class='ocrx_word' id='word_1_205' title='bbox 691 3773 731 3833; x_wconf 89' lang='lat' dir='ltr'>et</span> <span class='ocrx_word' id='word_1_206' title='bbox 758 3783 827 3857; x_wconf 88' lang='lat' dir='ltr'>per</span> <span class='ocrx_word' id='word_1_207' title='bbox 855 3760 993 3833; x_wconf 79' lang='lat' dir='ltr'>Rmum</span> <span class='ocrx_word' id='word_1_208' title='bbox 1033 3759 1228 3834; x_wconf 83' lang='lat' dir='ltr'>Decanum</span> <span class='ocrx_word' id='word_1_209' title='bbox 1266 3761 1363 3836; x_wconf 90' lang='lat' dir='ltr'>lecta</span> <span class='ocrx_word' id='word_1_210' title='bbox 1401 3777 1482 3836; x_wconf 85' lang='lat' dir='ltr'>tota</span> <span class='ocrx_word' id='word_1_211' title='bbox 1511 3762 1619 3839; x_wconf 88' lang='lat' dir='ltr'>Bulla</span> 
     </span>
     <span class='ocr_line' id='line_1_28' title="bbox 115 3883 1620 3986; baseline 0 -24"><span class='ocrx_word' id='word_1_212' title='bbox 115 3885 273 3970; x_wconf 89' lang='lat' dir='ltr'>Urbani,</span> <span class='ocrx_word' id='word_1_213' title='bbox 303 3883 371 3958; x_wconf 91' lang='lat' dir='ltr'>suit</span> <span class='ocrx_word' id='word_1_214' title='bbox 397 3909 467 3982; x_wconf 91' lang='lat' dir='ltr'>per</span> <span class='ocrx_word' id='word_1_215' title='bbox 492 3883 662 3983; x_wconf 87' lang='lat' dir='ltr'>singulos</span> <span class='ocrx_word' id='word_1_216' title='bbox 690 3910 738 3958; x_wconf 91' lang='lat' dir='ltr'>ex</span> <span class='ocrx_word' id='word_1_217' title='bbox 766 3883 938 3960; x_wconf 86' lang='lat' dir='ltr'>Dominis</span> <span class='ocrx_word' id='word_1_218' title='bbox 971 3884 1193 3982; x_wconf 88' lang='lat' dir='ltr'>praestitum</span> <span class='ocrx_word' id='word_1_219' title='bbox 1221 3884 1470 3961; x_wconf 88' lang='lat' dir='ltr'>iuramentum</span> <span class='ocrx_word' id='word_1_220' title='bbox 1504 3913 1620 3986; x_wconf 91' lang='lat' dir='ltr'>super</span> 
     </span>
     <span class='ocr_line' id='line_1_29' title="bbox 113 4008 1619 4107; baseline 0.002 -22"><span class='ocrx_word' id='word_1_221' title='bbox 113 4010 213 4086; x_wconf 88' lang='lat' dir='ltr'>illius</span> <span class='ocrx_word' id='word_1_222' title='bbox 242 4011 493 4096; x_wconf 86' lang='lat' dir='ltr'>observantia,</span> <span class='ocrx_word' id='word_1_223' title='bbox 526 4025 627 4084; x_wconf 89' lang='lat' dir='ltr'>tacto</span> <span class='ocrx_word' id='word_1_224' title='bbox 655 4022 809 4106; x_wconf 87' lang='lat' dir='ltr'>pectore</span> <span class='ocrx_word' id='word_1_225' title='bbox 837 4009 916 4084; x_wconf 88' lang='lat' dir='ltr'>sive</span> <span class='ocrx_word' id='word_1_226' title='bbox 944 4008 1146 4107; x_wconf 91' lang='lat' dir='ltr'>Scripturis</span> <span class='ocrx_word' id='word_1_227' title='bbox 1174 4011 1277 4084; x_wconf 86' lang='lat' dir='ltr'>iuxta</span> <span class='ocrx_word' id='word_1_228' title='bbox 1304 4010 1472 4086; x_wconf 89' lang='lat' dir='ltr'>ordinem</span> <span class='ocrx_word' id='word_1_229' title='bbox 1501 4013 1619 4088; x_wconf 87' lang='lat' dir='ltr'>cuius·</span> 
     </span>
     <span class='ocr_line' id='line_1_30' title="bbox 114 4131 1618 4233; baseline 0.001 -23"><span class='ocrx_word' id='word_1_230' title='bbox 114 4159 278 4232; x_wconf 91' lang='lat' dir='ltr'>cumque</span> <span class='ocrx_word' id='word_1_231' title='bbox 304 4157 353 4208; x_wconf 90' lang='lat' dir='ltr'>ex</span> <span class='ocrx_word' id='word_1_232' title='bbox 382 4132 566 4208; x_wconf 90' lang='lat' dir='ltr'>Dominis.</span> <span class='ocrx_word' id='word_1_233' title='bbox 588 4133 737 4208; x_wconf 87' lang='lat' dir='ltr'>Deinde</span> <span class='ocrx_word' id='word_1_234' title='bbox 765 4131 927 4233; x_wconf 84' lang='lat' dir='ltr'>ingressi</span> <span class='ocrx_word' id='word_1_235' title='bbox 953 4133 989 4206; x_wconf 91' lang='lat' dir='ltr'>in</span> <span class='ocrx_word' id='word_1_236' title='bbox 1018 4133 1186 4208; x_wconf 93' lang='lat' dir='ltr'>cubiculo</span> <span class='ocrx_word' id='word_1_237' title='bbox 1214 4134 1277 4210; x_wconf 92' lang='lat' dir='ltr'>ubi</span> <span class='ocrx_word' id='word_1_238' title='bbox 1305 4135 1465 4211; x_wconf 88' lang='lat' dir='ltr'>habetur</span> <span class='ocrx_word' id='word_1_239' title='bbox 1483 4135 1618 4212; x_wconf 88' lang='lat' dir='ltr'>Tribu-</span> 
     </span>
     <span class='ocr_line' id='line_1_31' title="bbox 112 4255 1617 4354; baseline 0.001 -21"><span class='ocrx_word' id='word_1_240' title='bbox 112 4259 186 4346; x_wconf 87' lang='lat' dir='ltr'>nal,</span> <span class='ocrx_word' id='word_1_241' title='bbox 208 4274 248 4333; x_wconf 90' lang='lat' dir='ltr'>et</span> <span class='ocrx_word' id='word_1_242' title='bbox 274 4258 432 4332; x_wconf 86' lang='lat' dir='ltr'>sedente</span> <span class='ocrx_word' id='word_1_243' title='bbox 461 4279 691 4354; x_wconf 89' lang='lat' dir='ltr'>unoquoque</span> <span class='ocrx_word' id='word_1_244' title='bbox 718 4281 767 4330; x_wconf 89' lang='lat' dir='ltr'>ex</span> <span class='ocrx_word' id='word_1_245' title='bbox 796 4257 969 4332; x_wconf 87' lang='lat' dir='ltr'>Dominis</span> <span class='ocrx_word' id='word_1_246' title='bbox 987 4257 1023 4330; x_wconf 92' lang='lat' dir='ltr'>in</span> <span class='ocrx_word' id='word_1_247' title='bbox 1044 4283 1114 4331; x_wconf 92' lang='lat' dir='ltr'>suo</span> <span class='ocrx_word' id='word_1_248' title='bbox 1133 4255 1245 4332; x_wconf 91' lang='lat' dir='ltr'>solito</span> <span class='ocrx_word' id='word_1_249' title='bbox 1264 4257 1357 4343; x_wconf 90' lang='lat' dir='ltr'>loco,</span> <span class='ocrx_word' id='word_1_250' title='bbox 1380 4259 1428 4332; x_wconf 92' lang='lat' dir='ltr'>ad</span> <span class='ocrx_word' id='word_1_251' title='bbox 1453 4261 1617 4335; x_wconf 89' lang='lat' dir='ltr'>sonitum</span> 
     </span>
     <span class='ocr_line' id='line_1_32' title="bbox 114 4380 1620 4482; baseline 0.001 -23"><span class='ocrx_word' id='word_1_252' title='bbox 114 4382 368 4459; x_wconf 89' lang='lat' dir='ltr'>Tintinnabuli</span> <span class='ocrx_word' id='word_1_253' title='bbox 395 4381 518 4456; x_wconf 90' lang='lat' dir='ltr'>vocati</span> <span class='ocrx_word' id='word_1_254' title='bbox 544 4397 583 4456; x_wconf 89' lang='lat' dir='ltr'>et</span> <span class='ocrx_word' id='word_1_255' title='bbox 610 4380 771 4482; x_wconf 86' lang='lat' dir='ltr'>ingressi</span> <span class='ocrx_word' id='word_1_256' title='bbox 798 4381 948 4456; x_wconf 83' lang='lat' dir='ltr'>luerunt</span> <span class='ocrx_word' id='word_1_257' title='bbox 965 4406 1098 4457; x_wconf 86' lang='lat' dir='ltr'>omnes</span> <span class='ocrx_word' id='word_1_258' title='bbox 1117 4380 1324 4458; x_wconf 89' lang='lat' dir='ltr'>Adiutores</span> <span class='ocrx_word' id='word_1_259' title='bbox 1344 4381 1559 4458; x_wconf 91' lang='lat' dir='ltr'>Studiorum</span> <span class='ocrx_word' id='word_1_260' title='bbox 1580 4402 1620 4460; x_wconf 90' lang='lat' dir='ltr'>et</span> 
     </span>
     <span class='ocr_line' id='line_1_33' title="bbox 113 4487 1618 4606; baseline 0.001 -22"><span class='ocrx_word' id='word_1_261' title='bbox 113 4508 164 4585; x_wconf 93' lang='lat' dir='ltr'>illi</span> <span class='ocrx_word' id='word_1_262' title='bbox 192 4509 258 4606; x_wconf 91' lang='lat' dir='ltr'>qui</span> <span class='ocrx_word' id='word_1_263' title='bbox 285 4487 344 4583; x_wconf 37' lang='lat' dir='ltr'>ad·</span> <span class='ocrx_word' id='word_1_264' title='bbox 362 4507 518 4582; x_wconf 84' lang='lat' dir='ltr'>sormam</span> <span class='ocrx_word' id='word_1_265' title='bbox 544 4504 674 4581; x_wconf 88' lang='lat' dir='ltr'>Bullae</span> <span class='ocrx_word' id='word_1_266' title='bbox 692 4507 833 4582; x_wconf 90' lang='lat' dir='ltr'>habent</span> <span class='ocrx_word' id='word_1_267' title='bbox 851 4520 1049 4595; x_wconf 89' lang='lat' dir='ltr'>secretum,</span> <span class='ocrx_word' id='word_1_268' title='bbox 1071 4507 1207 4604; x_wconf 91' lang='lat' dir='ltr'>quibus</span> <span class='ocrx_word' id='word_1_269' title='bbox 1227 4508 1415 4584; x_wconf 90' lang='lat' dir='ltr'>stantibus</span> <span class='ocrx_word' id='word_1_270' title='bbox 1434 4525 1473 4584; x_wconf 91' lang='lat' dir='ltr'>et</span> <span class='ocrx_word' id='word_1_271' title='bbox 1491 4509 1618 4586; x_wconf 89' lang='lat' dir='ltr'>habita</span> 
     </span>
     <span class='ocr_line' id='line_1_34' title="bbox 114 4630 1675 4730; baseline 0.001 -22"><span class='ocrx_word' id='word_1_272' title='bbox 114 4633 260 4708; x_wconf 91' lang='lat' dir='ltr'>eisdem</span> <span class='ocrx_word' id='word_1_273' title='bbox 287 4657 356 4730; x_wconf 94' lang='lat' dir='ltr'>per</span> <span class='ocrx_word' id='word_1_274' title='bbox 385 4631 521 4706; x_wconf 78' lang='lat' dir='ltr'>Rri‘rum</span> <span class='ocrx_word' id='word_1_275' title='bbox 543 4631 739 4705; x_wconf 87' lang='lat' dir='ltr'>Decanum</span> <span class='ocrx_word' id='word_1_276' title='bbox 758 4631 861 4704; x_wconf 90' lang='lat' dir='ltr'>brevi</span> <span class='ocrx_word' id='word_1_277' title='bbox 880 4630 1112 4706; x_wconf 88' lang='lat' dir='ltr'>oratiuncula</span> <span class='ocrx_word' id='word_1_278' title='bbox 1132 4655 1248 4728; x_wconf 91' lang='lat' dir='ltr'>super</span> <span class='ocrx_word' id='word_1_279' title='bbox 1265 4632 1468 4708; x_wconf 87' lang='lat' dir='ltr'>relevantia</span> <span class='ocrx_word' id='word_1_280' title='bbox 1486 4657 1616 4710; x_wconf 92' lang='lat' dir='ltr'>eorum</span> <span class='ocrx_word' id='word_1_281' title='bbox 1672 4649 1675 4656; x_wconf 89' lang='lat'>&#39;</span> 
     </span>
     <span class='ocr_line' id='line_1_35' title="bbox 113 4753 1618 4858; baseline 0.001 -26"><span class='ocrx_word' id='word_1_282' title='bbox 113 4757 278 4832; x_wconf 86' lang='lat' dir='ltr'>muneris</span> <span class='ocrx_word' id='word_1_283' title='bbox 305 4771 345 4830; x_wconf 87' lang='lat' dir='ltr'>et</span> <span class='ocrx_word' id='word_1_284' title='bbox 371 4757 636 4832; x_wconf 88' lang='lat' dir='ltr'>observatione</span> <span class='ocrx_word' id='word_1_285' title='bbox 665 4753 806 4843; x_wconf 92' lang='lat' dir='ltr'>Bullae,</span> <span class='ocrx_word' id='word_1_286' title='bbox 837 4779 911 4852; x_wconf 88' lang='lat' dir='ltr'>qua</span> <span class='ocrx_word' id='word_1_287' title='bbox 940 4773 1094 4853; x_wconf 87' lang='lat' dir='ltr'>peracta</span> <span class='ocrx_word' id='word_1_288' title='bbox 1124 4757 1226 4832; x_wconf 86' lang='lat' dir='ltr'>flexis</span> <span class='ocrx_word' id='word_1_289' title='bbox 1252 4782 1320 4854; x_wconf 91' lang='lat' dir='ltr'>per</span> <span class='ocrx_word' id='word_1_290' title='bbox 1339 4759 1492 4832; x_wconf 91' lang='lat' dir='ltr'>eosdem</span> <span class='ocrx_word' id='word_1_291' title='bbox 1511 4761 1618 4858; x_wconf 86' lang='lat' dir='ltr'>geni-</span> 
     </span>
     <span class='ocr_line' id='line_1_36' title="bbox 114 4879 1614 4968; baseline 0 -12"><span class='ocrx_word' id='word_1_292' title='bbox 114 4883 187 4957; x_wconf 88' lang='lat' dir='ltr'>bus</span> <span class='ocrx_word' id='word_1_293' title='bbox 214 4895 253 4956; x_wconf 91' lang='lat' dir='ltr'>et</span> <span class='ocrx_word' id='word_1_294' title='bbox 279 4879 482 4956; x_wconf 86' lang='lat' dir='ltr'>accedente</span> <span class='ocrx_word' id='word_1_295' title='bbox 509 4879 558 4956; x_wconf 88' lang='lat' dir='ltr'>ad</span> <span class='ocrx_word' id='word_1_296' title='bbox 587 4879 759 4955; x_wconf 85' lang='lat' dir='ltr'>Mensam</span> <span class='ocrx_word' id='word_1_297' title='bbox 778 4879 991 4956; x_wconf 87' lang='lat' dir='ltr'>Tribunalis</span> <span class='ocrx_word' id='word_1_298' title='bbox 1009 4879 1195 4956; x_wconf 85' lang='lat' dir='ltr'>Adiutore</span> <span class='ocrx_word' id='word_1_299' title='bbox 1213 4880 1336 4956; x_wconf 90' lang='lat' dir='ltr'>Studii</span> <span class='ocrx_word' id='word_1_300' title='bbox 1355 4881 1440 4956; x_wconf 77' lang='lat' dir='ltr'>Rni</span> <span class='ocrx_word' id='word_1_301' title='bbox 1460 4883 1614 4968; x_wconf 79' lang='lat' dir='ltr'>Decani</span> 
     </span>
     <span class='ocr_line' id='line_1_37' title="bbox 95 4979 1618 5107; baseline 0.001 -26"><span class='ocrx_word' id='word_1_302' title='bbox 95 4979 288 5103; x_wconf 54' lang='lat' dir='ltr'>&#39;lectaque</span> <span class='ocrx_word' id='word_1_303' title='bbox 316 5029 498 5102; x_wconf 89' lang='lat' dir='ltr'>pereum</span> <span class='ocrx_word' id='word_1_304' title='bbox 529 5002 646 5094; x_wconf 89' lang='lat' dir='ltr'>Bulla,</span> <span class='ocrx_word' id='word_1_305' title='bbox 676 5004 744 5079; x_wconf 83' lang='lat' dir='ltr'>luit</span> <span class='ocrx_word' id='word_1_306' title='bbox 771 5028 841 5104; x_wconf 91' lang='lat' dir='ltr'>per</span> <span class='ocrx_word' id='word_1_307' title='bbox 868 5029 1175 5103; x_wconf 89' lang='lat' dir='ltr'>unumquemque</span> <span class='ocrx_word' id='word_1_308' title='bbox 1202 5031 1250 5080; x_wconf 89' lang='lat' dir='ltr'>ex</span> <span class='ocrx_word' id='word_1_309' title='bbox 1276 5006 1419 5082; x_wconf 86' lang='lat' dir='ltr'>eisdem</span> <span class='ocrx_word' id='word_1_310' title='bbox 1458 5008 1618 5107; x_wconf 90' lang='lat' dir='ltr'>praesti-</span> 
     </span>
     <span class='ocr_line' id='line_1_38' title="bbox 115 5129 1530 5214; baseline 0.002 -9"><span class='ocrx_word' id='word_1_311' title='bbox 115 5147 196 5206; x_wconf 93' lang='lat' dir='ltr'>tum</span> <span class='ocrx_word' id='word_1_312' title='bbox 223 5131 483 5214; x_wconf 86' lang='lat' dir='ltr'>iuramentum,</span> <span class='ocrx_word' id='word_1_313' title='bbox 514 5145 666 5204; x_wconf 88' lang='lat' dir='ltr'>servato</span> <span class='ocrx_word' id='word_1_314' title='bbox 693 5129 825 5205; x_wconf 91' lang='lat' dir='ltr'>ordine</span> <span class='ocrx_word' id='word_1_315' title='bbox 852 5130 1082 5205; x_wconf 86' lang='lat' dir='ltr'>antianitatis</span> <span class='ocrx_word' id='word_1_316' title='bbox 1110 5155 1239 5206; x_wconf 91' lang='lat' dir='ltr'>eorum</span> <span class='ocrx_word' id='word_1_317' title='bbox 1270 5131 1530 5208; x_wconf 86' lang='lat' dir='ltr'>Dominorum.</span> 
     </span>
    </p>

    <p class='ocr_par' dir='ltr' id='par_1_10' title="bbox 114 5253 1617 5478">
     <span class='ocr_line' id='line_1_39' title="bbox 197 5253 1617 5354; baseline 0.004 -25"><span class='ocrx_word' id='word_1_318' title='bbox 197 5254 494 5343; x_wconf 85' lang='lat' dir='ltr'>Advertendum,</span> <span class='ocrx_word' id='word_1_319' title='bbox 512 5253 616 5351; x_wconf 92' lang='lat' dir='ltr'>quod</span> <span class='ocrx_word' id='word_1_320' title='bbox 631 5280 715 5329; x_wconf 90' lang='lat' dir='ltr'>cum</span> <span class='ocrx_word' id='word_1_321' title='bbox 731 5253 894 5331; x_wconf 84' lang='lat' dir='ltr'>nonnulli</span> <span class='ocrx_word' id='word_1_322' title='bbox 908 5253 1018 5329; x_wconf 90' lang='lat' dir='ltr'>iustis</span> <span class='ocrx_word' id='word_1_323' title='bbox 1037 5255 1086 5329; x_wconf 90' lang='lat' dir='ltr'>de</span> <span class='ocrx_word' id='word_1_324' title='bbox 1104 5255 1228 5330; x_wconf 87' lang='lat' dir='ltr'>causis</span> <span class='ocrx_word' id='word_1_325' title='bbox 1247 5256 1435 5344; x_wconf 85' lang='lat' dir='ltr'>abessent,</span> <span class='ocrx_word' id='word_1_326' title='bbox 1453 5273 1617 5354; x_wconf 89' lang='lat' dir='ltr'>sequuto</span> 
     </span>
     <span class='ocr_line' id='line_1_40' title="bbox 114 5359 1613 5478; baseline 0.003 -25"><span class='ocrx_word' id='word_1_327' title='bbox 114 5403 246 5454; x_wconf 89' lang='lat' dir='ltr'>eorum</span> <span class='ocrx_word' id='word_1_328' title='bbox 274 5380 394 5456; x_wconf 90' lang='lat' dir='ltr'>reditu</span> <span class='ocrx_word' id='word_1_329' title='bbox 418 5379 468 5454; x_wconf 91' lang='lat' dir='ltr'>ad</span> <span class='ocrx_word' id='word_1_330' title='bbox 489 5359 642 5468; x_wconf 54' lang='lat' dir='ltr'>Urbem.</span> <span class='ocrx_word' id='word_1_331' title='bbox 663 5404 796 5455; x_wconf 91' lang='lat' dir='ltr'>omnes</span> <span class='ocrx_word' id='word_1_332' title='bbox 813 5379 912 5454; x_wconf 86' lang='lat' dir='ltr'>idem</span> <span class='ocrx_word' id='word_1_333' title='bbox 932 5379 1179 5454; x_wconf 88' lang='lat' dir='ltr'>iuramentum</span> <span class='ocrx_word' id='word_1_334' title='bbox 1198 5397 1393 5478; x_wconf 86' lang='lat' dir='ltr'>praestare</span> <span class='ocrx_word' id='word_1_335' title='bbox 1412 5383 1613 5458; x_wconf 90' lang='lat' dir='ltr'>debebunt.</span> 
     </span>
    </p>
   </div>
   <div class='ocr_carea' id='block_1_10' title="bbox 0 0 1864 5918">
    <p class='ocr_par' dir='ltr' id='par_1_11' title="bbox 0 0 1864 5918">
     <span class='ocr_line' id='line_1_41' title="bbox 0 0 1864 5918; baseline 0 1"><span class='ocrx_word' id='word_1_336' title='bbox 0 0 1864 5918; x_wconf 95' lang='lat' dir='ltr'> </span> 
     </span>
    </p>
   </div>
  </div>
 </body>
</html>
