3684 5920
872 295 1009 354 Saeculo
1027 293 1110 355 XIX

949 661 1039 739 513.

394 803 549 876 Absenta
580 802 805 890 Camerario,
836 805 914 876 eius
939 805 1011 876 vica
1028 805 1214 900 fingitur
1242 805 1364 878 Rmus
1391 804 1578 878 Daconus.

318 959 431 1029 (Accu.
450 959 538 1031 Ros.¹
562 958 751 1018 ‹Dram'um
772 959 946 1018 Cameralc
959 961 995 1032 »).

724 1142 852 1216 Lunae
885 1167 902 1215 2
935 1143 1099 1217 octobris
1134 1146 1242 1219 1810.

317 1283 543 1362 Solemnis...
575 1287 734 1381 aperitio
764 1285 887 1358 Rotae
925 1343 1393 1361 ........
1392 1269 1397 1276 ’
1452 1344 1719 1363 .....

237 1469 245 1486 .
304 1469 311 1485 .
370 1469 377 1486 .
429 1411 550 1483 Rotae
588 1409 785 1506 aperitioni
819 1411 1002 1483 interesse
1031 1434 1105 1483 non
1133 1411 1250 1504 potui,
1284 1434 1332 1482 eo
1360 1412 1473 1505 quod,
1505 1435 1591 1483 cum
1620 1412 1721 1484 nostri

239 1535 393 1609 Ordinis
422 1535 627 1608 camerarii
655 1535 734 1608 vice
764 1535 948 1631 fungerer,
979 1533 1165 1606 adsistere
1193 1534 1304 1607 debui
1325 1534 1519 1629 palliorum
1549 1534 1724 1608 traditioni

238 1659 356 1732 sactae
438 1661 487 1732 ab
525 1660 671 1735 Erico...
709 1659 861 1732 Card...
897 1684 921 1731 a
958 1681 1045 1753 quo,
1085 1672 1218 1753 utpote
1254 1659 1375 1754 primo
1415 1657 1594 1744 Diacono,
1625 1657 1722 1754 pallia

239 1784 335 1856 tradi
364 1782 496 1858 solent.

940 2024 1032 2102 514.

240 2167 405 2241 Edictalc'
437 2167 513 2265 lege
549 2169 642 2240 anni
671 2169 775 2255 1821,
817 2170 934 2242 Rotae
970 2169 1166 2242 cornmz'sszsst
1197 2170 1317 2242 cauus
1350 2170 1655 2244 commercialibus
1691 2171 1724 2240 in
1817 2161 1818 2234 l

317 2292 444 2368 ultimo
471 2292 724 2391 appallateam}
746 2295 877 2390 gradu
904 2293 1079 2378 videndis,
1111 2295 1210 2366 Rota
1236 2295 1366 2367 statui!
1390 2295 1431 2367 in
1466 2297 1518 2368 cis
1538 2296 1725 2394 procedere
1817 2351 1818 2378 .

318 2428 361 2489 ut
394 2417 433 2490 in
469 2417 589 2490 caustis
616 2431 691 2516 par
724 2417 943 2492 Memoriale
979 2419 1019 2492 in
1056 2418 1164 2492 Ratis
1194 2418 1482 2502 Memorialium
1512 2429 1725 2518 proponente
1817 2457 1818 2512 p

319 2542 420 2642 de.
449 2543 611 2617 Antonio
638 2545 774 2617 Maria
805 2543 1029 2628 (r'omberini¹
1061 2543 1252 2619 Anauon.

317 2698 432 2770 (Anca.
455 2697 537 2770 Rom,
561 2696 752 2756 ‹Drarc'um
772 2697 1020 2770 Gamberr'm'»).

730 2882 859 2956 Lunae
895 2908 905 2954 1
941 2883 1105 2957 octobris
1141 2887 1251 2958 1821.

320 3043 509 3140 Expiratis
547 3041 656 3124 seriis,
689 3041 806 3115 solitis
841 3068 925 3115 curn
959 3041 1268 3127 solemnitatibus,
1310 3043 1392 3118 Sac.
1431 3044 1611 3118 Tribunal
1646 3047 1726 3118 ada-

240 3184 526 3266 mmmffih.

321 3291 479 3366 Edictali
507 3291 654 3388 Legea
682 3290 892 3366 Secreteria
913 3292 1044 3367 Status
1071 3294 1173 3367 edita
1202 3293 1261 3366 dic
1287 3318 1300 3366 1
1325 3293 1414 3366 iunii
1439 3297 1533 3367 1821
1566 3295 1726 3391 proviso-

239 3419 333 3490 rium
367 3417 576 3492 commercii
605 3418 773 3514 regimen
802 3416 870 3490 luit
897 3417 1092 3502 sancitum,
1129 3419 1286 3514 ipsaque
1313 3417 1399 3516 lege
1427 3429 1501 3494 art.
1527 3442 1579 3514 30
1606 3428 1641 3491 at
1663 3443 1725 3514 ssq.

239 3569 371 3616 omnes
399 3541 678 3615 commerciales
697 3566 833 3614 causae
848 3543 883 3614 in
904 3540 1034 3615 ultimo
1053 3543 1317 3639 appellationis
1340 3545 1460 3640 gradu
1480 3542 1725 3616 diiudicandae

239 3669 345 3744 S.cro
374 3666 566 3741 Tribunali
585 3666 808 3740 commissae
837 3667 996 3742 luerunt.
1029 3667 1155 3740 Praxis
1175 3693 1328 3764 quoque
1346 3668 1536 3741 iudiciaria
1555 3669 1590 3741 in
1609 3669 1725 3740 huius-

135 3865 141 3878 ,
239 3793 340 3865 modi
359 3815 556 3864 causarum
587 3789 801 3864 definitione
820 3793 1006 3865 servanda
1032 3790 1100 3863 fuit
1128 3777 1486 3887 praescripta'quae
1514 3809 1554 3864 et
1582 3792 1725 3866 Rotales

240 3918 440 3991 methodos
469 3931 652 4011 quantum
681 3915 760 3987 fieri
788 3931 921 4012 posset
948 3939 1021 3988 non
1050 3919 1299 4011 perturbaret,
1329 3933 1368 3990 et
1395 3917 1614 3990 iudiciorum
1646 3913 1725 3988 cele·

239 4044 347 4124 ritati
370 4065 483 4136 quarn
512 4063 644 4112 omnes
673 4041 907 4136 praecipiunt
925 4039 1051 4138 Leges
1071 4056 1109 4112 et
1128 4041 1337 4114 commercii
1367 4043 1471 4116 lavor
1498 4065 1724 4138 summopere

239 4165 416 4264 postulat,
448 4160 673 4238 consuleret.
705 4163 813 4237 Haec
840 4180 966 4237 autem
995 4180 1036 4237 ut
1064 4162 1159 4238 illico
1186 4164 1236 4238 ad
1262 4165 1404 4239 exitum
1428 4166 1720 4261 perducerentur,

239 4291 321 4363 Sac.
352 4287 531 4360 Tribunal
558 4285 648 4359 mihi
676 4285 876 4373 mandavit,
898 4304 940 4360 ut
958 4311 1146 4385 congruas
1175 4288 1457 4364 observationes
1485 4312 1722 4386 proponerem

237 4437 336 4509 quae
374 4411 557 4484 indicatae
595 4410 772 4485 Edictalis
808 4411 922 4510 Legis
959 4413 1167 4486 executioni
1208 4413 1325 4486 lacem
1366 4413 1609 4509 praeferrent.
1648 4413 1721 4486 Hoc

157 4574 159 4578 .
238 4563 392 4611 munere
413 4537 514 4610 omni
542 4537 667 4610 studio
696 4552 810 4631 atque
839 4561 927 4610 cura
946 4561 1029 4608 cum
1058 4535 1207 4610 functus
1226 4537 1370 4625 luerim,
1391 4561 1460 4633 pro
1485 4538 1604 4634 prima
1623 4537 1718 4618 Rota,

235 4663 374 4738 scilicet
402 4685 471 4758 pro
491 4661 550 4735 die
569 4662 783 4757 aperitionis
803 4661 906 4736 Sacri
926 4659 1137 4735 Tribunalis
1165 4661 1373 4758 propositio
1401 4687 1599 4736 causarum
1626 4685 1716 4734 com-

237 4788 460 4860 mercialium
476 4787 673 4884 designata
687 4786 770 4861 luit:
791 4786 940 4859 luerunt
957 4796 1086 4860 r'evera
1104 4802 1310 4882 sequentes
1330 4788 1549 4884 propositae
1569 4809 1707 4862 causae:

238 4913 389 5010 (nempe
419 4938 487 4984 sex
506 4913 708 4997 Romanae,
737 4907 839 5014 etc).
