3684 5920
902 290 1039 351 Socculo
1059 289 1141 350 XIX

975 674 1064 754 523.

275 844 429 918 Vetatur
446 841 639 939 quamtitas
656 840 859 914 Auditores
876 836 1106 938 suffragium
1113 841 1252 936 serant
1268 839 1308 912 in
1321 839 1441 914 tarsos
1453 838 1494 912 in
1511 836 1645 936 qut‘bus
1658 847 1757 910 anua

336 965 504 1062 sut'sscnt
520 965 711 1042 Advocati.
1173 1038 1177 1050 ,

344 1121 460 1194 (Aaou.
473 1119 560 1192 Rom,
584 1118 709 1180 «Liber
728 1117 763 1178 S.
780 1119 886 1178 Rotae
904 1135 937 1178 n.
956 1119 1021 1190 4»,
1036 1123 1115 1192 pag.
1133 1117 1306 1188 259360)

884 1363 897 1412 r
932 1339 1021 1412 Maii
1056 1341 1167 1430 1829.

347 1574 516 1595 .....
547 1518 768 1592 Mandatum
788 1533 991 1615 propterea
1009 1517 1077 1592 luit
1095 1534 1173 1592 tam
1192 1543 1262 1614 pro
1281 1515 1351 1589 hac
1370 1514 1460 1599 vice,
1481 1540 1598 1612 quam
1618 1539 1759 1610 semper

266 1641 522 1738 inposterum
551 1644 601 1716 ab
628 1641 808 1740 suffragio
835 1641 990 1716 serendo
1018 1667 1104 1715 sese
1140 1641 1330 1715 abstinere
1367 1640 1505 1713 debere
1543 1639 1755 1712 Auditorem

266 1768 330 1864 qui
357 1792 510 1841 causam
536 1783 649 1842 antea
677 1781 947 1863 pertractasset
973 1766 1109 1863 quovis
1136 1791 1278 1865 genere
1305 1763 1543 1839 defensionis.

974 2117 1064 2196 524.

268 2283 485 2357 ludaeorum
515 2291 551 2356 et
579 2282 887 2356 t'rtcommodorum
907 2283 1051 2378 sonim
1083 2289 1232 2378 reputat
1257 2282 1366 2367 Rota,
1397 2281 1617 2354 Auditorem
1651 2280 1759 2352 Rotae

347 2407 531 2481 auditon's
552 2407 742 2504 generalis
770 2405 1029 2480 Cordinalium
1056 2431 1205 2480 munere
1221 2405 1346 2503 βῆμ’
1361 2449 1381 2461 -
1397 2432 1441 2478 ac
1458 2405 1616 2500 officium
1645 2405 1759 2478 Adiu-

346 2533 439 2605 toris
455 2558 480 2604 a
498 2531 642 2604 Studiis
659 2529 858 2604 Auditort'r
877 2531 995 2604 Rotae
1017 2530 1279 2629 incompattllile
1305 2555 1379 2604 esse
1405 2556 1485 2604 cum
1512 2528 1634 2620 officio
1659 2529 1760 2602 audi-

348 2658 441 2729 toris
464 2656 711 2755 particulam}
731 2655 1002 2732 Cordinolium.

346 2813 464 2886 (Anca.
482 2811 570 2888 Ron,
593 2837 606 2863 «
618 2811 720 2872 Ltber
738 2813 772 2871 S.
791 2809 896 2872 Rotae
914 2829 946 2872 n.
966 2814 1029 2888 t»,
1044 2820 1124 2888 pag.
1142 2811 1309 2914 ξ60-26Λ.

792 3031 865 3104 Die
899 3051 941 3124 15
974 3030 1115 3126 Aprilis
1149 3033 1260 3122 1830.

347 3210 526 3308 Spectata
554 3233 702 3282 summa
728 3209 927 3306 prudentia
954 3224 994 3283 et
1021 3209 1189 3282 doctrina
1218 3209 1263 3285 R.
1286 3208 1324 3284 P.
1347 3197 1394 3285 D‘.
1427 3209 1587 3284 Bolondi
1615 3208 1761 3283 alterius

267 3361 314 3410 ex
342 3335 480 3410 nostris
522 3333 781 3420 Auditoribus,
811 3357 879 3410 nec
921 3358 994 3409 non
1023 3333 1122 3410 Adv.
1167 3334 1364 3408 Giansanti
1406 3335 1470 3432 qui
1511 3335 1707 3410 Adiutoris
1740 3359 1757 3404 a

267 3460 409 3535 Studiis
437 3461 483 3536 R.
508 3460 546 3534 P.
570 3459 617 3534 D.
640 3459 820 3534 Celestini
839 3485 974 3533 munus
992 3475 1154 3542 exercet.
1176 3457 1400 3556 (Cardinalis
1420 3459 1536 3534 Pacca
1556 3461 1759 3557 Episcopus

267 3585 498 3684 Veliternus)
522 3585 682 3660 eosdem
712 3585 927 3670 nominavit,
966 3584 1125 3658 alterum
1168 3585 1393 3660 Auditorem
1431 3585 1660 3662 Generalem
1698 3609 1758 3680 pro

269 3711 430 3785 Ciuitate
460 3709 663 3796 Veliterno,
693 3709 853 3784 alterum
882 3708 1106 3784 Auditorem
1136 3734 1245 3782 suum
1278 3709 1525 3806 peculiarem:
1546 3711 1622 3807 qui,
1649 3713 1755 3782 incon·

268 3835 368 3910 sulto
396 3835 546 3932 penitus
575 3851 706 3909 nostro
735 3835 892 3922 Ordine,
923 3833 1058 3907 O‘fficia
1086 3850 1283 3930 acceptare
1321 3859 1394 3908 non
1433 3836 1663 3910 dubitarunt.
1692 3833 1754 3906 Sed

269 3961 330 4033 vix
358 3959 465 4033 nobis
493 3958 530 4040 id
560 3975 690 4034 notum
718 3957 796 4042 luit,
828 3961 910 4055 ipso
939 3959 1162 4054 praesertim
1191 3959 1376 4034 referente
1396 3959 1441 4035 R.
1465 3958 1502 4034 P.
1526 3960 1573 4035 D.
1597 3959 1752 4040 Bolondi,

268 4083 484 4156 indecorum
527 4101 717 4178 repertum
745 4099 817 4170 est,
859 4083 899 4158 S.
938 4083 1060 4157 Rotae
1104 4083 1337 4170 Auditorem‚
1370 4084 1565 4158 Auditoris
1607 4084 1754 4158 officium

267 4207 403 4281 eodem
431 4222 602 4304 tempore
630 4205 815 4280 moderari
842 4231 959 4302 penes
989 4205 1332 4281 Eminentissimum
1362 4207 1503 4294 Virum,
1535 4223 1575 4281 et
1606 4208 1755 4304 pruden-

269 4331 343 4406 tiae
372 4331 488 4428 ipsius
517 4330 702 4404 Praesulis
722 4334 1023 4406 commendatum
1038 4332 1105 4405 suit
1124 4349 1176 4416 ut,
1197 4348 1411 4428 opportuna
1431 4349 1542 4428 capta
1559 4333 1755 4413 occasione,

268 4459 414 4553 absque
442 4456 681 4531 concedentis
708 4456 905 4542 dedecore,
937 4480 1072 4530 munus
1091 4458 1335 4533 renunciaret.
1357 4455 1471 4550 Quod
1491 4461 1612 4556 magis
1632 4459 1757 4556 magis·

268 4606 343 4679 que
371 4581 598 4656 insinuatum
627 4581 705 4667 luit,
737 4606 783 4655 ne
811 4581 1049 4655 incommoda
1086 4581 1160 4655 ulla
1188 4581 1225 4654 in
1253 4583 1376 4656 causis
1414 4581 1614 4656 Veliternis
1653 4607 1757 4679 penes

270 4730 340 4780 nos
368 4705 632 4804 proponendis,
663 4708 860 4781 orirentur.
879 4707 964 4802 lpse
990 4707 1035 4782 R.
1058 4706 1096 4780 P.
1119 4706 1167 4780 D.
1190 4704 1347 4780 Bolondi
1368 4704 1473 4782 lacile
1493 4707 1674 4781 intellexit
1691 4709 1758 4780 iure

271 4831 405 4906 merito
434 4831 522 4905 talia
549 4831 663 4904 luisse
690 4831 963 4916 animadversa,
995 4832 1200 4926 paucisque
1227 4831 1374 4905 effluxis
1408 4832 1598 4906 mensibus
1632 4831 1755 4915 retulit

270 4956 466 5030 Auditoris
495 4953 674 5030 Veliterni
703 4954 865 5028 officium
892 4955 1108 5053 resignasse
1135 4957 1171 5029 in
1199 4957 1370 5030 manibus
1391 4957 1507 5053 ipsius
1527 4957 1611 5030 Emi
1640 4955 1753 5030 Pacca.

270 5123 296 5136 -
327 5079 511 5154 Dominus
540 5081 761 5154 Advocatus
790 5079 986 5154 Giansanti
1014 5105 1117 5168 vero,
1153 5082 1211 5155 cui
1240 5080 1382 5176 pariter
1418 5081 1663 5178 significatum
1700 5080 1753 5152 suit

270 5203 562 5302 incompatibilia
589 5229 677 5279 esse
704 5203 791 5279 bina
831 5229 930 5300 quae
971 5221 1192 5300 susceperat
1227 5230 1395 5292 munera,
1425 5219 1464 5278 et
1504 5229 1622 5302 penes
1652 5205 1695 5278 R.
1722 5203 1751 5276 P.

272 5329 320 5405 D.
354 5329 533 5403 Celestini
561 5343 600 5402 et
628 5353 746 5424 penes
775 5329 910 5402 Emum
941 5327 1108 5418 uaccam,
1138 5327 1299 5404 libenter
1338 5329 1534 5404 Adiutoris
1568 5354 1591 5403 a
1628 5329 1750 5403 Studiis
