3718 5918
760 325 844 386 Sede
861 333 1001 386 vacante
1567 327 1622 386 tuo

122 521 362 598 Pontificatus
390 537 515 596 autem
552 545 652 596 anno
681 521 826 596 decimo
860 535 1005 594 tantum
1034 520 1209 617 incoepto
1236 543 1306 616 per
1333 544 1483 594 menses
1510 519 1619 606 duos

121 663 160 720 et
188 646 269 722 dies
297 646 486 722 sexdecim
514 671 537 722 a
565 645 627 719 die
654 645 734 720 eius
762 643 954 720 electionis
989 668 1031 720 12
1062 643 1137 718 iulii
1171 649 1265 736 1691
1299 645 1489 741 usquead
1518 667 1621 739 prae·
1738 742 1742 752 Ι

122 768 239 845 fatam
267 772 368 845 diem
395 771 476 846 eius
505 769 642 846 obitus.

201 895 242 970 ln
278 893 561 972 novendialibus
598 892 770 990 exequiis
797 892 994 968 habuimus
1026 909 1247 970 consuetum
1285 893 1406 968 locum
1444 891 1624 967 sedentes

120 997 334 1095 immediate
363 1022 495 1096 subtus
525 1016 745 1096 Cardinales
775 1019 966 1093 Diaconos
997 1019 1034 1092 in
1069 1018 1257 1094 subselliis
1293 1019 1430 1113 quibus
1468 1032 1623 1092 utuntur

122 1143 336 1220 Beneficiati
375 1145 556 1220 Basilicae
596 1143 811 1230 vaticanae,
855 1158 968 1242 prout
998 1143 1116 1218 etiam
1154 1167 1276 1240 usque
1316 1143 1365 1216 ad
1407 1144 1621 1241 ingressum

122 1269 301 1345 Emorum
327 1270 479 1344 Patrum
508 1270 545 1343 in
565 1269 755 1344 Conclave
778 1267 1008 1344 adamussim
1039 1269 1270 1343 servavimus
1297 1293 1343 1342 ea
1371 1268 1495 1342 omnia
1524 1291 1622 1362 quae

119 1395 293 1490 superius
334 1395 517 1470 adnotata
558 1392 708 1468 fuerunt
749 1394 945 1469 occasione
987 1393 1157 1490 proxime
1204 1393 1465 1489 praecedentis
1510 1391 1621 1466 Sedis

120 1519 303 1595 vacantis.

191 1642 383 1738 Quantum
411 1643 460 1718 ad
480 1668 626 1742 pannos
655 1644 784 1744 nigros
804 1644 911 1717 nobis
939 1643 1124 1740 praestari
1152 1644 1283 1718 solitos
1302 1667 1326 1716 a
1345 1643 1438 1718 Rev.
1462 1641 1623 1716 Camera

120 1767 343 1865 Apostolica
364 1769 561 1844 occasione
588 1767 726 1843 funeris
755 1767 919 1842 defuncti
948 1765 1145 1856 Pontificis,
1168 1793 1251 1841 cum
1272 1767 1363 1843 Erins
1384 1765 1622 1841 Camerarius

121 1891 284 1990 benigne
313 1893 544 1968 exaudiverit
572 1891 790 1967 instantiam
827 1917 851 1966 a
880 1891 999 1965 Nobis
1028 1891 1173 1978 laetam.
1206 1915 1369 1990 sequens
1400 1889 1621 1964 Mandatum

120 2017 235 2105 dedit,
265 2019 397 2118 vigore
423 2018 527 2092 cuius
555 2019 750 2118 exegimus
780 2015 1051 2114 infrascriptam
1080 2016 1294 2113 pecuniam:

485 2179 646 2254 Ioannes
676 2179 848 2276 Baptista
876 2177 1031 2276 Spinola
1062 2179 1253 2254 Diaconos

377 2302 587 2379 Cardinalis
615 2303 702 2380 San.
734 2301 914 2378 Caesarei
942 2303 982 2380 S.
1012 2305 1150 2379 Romae
1176 2301 1369 2378 Ecclesiae

686 2427 778 2502 Vice
807 2427 1057 2504 Camerarius.

201 2588 337 2686 lllustri
366 2589 414 2666 D.
445 2589 645 2663 Francisco
674 2589 898 2662 Monthiono
918 2589 1161 2665 Pecuniarum
1191 2591 1286 2666 Rev.
1316 2589 1501 2664 Camerae
1520 2589 1623 2684 Apo·

120 2713 276 2788 stolicae
308 2716 378 2789 hoc
415 2731 585 2809 tempore
608 2713 717 2788 Sedis
753 2715 921 2788 vacantis
958 2712 1117 2788 durante
1156 2713 1398 2810 Depositario
1432 2713 1620 2796 Generali,

117 2839 343 2913 auctoritate
363 2837 484 2914 nostri
503 2837 785 2918 Camerariatus
803 2837 925 2926 officii,
942 2854 1072 2913 tenore
1086 2840 1340 2935 praesentium
1356 2836 1622 2913 committimus

118 2980 158 3037 et
186 2963 419 3050 mandamus,
450 2980 493 3038 ut
523 2962 572 3037 de
601 2961 768 3060 pecuniis
795 2963 966 3037 eiusdem
993 2962 1178 3038 Camerae
1215 2964 1340 3036 solvas
1373 2979 1414 3037 et
1446 2987 1621 3038 numeres

119 3089 204 3164 RR.
227 3087 294 3166 PP.
321 3088 409 3163 DD.
440 3087 479 3164 S.
501 3089 625 3163 Rotae
653 3085 900 3187 Auditoribus
927 3103 968 3162 et
995 3111 1065 3181 pro
1093 3089 1148 3162 eis
1177 3089 1223 3164 R.
1254 3087 1291 3163 P.
1315 3088 1363 3164 D.
1389 3087 1546 3180 Aeneae
1573 3085 1621 3162 de

120 3213 186 3288 Pio
214 3239 345 3288 eorum
374 3211 593 3288 Camerario
620 3228 727 3288 scuta
755 3215 963 3312 quingenta
990 3212 1123 3312 viginti
1149 3212 1315 3311 quinque
1344 3229 1518 3288 monetae
1542 3213 1622 3286 sine

118 3337 342 3421 retentione.
364 3338 503 3412 scilicet
521 3353 627 3413 scuta
645 3337 899 3436 quadraginta
928 3339 999 3412 tria
1017 3355 1056 3412 et
1075 3338 1208 3413 obolos
1230 3359 1276 3434 75
1301 3353 1474 3412 monetae
1493 3337 1621 3412 similis

118 3488 190 3559 pro
219 3463 388 3558 quolibet
414 3463 592 3560 ipsorum,
625 3461 707 3536 loco
733 3461 891 3536 duarum
921 3463 1116 3536 tertiarum
1144 3463 1307 3560 partium
1335 3463 1500 3562 quinque
1534 3487 1622 3536 ean·

120 3613 251 3662 narum
270 3587 385 3684 panni
402 3587 544 3684 primae
564 3586 701 3683 speciei
719 3587 768 3662 ad
788 3589 970 3662 rationem
991 3604 1184 3662 scutorum
1205 3612 1341 3662 novem
1365 3611 1435 3684 pro
1454 3587 1623 3686 qualibet

118 3735 239 3786 canna
258 3729 297 3786 et
316 3711 471 3787 aliarum
490 3709 647 3786 duarum
672 3736 874 3785 cannarum
894 3737 979 3784 cum
998 3711 1151 3786 dimidio
1174 3713 1328 3787 alterius
1347 3736 1489 3786 cannae
1509 3713 1621 3809 panni

118 3835 255 3910 tertiae
282 3835 422 3932 speciei
450 3861 517 3910 seu
547 3837 661 3909 sortis
688 3859 758 3932 pro
782 3837 953 3933 quolibet
979 3837 1158 3933 ipsorum,
1185 3837 1239 3910 eis
1260 3839 1471 3934 respective
1484 3835 1620 3911 debitis

118 3986 190 4058 pro
226 3959 473 4036 Funeralibus
509 3959 568 4036 fel.
601 3984 674 4035 rec.
703 3960 906 4035 Innocentii
935 3961 999 4058 Pp.
1030 3959 1101 4034 Xll
1137 3962 1186 4035 ad
1220 3961 1402 4036 rationem
1430 3977 1622 4035 scutorum

118 4087 287 4183 quinque
306 4111 389 4159 curn
419 4083 572 4161 dimidio
600 4099 787 4172 monetae,
809 4101 1000 4182 tamquam
1030 4109 1104 4160 non
1131 4084 1413 4184 comprehensis
1435 4086 1473 4159 in
1501 4087 1622 4184 prima
1746 4125 1756 4148 ο

118 4211 401 4287 Reformatione
431 4210 643 4285 Pannorum
671 4211 769 4284 sacta
796 4211 845 4284 de
872 4235 971 4286 anno
996 4218 1106 4305 1676,
1125 4228 1238 4308 prout
1255 4238 1304 4286 ex
1332 4212 1498 4286 Decreto
1521 4209 1621 4285 sacto

121 4357 168 4430 25
200 4334 279 4408 lulii
307 4335 477 4410 eiusdem
504 4334 601 4420 anni,
632 4359 732 4432 quae
760 4337 813 4408 sic
849 4335 984 4423 soluta,
1019 4337 1054 4409 in
1083 4335 1160 4409 suis
1197 4337 1318 4410 dictae
1356 4335 1621 4432 Depositariae

118 4461 307 4556 computis
334 4459 612 4557 acceptabimus
639 4477 679 4534 et
706 4459 907 4535 bonificare
934 4459 1123 4536 faciemus.
1146 4461 1288 4535 Datum
1309 4463 1453 4536 Rornae
1481 4461 1619 4534 eCon·

118 4586 212 4658 clavi
242 4582 464 4682 Apostolico
490 4585 560 4660 hac
585 4585 646 4660 die
680 4610 720 4659 11
755 4585 894 4660 mensis
924 4585 1101 4660 Octobris
1136 4608 1247 4679 1700,
1270 4585 1491 4684 Apostolica
1519 4583 1621 4659 Sede

117 4726 287 4786 vacante.

576 4836 602 4911 l.
635 4836 677 4912 B.
708 4835 821 4913 Card.
855 4835 1094 4912 Camerarius

577 4962 797 5035 Dominicus
825 4961 1024 5036 Liberatus
1054 4962 1237 5037 Camerae
1269 4963 1344 5058 Ap.
1374 4961 1616 5038 Secretarius.

198 5139 348 5240 Signori
371 5141 532 5218 Ministri
559 5139 620 5216 del
651 5142 778 5218 Banco
805 5141 843 5216 di
877 5142 915 5218 S.
949 5141 1100 5240 Spirito‚
1131 5141 1218 5218 delli
1247 5142 1388 5218 Denari
1417 5141 1619 5239 depositati

118 5264 155 5338 in
184 5267 341 5341 codesto
368 5266 450 5342 loro
488 5265 666 5341 Bancoa
703 5269 777 5341 mio
815 5265 980 5350 Credim.
1015 5267 1046 5340 si
1074 5267 1384 5364 complaceranno
1412 5265 1448 5339 di
1476 5291 1619 5366 pagare

117 5387 177 5462 all'
190 5390 282 5465 lurni
309 5391 437 5466 eRriri
465 5389 614 5488 Signori
635 5390 909 5483 Uditoridella
937 5390 1058 5490 Sagra
1077 5393 1218 5466 Rotae
1246 5416 1315 5490 per
1337 5391 1413 5466 essi
1440 5417 1463 5466 a
1492 5392 1615 5468 Mons.
