<?xml version="1.0" encoding="UTF-8"?>
<!DOCTYPE html PUBLIC "-//W3C//DTD XHTML 1.0 Transitional//EN"
    "http://www.w3.org/TR/xhtml1/DTD/xhtml1-transitional.dtd">
<html xmlns="http://www.w3.org/1999/xhtml" xml:lang="en" lang="en">
 <head>
  <title>
</title>
<meta http-equiv="Content-Type" content="text/html;charset=utf-8" />
  <meta name='ocr-system' content='tesseract 3.04.00' />
  <meta name='ocr-capabilities' content='ocr_page ocr_carea ocr_par ocr_line ocrx_word'/>
</head>
<body>
  <div class='ocr_page' id='page_1' title='image "./capellanipapaee00cercgoog_0527.png"; bbox 0 0 3718 5918; ppageno 0'>
   <div class='ocr_carea' id='block_1_1' title="bbox 686 289 1608 372">
    <p class='ocr_par' dir='ltr' id='par_1_1' title="bbox 686 289 1608 372">
     <span class='ocr_line' id='line_1_1' title="bbox 686 289 1608 372; baseline -0.004 -12"><span class='ocrx_word' id='word_1_1' title='bbox 686 289 866 360; x_wconf 67' lang='lat' dir='ltr'><strong>Benedicta</strong></span> <span class='ocrx_word' id='word_1_2' title='bbox 885 298 975 359; x_wconf 86' lang='lat' dir='ltr'><em>XIII</em></span> <span class='ocrx_word' id='word_1_3' title='bbox 986 298 1031 372; x_wconf 76' lang='lat' dir='ltr'><strong>(I)</strong></span> <span class='ocrx_word' id='word_1_4' title='bbox 1552 293 1608 356; x_wconf 76' lang='lat'><strong>483</strong></span> 
     </span>
    </p>
   </div>
   <div class='ocr_carea' id='block_1_2' title="bbox 102 490 1631 5459">
    <p class='ocr_par' dir='ltr' id='par_1_2' title="bbox 107 490 1610 1215">
     <span class='ocr_line' id='line_1_2' title="bbox 108 490 1605 590; baseline -0.003 -20"><span class='ocrx_word' id='word_1_5' title='bbox 108 495 284 571; x_wconf 85' lang='lat' dir='ltr'><strong>Tribunal</strong></span> <span class='ocrx_word' id='word_1_6' title='bbox 314 496 437 570; x_wconf 88' lang='lat' dir='ltr'><strong>Rotae</strong></span> <span class='ocrx_word' id='word_1_7' title='bbox 464 517 650 590; x_wconf 89' lang='lat' dir='ltr'><strong>occupare</strong></span> <span class='ocrx_word' id='word_1_8' title='bbox 669 507 784 590; x_wconf 90' lang='lat' dir='ltr'><strong>prout</strong></span> <span class='ocrx_word' id='word_1_9' title='bbox 802 491 1017 578; x_wconf 81' lang='lat' dir='ltr'><strong>Archivista</strong></span> <span class='ocrx_word' id='word_1_10' title='bbox 1036 490 1239 566; x_wconf 90' lang='lat' dir='ltr'><strong>modernus</strong></span> <span class='ocrx_word' id='word_1_11' title='bbox 1258 515 1342 566; x_wconf 93' lang='lat' dir='ltr'><strong>cum</strong></span> <span class='ocrx_word' id='word_1_12' title='bbox 1360 490 1494 566; x_wconf 84' lang='lat' dir='ltr'><strong>effectu</strong></span> <span class='ocrx_word' id='word_1_13' title='bbox 1518 516 1605 587; x_wconf 91' lang='lat' dir='ltr'><strong>pro-</strong></span> 
     </span>
     <span class='ocr_line' id='line_1_3' title="bbox 108 617 1607 716; baseline -0.003 -21"><span class='ocrx_word' id='word_1_14' title='bbox 108 637 212 696; x_wconf 89' lang='lat' dir='ltr'>curat</span> <span class='ocrx_word' id='word_1_15' title='bbox 239 638 278 694; x_wconf 87' lang='lat' dir='ltr'><strong>et</strong></span> <span class='ocrx_word' id='word_1_16' title='bbox 305 636 465 716; x_wconf 91' lang='lat' dir='ltr'><strong>occupat</strong></span> <span class='ocrx_word' id='word_1_17' title='bbox 494 619 806 715; x_wconf 83' lang='lat' dir='ltr'><strong>extorquendos</strong></span> <span class='ocrx_word' id='word_1_18' title='bbox 833 617 1003 713; x_wconf 88' lang='lat' dir='ltr'><strong>partibus</strong></span> <span class='ocrx_word' id='word_1_19' title='bbox 1032 640 1241 692; x_wconf 82' lang='lat' dir='ltr'>consensus</span> <span class='ocrx_word' id='word_1_20' title='bbox 1269 632 1312 690; x_wconf 92' lang='lat' dir='ltr'><strong>ut</strong></span> <span class='ocrx_word' id='word_1_21' title='bbox 1338 641 1474 690; x_wconf 89' lang='lat' dir='ltr'><strong>causae</strong></span> <span class='ocrx_word' id='word_1_22' title='bbox 1502 640 1607 713; x_wconf 75' lang='lat' dir='ltr'><strong>prae</strong></span> 
     </span>
     <span class='ocr_line' id='line_1_4' title="bbox 108 741 1609 820; baseline -0.002 -1"><span class='ocrx_word' id='word_1_23' title='bbox 108 745 192 820; x_wconf 86' lang='lat' dir='ltr'><strong>satis</strong></span> <span class='ocrx_word' id='word_1_24' title='bbox 220 745 468 820; x_wconf 87' lang='lat' dir='ltr'><strong>Auditoribus</strong></span> <span class='ocrx_word' id='word_1_25' title='bbox 496 744 722 818; x_wconf 81' lang='lat' dir='ltr'>commissae</span> <span class='ocrx_word' id='word_1_26' title='bbox 749 755 789 816; x_wconf 89' lang='lat' dir='ltr'><strong>et</strong></span> <span class='ocrx_word' id='word_1_27' title='bbox 816 765 947 816; x_wconf 89' lang='lat' dir='ltr'><strong>eorum</strong></span> <span class='ocrx_word' id='word_1_28' title='bbox 986 741 1154 816; x_wconf 89' lang='lat' dir='ltr'><strong>Notariis</strong></span> <span class='ocrx_word' id='word_1_29' title='bbox 1191 741 1414 816; x_wconf 84' lang='lat' dir='ltr'><strong>distributae</strong></span> <span class='ocrx_word' id='word_1_30' title='bbox 1451 743 1501 816; x_wconf 94' lang='lat' dir='ltr'><strong>ab</strong></span> <span class='ocrx_word' id='word_1_31' title='bbox 1536 741 1609 816; x_wconf 91' lang='lat' dir='ltr'><strong>illis</strong></span> 
     </span>
     <span class='ocr_line' id='line_1_5' title="bbox 107 865 1610 944; baseline -0.003 0"><span class='ocrx_word' id='word_1_32' title='bbox 107 885 310 944; x_wconf 85' lang='lat' dir='ltr'>avocentur</span> <span class='ocrx_word' id='word_1_33' title='bbox 338 885 377 944; x_wconf 90' lang='lat' dir='ltr'><strong>et</strong></span> <span class='ocrx_word' id='word_1_34' title='bbox 404 869 547 943; x_wconf 87' lang='lat' dir='ltr'><strong>eisdem</strong></span> <span class='ocrx_word' id='word_1_35' title='bbox 575 866 825 942; x_wconf 88' lang='lat' dir='ltr'><strong>Auditoribus</strong></span> <span class='ocrx_word' id='word_1_36' title='bbox 853 866 1134 942; x_wconf 83' lang='lat' dir='ltr'><strong>committantur</strong></span> <span class='ocrx_word' id='word_1_37' title='bbox 1161 865 1215 940; x_wconf 90' lang='lat' dir='ltr'><strong>uti</strong></span> <span class='ocrx_word' id='word_1_38' title='bbox 1241 865 1420 942; x_wconf 89' lang='lat' dir='ltr'><strong>Praelatis</strong></span> <span class='ocrx_word' id='word_1_39' title='bbox 1439 881 1479 940; x_wconf 90' lang='lat' dir='ltr'><strong>et</strong></span> <span class='ocrx_word' id='word_1_40' title='bbox 1501 881 1610 940; x_wconf 87' lang='lat' dir='ltr'><strong>extra</strong></span> 
     </span>
     <span class='ocr_line' id='line_1_6' title="bbox 110 989 1610 1087; baseline -0.002 -20"><span class='ocrx_word' id='word_1_41' title='bbox 110 994 258 1068; x_wconf 89' lang='lat' dir='ltr'><strong>Rotam.</strong></span> <span class='ocrx_word' id='word_1_42' title='bbox 290 992 402 1066; x_wconf 89' lang='lat' dir='ltr'><strong>Unde</strong></span> <span class='ocrx_word' id='word_1_43' title='bbox 429 1006 553 1066; x_wconf 92' lang='lat' dir='ltr'><strong>ortum</strong></span> <span class='ocrx_word' id='word_1_44' title='bbox 583 1005 653 1078; x_wconf 92' lang='lat' dir='ltr'><strong>est,</strong></span> <span class='ocrx_word' id='word_1_45' title='bbox 684 990 788 1087; x_wconf 93' lang='lat' dir='ltr'><strong>quod</strong></span> <span class='ocrx_word' id='word_1_46' title='bbox 815 989 937 1065; x_wconf 87' lang='lat' dir='ltr'><strong>officia</strong></span> <span class='ocrx_word' id='word_1_47' title='bbox 966 989 1185 1064; x_wconf 90' lang='lat' dir='ltr'><strong>Notariatus</strong></span> <span class='ocrx_word' id='word_1_48' title='bbox 1206 990 1328 1064; x_wconf 87' lang='lat' dir='ltr'><strong>Rotae</strong></span> <span class='ocrx_word' id='word_1_49' title='bbox 1358 989 1432 1064; x_wconf 89' lang='lat' dir='ltr'><strong>sint</strong></span> <span class='ocrx_word' id='word_1_50' title='bbox 1458 990 1610 1087; x_wconf 89' lang='lat' dir='ltr'><strong>penitus</strong></span> 
     </span>
     <span class='ocr_line' id='line_1_7' title="bbox 109 1113 938 1215; baseline -0.001 -25"><span class='ocrx_word' id='word_1_51' title='bbox 109 1115 326 1206; x_wconf 87' lang='lat' dir='ltr'><strong>annihilata;</strong></span> <span class='ocrx_word' id='word_1_52' title='bbox 357 1118 461 1215; x_wconf 94' lang='lat' dir='ltr'><strong>quod</strong></span> <span class='ocrx_word' id='word_1_53' title='bbox 488 1141 562 1190; x_wconf 91' lang='lat' dir='ltr'><strong>non</strong></span> <span class='ocrx_word' id='word_1_54' title='bbox 590 1131 649 1190; x_wconf 83' lang='lat' dir='ltr'><strong>est</strong></span> <span class='ocrx_word' id='word_1_55' title='bbox 676 1113 938 1190; x_wconf 89' lang='lat' dir='ltr'><strong>tollerandum.</strong></span> 
     </span>
    </p>

    <p class='ocr_par' dir='ltr' id='par_1_3' title="bbox 109 1239 1615 2212">
     <span class='ocr_line' id='line_1_8' title="bbox 189 1239 1610 1337; baseline 0.001 -23"><span class='ocrx_word' id='word_1_56' title='bbox 189 1240 382 1335; x_wconf 85' lang='lat' dir='ltr'><strong>Quantum</strong></span> <span class='ocrx_word' id='word_1_57' title='bbox 411 1265 503 1316; x_wconf 88' lang='lat' dir='ltr'><strong>vero</strong></span> <span class='ocrx_word' id='word_1_58' title='bbox 529 1240 579 1314; x_wconf 93' lang='lat' dir='ltr'><strong>ad</strong></span> <span class='ocrx_word' id='word_1_59' title='bbox 608 1241 789 1314; x_wconf 89' lang='lat' dir='ltr'><strong>maiorem</strong></span> <span class='ocrx_word' id='word_1_60' title='bbox 816 1239 875 1314; x_wconf 91' lang='lat' dir='ltr'><strong>vel</strong></span> <span class='ocrx_word' id='word_1_61' title='bbox 912 1240 1093 1314; x_wconf 82' lang='lat' dir='ltr'><strong>minorem</strong></span> <span class='ocrx_word' id='word_1_62' title='bbox 1126 1243 1345 1337; x_wconf 80' lang='lat' dir='ltr'><strong>impensam,</strong></span> <span class='ocrx_word' id='word_1_63' title='bbox 1385 1239 1469 1313; x_wconf 93' lang='lat' dir='ltr'><strong>dico</strong></span> <span class='ocrx_word' id='word_1_64' title='bbox 1505 1239 1610 1336; x_wconf 92' lang='lat' dir='ltr'><strong>quod</strong></span> 
     </span>
     <span class='ocr_line' id='line_1_9' title="bbox 110 1364 1609 1478; baseline 0 -40"><span class='ocrx_word' id='word_1_65' title='bbox 110 1365 209 1478; x_wconf 67' lang='lat' dir='ltr'><strong>nulla</strong></span> <span class='ocrx_word' id='word_1_66' title='bbox 236 1368 347 1441; x_wconf 87' lang='lat' dir='ltr'><strong>adest</strong></span> <span class='ocrx_word' id='word_1_67' title='bbox 374 1365 582 1440; x_wconf 74' lang='lat' dir='ltr'><strong>differentia</strong></span> <span class='ocrx_word' id='word_1_68' title='bbox 609 1365 706 1442; x_wconf 81' lang='lat' dir='ltr'><strong>inter</strong></span> <span class='ocrx_word' id='word_1_69' title='bbox 734 1364 964 1454; x_wconf 87' lang='lat' dir='ltr'><strong>Archivium,</strong></span> <span class='ocrx_word' id='word_1_70' title='bbox 992 1381 1032 1438; x_wconf 89' lang='lat' dir='ltr'><strong>et</strong></span> <span class='ocrx_word' id='word_1_71' title='bbox 1061 1365 1240 1442; x_wconf 87' lang='lat' dir='ltr'><strong>Notarios</strong></span> <span class='ocrx_word' id='word_1_72' title='bbox 1272 1366 1397 1440; x_wconf 90' lang='lat' dir='ltr'><strong>Rotae</strong></span> <span class='ocrx_word' id='word_1_73' title='bbox 1433 1382 1609 1464; x_wconf 90' lang='lat' dir='ltr'><strong>respectu</strong></span> 
     </span>
     <span class='ocr_line' id='line_1_10' title="bbox 109 1489 1612 1590; baseline 0.001 -26"><span class='ocrx_word' id='word_1_74' title='bbox 109 1491 266 1566; x_wconf 87' lang='lat' dir='ltr'><strong>istarum</strong></span> <span class='ocrx_word' id='word_1_75' title='bbox 295 1516 504 1566; x_wconf 86' lang='lat' dir='ltr'><strong>causarum.</strong></span> <span class='ocrx_word' id='word_1_76' title='bbox 537 1490 634 1564; x_wconf 89' lang='lat' dir='ltr'><strong>Nam</strong></span> <span class='ocrx_word' id='word_1_77' title='bbox 664 1489 809 1564; x_wconf 88' lang='lat' dir='ltr'><strong>Notarii</strong></span> <span class='ocrx_word' id='word_1_78' title='bbox 833 1491 958 1564; x_wconf 87' lang='lat' dir='ltr'><strong>Rotae</strong></span> <span class='ocrx_word' id='word_1_79' title='bbox 975 1514 1046 1586; x_wconf 91' lang='lat' dir='ltr'><strong>pro</strong></span> <span class='ocrx_word' id='word_1_80' title='bbox 1064 1489 1157 1586; x_wconf 91' lang='lat' dir='ltr'><strong>ipsis</strong></span> <span class='ocrx_word' id='word_1_81' title='bbox 1175 1490 1299 1564; x_wconf 89' lang='lat' dir='ltr'><strong>causis</strong></span> <span class='ocrx_word' id='word_1_82' title='bbox 1318 1490 1476 1588; x_wconf 88' lang='lat' dir='ltr'><strong>exigunt</strong></span> <span class='ocrx_word' id='word_1_83' title='bbox 1494 1491 1612 1590; x_wconf 84' lang='lat' dir='ltr'><strong>Regi·</strong></span> 
     </span>
     <span class='ocr_line' id='line_1_11' title="bbox 109 1613 1612 1713; baseline 0.001 -25"><span class='ocrx_word' id='word_1_84' title='bbox 109 1631 229 1690; x_wconf 90' lang='lat' dir='ltr'><strong>strum</strong></span> <span class='ocrx_word' id='word_1_85' title='bbox 254 1616 303 1689; x_wconf 91' lang='lat' dir='ltr'><strong>ad</strong></span> <span class='ocrx_word' id='word_1_86' title='bbox 320 1617 481 1690; x_wconf 90' lang='lat' dir='ltr'><strong>eandem</strong></span> <span class='ocrx_word' id='word_1_87' title='bbox 501 1615 694 1700; x_wconf 86' lang='lat' dir='ltr'><strong>rationem,</strong></span> <span class='ocrx_word' id='word_1_88' title='bbox 717 1616 824 1690; x_wconf 89' lang='lat' dir='ltr'><strong>quta</strong></span> <span class='ocrx_word' id='word_1_89' title='bbox 842 1639 956 1713; x_wconf 92' lang='lat' dir='ltr'><strong>quam</strong></span> <span class='ocrx_word' id='word_1_90' title='bbox 975 1613 1192 1689; x_wconf 87' lang='lat' dir='ltr'><strong>Archivium</strong></span> <span class='ocrx_word' id='word_1_91' title='bbox 1209 1615 1322 1689; x_wconf 89' lang='lat' dir='ltr'><strong>etiam</strong></span> <span class='ocrx_word' id='word_1_92' title='bbox 1342 1615 1469 1713; x_wconf 85' lang='lat' dir='ltr'><strong>exigit.</strong></span> <span class='ocrx_word' id='word_1_93' title='bbox 1493 1615 1612 1690; x_wconf 89' lang='lat' dir='ltr'><strong>lmmo</strong></span> 
     </span>
     <span class='ocr_line' id='line_1_12' title="bbox 110 1739 1613 1838; baseline 0.001 -24"><span class='ocrx_word' id='word_1_94' title='bbox 110 1739 213 1836; x_wconf 88' lang='lat' dir='ltr'><strong>apud</strong></span> <span class='ocrx_word' id='word_1_95' title='bbox 241 1742 346 1836; x_wconf 90' lang='lat' dir='ltr'><strong>ipsos</strong></span> <span class='ocrx_word' id='word_1_96' title='bbox 375 1755 463 1814; x_wconf 91' lang='lat' dir='ltr'><strong>sunt</strong></span> <span class='ocrx_word' id='word_1_97' title='bbox 491 1739 643 1814; x_wconf 90' lang='lat' dir='ltr'><strong>minoris</strong></span> <span class='ocrx_word' id='word_1_98' title='bbox 680 1739 875 1836; x_wconf 89' lang='lat' dir='ltr'><strong>dispendii,</strong></span> <span class='ocrx_word' id='word_1_99' title='bbox 914 1739 1003 1835; x_wconf 88' lang='lat' dir='ltr'><strong>quia</strong></span> <span class='ocrx_word' id='word_1_100' title='bbox 1036 1763 1111 1813; x_wconf 92' lang='lat' dir='ltr'><strong>non</strong></span> <span class='ocrx_word' id='word_1_101' title='bbox 1148 1739 1352 1837; x_wconf 86' lang='lat' dir='ltr'><strong>registrant</strong></span> <span class='ocrx_word' id='word_1_102' title='bbox 1378 1739 1415 1814; x_wconf 91' lang='lat' dir='ltr'><strong>in</strong></span> <span class='ocrx_word' id='word_1_103' title='bbox 1442 1766 1491 1814; x_wconf 92' lang='lat' dir='ltr'><strong>eo</strong></span> <span class='ocrx_word' id='word_1_104' title='bbox 1523 1763 1613 1838; x_wconf 88' lang='lat' dir='ltr'><strong>pro·</strong></span> 
     </span>
     <span class='ocr_line' id='line_1_13' title="bbox 109 1862 1612 1962; baseline 0.002 -26"><span class='ocrx_word' id='word_1_105' title='bbox 109 1888 243 1938; x_wconf 87' lang='lat' dir='ltr'><strong>cessus</strong></span> <span class='ocrx_word' id='word_1_106' title='bbox 272 1863 319 1936; x_wconf 91' lang='lat' dir='ltr'><strong>de</strong></span> <span class='ocrx_word' id='word_1_107' title='bbox 347 1865 517 1960; x_wconf 89' lang='lat' dir='ltr'><strong>partibus</strong></span> <span class='ocrx_word' id='word_1_108' title='bbox 544 1879 658 1958; x_wconf 91' lang='lat' dir='ltr'><strong>prout</strong></span> <span class='ocrx_word' id='word_1_109' title='bbox 676 1862 764 1938; x_wconf 86' lang='lat' dir='ltr'><strong>lacit</strong></span> <span class='ocrx_word' id='word_1_110' title='bbox 782 1863 962 1938; x_wconf 88' lang='lat' dir='ltr'><strong>Notarius</strong></span> <span class='ocrx_word' id='word_1_111' title='bbox 980 1863 1146 1938; x_wconf 86' lang='lat' dir='ltr'><strong>Archivii</strong></span> <span class='ocrx_word' id='word_1_112' title='bbox 1165 1863 1237 1960; x_wconf 90' lang='lat' dir='ltr'><strong>qui·</strong></span> <span class='ocrx_word' id='word_1_113' title='bbox 1248 1863 1366 1962; x_wconf 84' lang='lat' dir='ltr'><strong>exigit</strong></span> <span class='ocrx_word' id='word_1_114' title='bbox 1388 1863 1612 1960; x_wconf 82' lang='lat' dir='ltr'><strong>triplicatam</strong></span> 
     </span>
     <span class='ocr_line' id='line_1_14' title="bbox 110 1986 1615 2084; baseline 0.001 -22"><span class='ocrx_word' id='word_1_115' title='bbox 110 1988 326 2063; x_wconf 86' lang='lat' dir='ltr'><strong>mercedem</strong></span> <span class='ocrx_word' id='word_1_116' title='bbox 356 1988 513 2076; x_wconf 90' lang='lat' dir='ltr'><strong>illorum,</strong></span> <span class='ocrx_word' id='word_1_117' title='bbox 545 1986 718 2063; x_wconf 91' lang='lat' dir='ltr'><strong>videlicet</strong></span> <span class='ocrx_word' id='word_1_118' title='bbox 746 1987 869 2062; x_wconf 90' lang='lat' dir='ltr'><strong>Unam</strong></span> <span class='ocrx_word' id='word_1_119' title='bbox 898 2012 968 2084; x_wconf 91' lang='lat' dir='ltr'><strong>pro</strong></span> <span class='ocrx_word' id='word_1_120' title='bbox 998 1987 1255 2076; x_wconf 73' lang='lat' dir='ltr'><strong>Rubricatum,</strong></span> <span class='ocrx_word' id='word_1_121' title='bbox 1277 1986 1401 2062; x_wconf 86' lang='lat' dir='ltr'><strong>Aliam</strong></span> <span class='ocrx_word' id='word_1_122' title='bbox 1421 2013 1492 2084; x_wconf 92' lang='lat' dir='ltr'><strong>pro</strong></span> <span class='ocrx_word' id='word_1_123' title='bbox 1511 2014 1615 2064; x_wconf 91' lang='lat' dir='ltr'><strong>sum-</strong></span> 
     </span>
     <span class='ocr_line' id='line_1_15' title="bbox 109 2110 1366 2212; baseline 0.002 -26"><span class='ocrx_word' id='word_1_124' title='bbox 109 2113 231 2189; x_wconf 87' lang='lat' dir='ltr'><strong>mario</strong></span> <span class='ocrx_word' id='word_1_125' title='bbox 258 2129 298 2188; x_wconf 90' lang='lat' dir='ltr'><strong>et</strong></span> <span class='ocrx_word' id='word_1_126' title='bbox 325 2113 496 2188; x_wconf 86' lang='lat' dir='ltr'><strong>Alteram</strong></span> <span class='ocrx_word' id='word_1_127' title='bbox 524 2139 594 2210; x_wconf 91' lang='lat' dir='ltr'><strong>pro</strong></span> <span class='ocrx_word' id='word_1_128' title='bbox 623 2112 869 2212; x_wconf 85' lang='lat' dir='ltr'><strong>registratura</strong></span> <span class='ocrx_word' id='word_1_129' title='bbox 897 2110 1081 2187; x_wconf 91' lang='lat' dir='ltr'><strong>dictorum</strong></span> <span class='ocrx_word' id='word_1_130' title='bbox 1109 2136 1366 2208; x_wconf 80' lang='lat' dir='ltr'><strong>processuum.</strong></span> 
     </span>
    </p>

    <p class='ocr_par' dir='ltr' id='par_1_4' title="bbox 104 2236 1629 4312">
     <span class='ocr_line' id='line_1_16' title="bbox 192 2236 1614 2334; baseline 0.002 -23"><span class='ocrx_word' id='word_1_131' title='bbox 192 2238 281 2312; x_wconf 90' lang='lat' dir='ltr'><strong>Non</strong></span> <span class='ocrx_word' id='word_1_132' title='bbox 315 2239 443 2314; x_wconf 83' lang='lat' dir='ltr'><strong>obstat</strong></span> <span class='ocrx_word' id='word_1_133' title='bbox 478 2252 665 2312; x_wconf 88' lang='lat' dir='ltr'><strong>assertum</strong></span> <span class='ocrx_word' id='word_1_134' title='bbox 703 2238 825 2314; x_wconf 89' lang='lat' dir='ltr'><strong>Breve</strong></span> <span class='ocrx_word' id='word_1_135' title='bbox 862 2263 931 2334; x_wconf 92' lang='lat' dir='ltr'><strong>per</strong></span> <span class='ocrx_word' id='word_1_136' title='bbox 961 2236 1245 2312; x_wconf 87' lang='lat' dir='ltr'><strong>Sanctissimum</strong></span> <span class='ocrx_word' id='word_1_137' title='bbox 1280 2253 1322 2313; x_wconf 92' lang='lat' dir='ltr'><strong>ut</strong></span> <span class='ocrx_word' id='word_1_138' title='bbox 1355 2237 1490 2312; x_wconf 88' lang='lat' dir='ltr'><strong>dicitur</strong></span> <span class='ocrx_word' id='word_1_139' title='bbox 1525 2262 1614 2314; x_wconf 91' lang='lat' dir='ltr'><strong>cou-</strong></span> 
     </span>
     <span class='ocr_line' id='line_1_17' title="bbox 110 2361 1614 2461; baseline 0.001 -25"><span class='ocrx_word' id='word_1_140' title='bbox 110 2389 262 2438; x_wconf 89' lang='lat' dir='ltr'><strong>cessum</strong></span> <span class='ocrx_word' id='word_1_141' title='bbox 297 2364 347 2438; x_wconf 87' lang='lat' dir='ltr'><strong>ad</strong></span> <span class='ocrx_word' id='word_1_142' title='bbox 387 2363 553 2438; x_wconf 83' lang='lat' dir='ltr'><strong>savorem</strong></span> <span class='ocrx_word' id='word_1_143' title='bbox 587 2363 819 2458; x_wconf 90' lang='lat' dir='ltr'><strong>Scriptorum</strong></span> <span class='ocrx_word' id='word_1_144' title='bbox 858 2362 1034 2450; x_wconf 87' lang='lat' dir='ltr'><strong>Archivii,</strong></span> <span class='ocrx_word' id='word_1_145' title='bbox 1074 2364 1110 2437; x_wconf 91' lang='lat' dir='ltr'><strong>in</strong></span> <span class='ocrx_word' id='word_1_146' title='bbox 1147 2386 1224 2458; x_wconf 93' lang='lat' dir='ltr'><strong>quo</strong></span> <span class='ocrx_word' id='word_1_147' title='bbox 1260 2361 1475 2438; x_wconf 82' lang='lat' dir='ltr'><strong>declaratur</strong></span> <span class='ocrx_word' id='word_1_148' title='bbox 1509 2364 1614 2461; x_wconf 94' lang='lat' dir='ltr'><strong>quod</strong></span> 
     </span>
     <span class='ocr_line' id='line_1_18' title="bbox 109 2485 1616 2584; baseline 0.002 -23"><span class='ocrx_word' id='word_1_149' title='bbox 109 2512 251 2562; x_wconf 88' lang='lat' dir='ltr'><strong>causae</strong></span> <span class='ocrx_word' id='word_1_150' title='bbox 279 2488 502 2564; x_wconf 87' lang='lat' dir='ltr'><strong>commissae</strong></span> <span class='ocrx_word' id='word_1_151' title='bbox 521 2487 773 2566; x_wconf 86' lang='lat' dir='ltr'><strong>Auditoribus</strong></span> <span class='ocrx_word' id='word_1_152' title='bbox 792 2488 915 2564; x_wconf 89' lang='lat' dir='ltr'><strong>Rotae</strong></span> <span class='ocrx_word' id='word_1_153' title='bbox 935 2488 989 2562; x_wconf 92' lang='lat' dir='ltr'><strong>uti</strong></span> <span class='ocrx_word' id='word_1_154' title='bbox 1012 2485 1193 2562; x_wconf 88' lang='lat' dir='ltr'><strong>Praelatis</strong></span> <span class='ocrx_word' id='word_1_155' title='bbox 1220 2501 1395 2584; x_wconf 91' lang='lat' dir='ltr'><strong>spectent</strong></span> <span class='ocrx_word' id='word_1_156' title='bbox 1413 2487 1464 2564; x_wconf 87' lang='lat' dir='ltr'><strong>ad</strong></span> <span class='ocrx_word' id='word_1_157' title='bbox 1480 2489 1616 2564; x_wconf 91' lang='lat' dir='ltr'><strong>Archi-</strong></span> 
     </span>
     <span class='ocr_line' id='line_1_19' title="bbox 107 2611 1616 2712; baseline 0.002 -26"><span class='ocrx_word' id='word_1_158' title='bbox 107 2611 209 2686; x_wconf 91' lang='lat' dir='ltr'><strong>vium</strong></span> <span class='ocrx_word' id='word_1_159' title='bbox 227 2611 326 2710; x_wconf 87' lang='lat' dir='ltr'><strong>quia,</strong></span> <span class='ocrx_word' id='word_1_160' title='bbox 348 2629 390 2688; x_wconf 93' lang='lat' dir='ltr'><strong>ut</strong></span> <span class='ocrx_word' id='word_1_161' title='bbox 408 2613 442 2686; x_wconf 91' lang='lat' dir='ltr'><strong>in</strong></span> <span class='ocrx_word' id='word_1_162' title='bbox 457 2639 505 2689; x_wconf 92' lang='lat' dir='ltr'><strong>eo</strong></span> <span class='ocrx_word' id='word_1_163' title='bbox 520 2613 667 2712; x_wconf 89' lang='lat' dir='ltr'><strong>legitur,</strong></span> <span class='ocrx_word' id='word_1_164' title='bbox 684 2613 753 2688; x_wconf 80' lang='lat' dir='ltr'><strong>luit</strong></span> <span class='ocrx_word' id='word_1_165' title='bbox 771 2637 991 2688; x_wconf 89' lang='lat' dir='ltr'><strong>concessum</strong></span> <span class='ocrx_word' id='word_1_166' title='bbox 1011 2635 1060 2686; x_wconf 83' lang='lat' dir='ltr'><strong>ex</strong></span> <span class='ocrx_word' id='word_1_167' title='bbox 1076 2612 1199 2710; x_wconf 75' lang='lat' dir='ltr'><strong>gratia</strong></span> <span class='ocrx_word' id='word_1_168' title='bbox 1216 2613 1267 2686; x_wconf 89' lang='lat' dir='ltr'><strong>ad</strong></span> <span class='ocrx_word' id='word_1_169' title='bbox 1285 2611 1450 2688; x_wconf 78' lang='lat' dir='ltr'><strong>savorem</strong></span> <span class='ocrx_word' id='word_1_170' title='bbox 1470 2639 1616 2690; x_wconf 88' lang='lat' dir='ltr'><strong>eorum-</strong></span> 
     </span>
     <span class='ocr_line' id='line_1_20' title="bbox 107 2736 1616 2834; baseline 0.002 -23"><span class='ocrx_word' id='word_1_171' title='bbox 107 2738 198 2812; x_wconf 89' lang='lat' dir='ltr'><strong>dem</strong></span> <span class='ocrx_word' id='word_1_172' title='bbox 227 2738 454 2834; x_wconf 90' lang='lat' dir='ltr'><strong>scriptorum</strong></span> <span class='ocrx_word' id='word_1_173' title='bbox 482 2739 657 2825; x_wconf 85' lang='lat' dir='ltr'><strong>Archivii,</strong></span> <span class='ocrx_word' id='word_1_174' title='bbox 687 2753 727 2812; x_wconf 92' lang='lat' dir='ltr'><strong>et</strong></span> <span class='ocrx_word' id='word_1_175' title='bbox 750 2736 1033 2813; x_wconf 83' lang='lat' dir='ltr'><strong>Sanctissimum</strong></span> <span class='ocrx_word' id='word_1_176' title='bbox 1053 2761 1128 2811; x_wconf 90' lang='lat' dir='ltr'><strong>non</strong></span> <span class='ocrx_word' id='word_1_177' title='bbox 1148 2737 1246 2812; x_wconf 88' lang='lat' dir='ltr'><strong>solet</strong></span> <span class='ocrx_word' id='word_1_178' title='bbox 1264 2737 1472 2812; x_wconf 87' lang='lat' dir='ltr'><strong>concedere</strong></span> <span class='ocrx_word' id='word_1_179' title='bbox 1490 2738 1616 2814; x_wconf 91' lang='lat' dir='ltr'><strong>huius·</strong></span> 
     </span>
     <span class='ocr_line' id='line_1_21' title="bbox 107 2860 1617 2962; baseline 0.003 -26"><span class='ocrx_word' id='word_1_180' title='bbox 107 2863 214 2938; x_wconf 90' lang='lat' dir='ltr'><strong>modi</strong></span> <span class='ocrx_word' id='word_1_181' title='bbox 244 2863 388 2962; x_wconf 87' lang='lat' dir='ltr'><strong>gratias</strong></span> <span class='ocrx_word' id='word_1_182' title='bbox 408 2863 444 2936; x_wconf 90' lang='lat' dir='ltr'><strong>in</strong></span> <span class='ocrx_word' id='word_1_183' title='bbox 473 2863 740 2959; x_wconf 89' lang='lat' dir='ltr'><strong>praeiudicium</strong></span> <span class='ocrx_word' id='word_1_184' title='bbox 767 2860 932 2950; x_wconf 89' lang='lat' dir='ltr'><strong>alicuius,</strong></span> <span class='ocrx_word' id='word_1_185' title='bbox 962 2863 1135 2938; x_wconf 88' lang='lat' dir='ltr'><strong>habentis</strong></span> <span class='ocrx_word' id='word_1_186' title='bbox 1162 2862 1219 2936; x_wconf 93' lang='lat' dir='ltr'><strong>ius</strong></span> <span class='ocrx_word' id='word_1_187' title='bbox 1247 2863 1472 2958; x_wconf 90' lang='lat' dir='ltr'><strong>quaesitum,</strong></span> <span class='ocrx_word' id='word_1_188' title='bbox 1502 2881 1617 2961; x_wconf 92' lang='lat' dir='ltr'><strong>prout</strong></span> 
     </span>
     <span class='ocr_line' id='line_1_22' title="bbox 107 2985 1616 3086; baseline -0.001 -20"><span class='ocrx_word' id='word_1_189' title='bbox 107 2985 263 3066; x_wconf 88' lang='lat' dir='ltr'><strong>Notarii</strong></span> <span class='ocrx_word' id='word_1_190' title='bbox 291 2988 415 3062; x_wconf 85' lang='lat' dir='ltr'><strong>Rotae</strong></span> <span class='ocrx_word' id='word_1_191' title='bbox 442 2987 583 3063; x_wconf 90' lang='lat' dir='ltr'><strong>habent</strong></span> <span class='ocrx_word' id='word_1_192' title='bbox 609 2989 647 3062; x_wconf 90' lang='lat' dir='ltr'><strong>in</strong></span> <span class='ocrx_word' id='word_1_193' title='bbox 666 2988 776 3063; x_wconf 90' lang='lat' dir='ltr'><strong>dictis</strong></span> <span class='ocrx_word' id='word_1_194' title='bbox 794 2986 928 3074; x_wconf 87' lang='lat' dir='ltr'><strong>causis,</strong></span> <span class='ocrx_word' id='word_1_195' title='bbox 948 3012 997 3062; x_wconf 89' lang='lat' dir='ltr'><strong>ex</strong></span> <span class='ocrx_word' id='word_1_196' title='bbox 1015 2986 1125 3061; x_wconf 90' lang='lat' dir='ltr'><strong>titulo</strong></span> <span class='ocrx_word' id='word_1_197' title='bbox 1143 3011 1247 3062; x_wconf 85' lang='lat' dir='ltr'><strong>mere</strong></span> <span class='ocrx_word' id='word_1_198' title='bbox 1264 3009 1441 3076; x_wconf 88' lang='lat' dir='ltr'><strong>oneroso,</strong></span> <span class='ocrx_word' id='word_1_199' title='bbox 1460 2990 1524 3086; x_wconf 92' lang='lat' dir='ltr'><strong>qui</strong></span> <span class='ocrx_word' id='word_1_200' title='bbox 1548 3015 1616 3064; x_wconf 92' lang='lat' dir='ltr'><strong>nec</strong></span> 
     </span>
     <span class='ocr_line' id='line_1_23' title="bbox 107 3110 1629 3212; baseline 0 -24"><span class='ocrx_word' id='word_1_201' title='bbox 107 3113 266 3190; x_wconf 82' lang='lat' dir='ltr'><strong>suerunt</strong></span> <span class='ocrx_word' id='word_1_202' title='bbox 292 3111 426 3199; x_wconf 91' lang='lat' dir='ltr'><strong>vocati,</strong></span> <span class='ocrx_word' id='word_1_203' title='bbox 449 3137 518 3187; x_wconf 88' lang='lat' dir='ltr'><strong>nec</strong></span> <span class='ocrx_word' id='word_1_204' title='bbox 544 3112 672 3188; x_wconf 86' lang='lat' dir='ltr'><strong>auditi.</strong></span> <span class='ocrx_word' id='word_1_205' title='bbox 693 3113 745 3186; x_wconf 90' lang='lat' dir='ltr'><strong>Et</strong></span> <span class='ocrx_word' id='word_1_206' title='bbox 762 3111 849 3188; x_wconf 90' lang='lat' dir='ltr'><strong>licet</strong></span> <span class='ocrx_word' id='word_1_207' title='bbox 867 3113 904 3186; x_wconf 90' lang='lat' dir='ltr'><strong>in</strong></span> <span class='ocrx_word' id='word_1_208' title='bbox 923 3135 971 3186; x_wconf 92' lang='lat' dir='ltr'><strong>eo</strong></span> <span class='ocrx_word' id='word_1_209' title='bbox 988 3111 1114 3188; x_wconf 91' lang='lat' dir='ltr'><strong>adsint</strong></span> <span class='ocrx_word' id='word_1_210' title='bbox 1131 3110 1194 3186; x_wconf 87' lang='lat' dir='ltr'><strong>illa</strong></span> <span class='ocrx_word' id='word_1_211' title='bbox 1215 3113 1343 3200; x_wconf 88' lang='lat' dir='ltr'><strong>verba,</strong></span> <span class='ocrx_word' id='word_1_212' title='bbox 1364 3112 1515 3188; x_wconf 90' lang='lat' dir='ltr'><strong>Auditis</strong></span> <span class='ocrx_word' id='word_1_213' title='bbox 1534 3138 1629 3212; x_wconf 44' lang='lat' dir='ltr'><strong>par-w</strong></span> 
     </span>
     <span class='ocr_line' id='line_1_24' title="bbox 107 3234 1618 3335; baseline 0.001 -23"><span class='ocrx_word' id='word_1_214' title='bbox 107 3239 214 3314; x_wconf 92' lang='lat' dir='ltr'><strong>tibus</strong></span> <span class='ocrx_word' id='word_1_215' title='bbox 246 3237 284 3311; x_wconf 90' lang='lat' dir='ltr'><strong>in</strong></span> <span class='ocrx_word' id='word_1_216' title='bbox 312 3236 514 3335; x_wconf 88' lang='lat' dir='ltr'><strong>Signatura</strong></span> <span class='ocrx_word' id='word_1_217' title='bbox 547 3237 675 3313; x_wconf 86' lang='lat' dir='ltr'><strong>habita</strong></span> <span class='ocrx_word' id='word_1_218' title='bbox 711 3239 783 3312; x_wconf 92' lang='lat' dir='ltr'><strong>sub</strong></span> <span class='ocrx_word' id='word_1_219' title='bbox 818 3237 879 3310; x_wconf 92' lang='lat' dir='ltr'><strong>die</strong></span> <span class='ocrx_word' id='word_1_220' title='bbox 907 3260 932 3329; x_wconf 90' lang='lat'>4</span> <span class='ocrx_word' id='word_1_221' title='bbox 959 3234 1133 3310; x_wconf 82' lang='lat' dir='ltr'><strong>februarii</strong></span> <span class='ocrx_word' id='word_1_222' title='bbox 1169 3235 1265 3310; x_wconf 92' lang='lat' dir='ltr'><strong>illius</strong></span> <span class='ocrx_word' id='word_1_223' title='bbox 1296 3237 1394 3324; x_wconf 90' lang='lat' dir='ltr'><strong>anni,</strong></span> <span class='ocrx_word' id='word_1_224' title='bbox 1426 3241 1618 3313; x_wconf 91' lang='lat' dir='ltr'><strong>tamenin</strong></span> 
     </span>
     <span class='ocr_line' id='line_1_25' title="bbox 107 3359 1618 3460; baseline 0.003 -24"><span class='ocrx_word' id='word_1_225' title='bbox 107 3361 214 3438; x_wconf 91' lang='lat' dir='ltr'><strong>dicta</strong></span> <span class='ocrx_word' id='word_1_226' title='bbox 251 3363 444 3460; x_wconf 82' lang='lat' dir='ltr'><strong>signatura</strong></span> <span class='ocrx_word' id='word_1_227' title='bbox 480 3384 555 3437; x_wconf 90' lang='lat' dir='ltr'><strong>non</strong></span> <span class='ocrx_word' id='word_1_228' title='bbox 589 3361 658 3436; x_wconf 82' lang='lat' dir='ltr'><strong>luit</strong></span> <span class='ocrx_word' id='word_1_229' title='bbox 692 3376 868 3436; x_wconf 87' lang='lat' dir='ltr'><strong>vocatum</strong></span> <span class='ocrx_word' id='word_1_230' title='bbox 907 3359 1118 3459; x_wconf 84' lang='lat' dir='ltr'><strong>Collegium</strong></span> <span class='ocrx_word' id='word_1_231' title='bbox 1154 3362 1338 3437; x_wconf 91' lang='lat' dir='ltr'><strong>dictorum</strong></span> <span class='ocrx_word' id='word_1_232' title='bbox 1374 3361 1618 3440; x_wconf 85' lang='lat' dir='ltr'><strong>Notariorum</strong></span> 
     </span>
     <span class='ocr_line' id='line_1_26' title="bbox 108 3485 1617 3586; baseline 0.003 -26"><span class='ocrx_word' id='word_1_233' title='bbox 108 3488 242 3562; x_wconf 89' lang='lat' dir='ltr'><strong>Rotae</strong></span> <span class='ocrx_word' id='word_1_234' title='bbox 279 3511 348 3562; x_wconf 89' lang='lat' dir='ltr'><strong>nec</strong></span> <span class='ocrx_word' id='word_1_235' title='bbox 382 3485 463 3560; x_wconf 90' lang='lat' dir='ltr'><strong>eius</strong></span> <span class='ocrx_word' id='word_1_236' title='bbox 500 3485 689 3574; x_wconf 85' lang='lat' dir='ltr'><strong>officiales,</strong></span> <span class='ocrx_word' id='word_1_237' title='bbox 729 3486 797 3560; x_wconf 91' lang='lat' dir='ltr'><strong>sed</strong></span> <span class='ocrx_word' id='word_1_238' title='bbox 834 3500 980 3560; x_wconf 90' lang='lat' dir='ltr'><strong>tantum</strong></span> <span class='ocrx_word' id='word_1_239' title='bbox 1018 3485 1086 3560; x_wconf 86' lang='lat' dir='ltr'><strong>fuit</strong></span> <span class='ocrx_word' id='word_1_240' title='bbox 1122 3501 1322 3560; x_wconf 81' lang='lat' dir='ltr'><strong>tractatum</strong></span> <span class='ocrx_word' id='word_1_241' title='bbox 1367 3488 1415 3562; x_wconf 91' lang='lat' dir='ltr'><strong>de</strong></span> <span class='ocrx_word' id='word_1_242' title='bbox 1452 3490 1617 3586; x_wconf 86' lang='lat' dir='ltr'><strong>quadam</strong></span> 
     </span>
     <span class='ocr_line' id='line_1_27' title="bbox 105 3609 1619 3710; baseline 0.001 -23"><span class='ocrx_word' id='word_1_243' title='bbox 105 3637 229 3688; x_wconf 90' lang='lat' dir='ltr'><strong>causa</strong></span> <span class='ocrx_word' id='word_1_244' title='bbox 260 3611 461 3710; x_wconf 86' lang='lat' dir='ltr'><strong>Eugubina</strong></span> <span class='ocrx_word' id='word_1_245' title='bbox 487 3635 586 3708; x_wconf 91' lang='lat' dir='ltr'><strong>quae</strong></span> <span class='ocrx_word' id='word_1_246' title='bbox 621 3613 974 3687; x_wconf 89' lang='lat' dir='ltr'><strong>controvertebatur</strong></span> <span class='ocrx_word' id='word_1_247' title='bbox 1006 3609 1281 3706; x_wconf 87' lang='lat' dir='ltr'><strong>particulariter</strong></span> <span class='ocrx_word' id='word_1_248' title='bbox 1316 3610 1413 3686; x_wconf 90' lang='lat' dir='ltr'><strong>inter</strong></span> <span class='ocrx_word' id='word_1_249' title='bbox 1448 3613 1619 3688; x_wconf 86' lang='lat' dir='ltr'><strong>Archivi-</strong></span> 
     </span>
     <span class='ocr_line' id='line_1_28' title="bbox 106 3735 1616 3834; baseline 0 -20"><span class='ocrx_word' id='word_1_250' title='bbox 106 3755 227 3826; x_wconf 89' lang='lat' dir='ltr'><strong>stam,</strong></span> <span class='ocrx_word' id='word_1_251' title='bbox 259 3752 298 3812; x_wconf 91' lang='lat' dir='ltr'><strong>et</strong></span> <span class='ocrx_word' id='word_1_252' title='bbox 326 3737 516 3833; x_wconf 88' lang='lat' dir='ltr'><strong>quondam</strong></span> <span class='ocrx_word' id='word_1_253' title='bbox 548 3735 772 3834; x_wconf 88' lang='lat' dir='ltr'><strong>Henrigum‚</strong></span> <span class='ocrx_word' id='word_1_254' title='bbox 802 3738 865 3832; x_wconf 91' lang='lat' dir='ltr'><strong>qui</strong></span> <span class='ocrx_word' id='word_1_255' title='bbox 894 3751 1040 3810; x_wconf 92' lang='lat' dir='ltr'><strong>tantum</strong></span> <span class='ocrx_word' id='word_1_256' title='bbox 1067 3738 1270 3812; x_wconf 89' lang='lat' dir='ltr'><strong>exercebat</strong></span> <span class='ocrx_word' id='word_1_257' title='bbox 1297 3737 1458 3812; x_wconf 87' lang='lat' dir='ltr'><strong>officium</strong></span> <span class='ocrx_word' id='word_1_258' title='bbox 1483 3739 1616 3828; x_wconf 80' lang='lat' dir='ltr'><strong>Rotae,</strong></span> 
     </span>
     <span class='ocr_line' id='line_1_29' title="bbox 104 3841 1618 3961; baseline 0.001 -22"><span class='ocrx_word' id='word_1_259' title='bbox 104 3881 147 3940; x_wconf 91' lang='lat' dir='ltr'><strong>et</strong></span> <span class='ocrx_word' id='word_1_260' title='bbox 178 3887 260 3938; x_wconf 91' lang='lat' dir='ltr'><strong>non</strong></span> <span class='ocrx_word' id='word_1_261' title='bbox 287 3879 370 3938; x_wconf 90' lang='lat' dir='ltr'><strong>erat</strong></span> <span class='ocrx_word' id='word_1_262' title='bbox 397 3841 617 3936; x_wconf 79' lang='lat' dir='ltr'><strong>informatus¹</strong></span> <span class='ocrx_word' id='word_1_263' title='bbox 644 3861 693 3935; x_wconf 90' lang='lat' dir='ltr'><strong>de</strong></span> <span class='ocrx_word' id='word_1_264' title='bbox 721 3860 924 3959; x_wconf 85' lang='lat' dir='ltr'><strong>privilegiis</strong></span> <span class='ocrx_word' id='word_1_265' title='bbox 952 3876 991 3934; x_wconf 90' lang='lat' dir='ltr'><strong>et</strong></span> <span class='ocrx_word' id='word_1_266' title='bbox 1019 3857 1170 3934; x_wconf 88' lang='lat' dir='ltr'><strong>indultis</strong></span> <span class='ocrx_word' id='word_1_267' title='bbox 1198 3859 1286 3934; x_wconf 89' lang='lat' dir='ltr'><strong>dicti</strong></span> <span class='ocrx_word' id='word_1_268' title='bbox 1306 3859 1486 3961; x_wconf 86' lang='lat' dir='ltr'><strong>Collegii;</strong></span> <span class='ocrx_word' id='word_1_269' title='bbox 1507 3887 1618 3958; x_wconf 85' lang='lat' dir='ltr'><strong>quae,</strong></span> 
     </span>
     <span class='ocr_line' id='line_1_30' title="bbox 105 3984 1620 4084; baseline -0.003 -20"><span class='ocrx_word' id='word_1_270' title='bbox 105 3989 139 4064; x_wconf 92' lang='lat' dir='ltr'><strong>si</strong></span> <span class='ocrx_word' id='word_1_271' title='bbox 169 3989 335 4062; x_wconf 90' lang='lat' dir='ltr'><strong>luissent</strong></span> <span class='ocrx_word' id='word_1_272' title='bbox 361 4002 450 4062; x_wconf 90' lang='lat' dir='ltr'><strong>tunc</strong></span> <span class='ocrx_word' id='word_1_273' title='bbox 479 3987 652 4072; x_wconf 88' lang='lat' dir='ltr'><strong>deducta,</strong></span> <span class='ocrx_word' id='word_1_274' title='bbox 684 3985 952 4060; x_wconf 89' lang='lat' dir='ltr'><strong>Sanctissimus</strong></span> <span class='ocrx_word' id='word_1_275' title='bbox 981 3985 1030 4059; x_wconf 91' lang='lat' dir='ltr'><strong>D.</strong></span> <span class='ocrx_word' id='word_1_276' title='bbox 1062 3984 1205 4059; x_wconf 89' lang='lat' dir='ltr'><strong>Noster</strong></span> <span class='ocrx_word' id='word_1_277' title='bbox 1237 3984 1350 4081; x_wconf 89' lang='lat' dir='ltr'><strong>Papa,</strong></span> <span class='ocrx_word' id='word_1_278' title='bbox 1380 3985 1511 4084; x_wconf 90' lang='lat' dir='ltr'><strong>utique</strong></span> <span class='ocrx_word' id='word_1_279' title='bbox 1545 4012 1620 4062; x_wconf 89' lang='lat' dir='ltr'><strong>uon</strong></span> 
     </span>
     <span class='ocr_line' id='line_1_31' title="bbox 104 4108 1622 4208; baseline 0 -20"><span class='ocrx_word' id='word_1_280' title='bbox 104 4113 270 4188; x_wconf 86' lang='lat' dir='ltr'><strong>lecisset</strong></span> <span class='ocrx_word' id='word_1_281' title='bbox 295 4111 433 4184; x_wconf 81' lang='lat' dir='ltr'><strong>dictam</strong></span> <span class='ocrx_word' id='word_1_282' title='bbox 462 4108 764 4194; x_wconf 89' lang='lat' dir='ltr'><strong>declarationem,</strong></span> <span class='ocrx_word' id='word_1_283' title='bbox 794 4132 864 4183; x_wconf 91' lang='lat' dir='ltr'><strong>nec</strong></span> <span class='ocrx_word' id='word_1_284' title='bbox 883 4108 1021 4184; x_wconf 91' lang='lat' dir='ltr'><strong>dictum</strong></span> <span class='ocrx_word' id='word_1_285' title='bbox 1043 4108 1166 4184; x_wconf 86' lang='lat' dir='ltr'><strong>Breve</strong></span> <span class='ocrx_word' id='word_1_286' title='bbox 1184 4109 1434 4185; x_wconf 88' lang='lat' dir='ltr'><strong>concessisset</strong></span> <span class='ocrx_word' id='word_1_287' title='bbox 1453 4111 1492 4184; x_wconf 92' lang='lat' dir='ltr'><strong>in</strong></span> <span class='ocrx_word' id='word_1_288' title='bbox 1511 4136 1622 4208; x_wconf 89' lang='lat' dir='ltr'><strong>prae-</strong></span> 
     </span>
     <span class='ocr_line' id='line_1_32' title="bbox 104 4233 947 4312; baseline -0.004 -1"><span class='ocrx_word' id='word_1_289' title='bbox 104 4238 294 4312; x_wconf 93' lang='lat' dir='ltr'><strong>iudicium</strong></span> <span class='ocrx_word' id='word_1_290' title='bbox 321 4236 507 4310; x_wconf 91' lang='lat' dir='ltr'><strong>dictorum</strong></span> <span class='ocrx_word' id='word_1_291' title='bbox 537 4233 780 4310; x_wconf 92' lang='lat' dir='ltr'><strong>Notariorum</strong></span> <span class='ocrx_word' id='word_1_292' title='bbox 811 4235 947 4309; x_wconf 90' lang='lat' dir='ltr'><strong>Rotae.</strong></span> 
     </span>
    </p>

    <p class='ocr_par' dir='ltr' id='par_1_5' title="bbox 102 4359 1631 5459">
     <span class='ocr_line' id='line_1_33' title="bbox 196 4359 1622 4459; baseline 0.003 -24"><span class='ocrx_word' id='word_1_293' title='bbox 196 4361 253 4436; x_wconf 93' lang='lat' dir='ltr'><strong>Et</strong></span> <span class='ocrx_word' id='word_1_294' title='bbox 280 4385 327 4435; x_wconf 90' lang='lat' dir='ltr'><strong>eo</strong></span> <span class='ocrx_word' id='word_1_295' title='bbox 356 4361 478 4459; x_wconf 86' lang='lat' dir='ltr'><strong>magis</strong></span> <span class='ocrx_word' id='word_1_296' title='bbox 506 4385 581 4436; x_wconf 90' lang='lat' dir='ltr'><strong>non</strong></span> <span class='ocrx_word' id='word_1_297' title='bbox 613 4360 728 4434; x_wconf 89' lang='lat' dir='ltr'><strong>debet</strong></span> <span class='ocrx_word' id='word_1_298' title='bbox 762 4361 908 4434; x_wconf 86' lang='lat' dir='ltr'><strong>attendi</strong></span> <span class='ocrx_word' id='word_1_299' title='bbox 945 4359 1085 4433; x_wconf 91' lang='lat' dir='ltr'><strong>dictum</strong></span> <span class='ocrx_word' id='word_1_300' title='bbox 1115 4359 1237 4434; x_wconf 90' lang='lat' dir='ltr'><strong>Breve</strong></span> <span class='ocrx_word' id='word_1_301' title='bbox 1265 4361 1354 4456; x_wconf 86' lang='lat' dir='ltr'><strong>quia</strong></span> <span class='ocrx_word' id='word_1_302' title='bbox 1390 4362 1424 4434; x_wconf 93' lang='lat' dir='ltr'><strong>in</strong></span> <span class='ocrx_word' id='word_1_303' title='bbox 1462 4387 1510 4437; x_wconf 91' lang='lat' dir='ltr'><strong>eo</strong></span> <span class='ocrx_word' id='word_1_304' title='bbox 1548 4388 1622 4438; x_wconf 88' lang='lat' dir='ltr'><strong>non</strong></span> 
     </span>
     <span class='ocr_line' id='line_1_34' title="bbox 105 4483 1625 4583; baseline -0.004 -17"><span class='ocrx_word' id='word_1_305' title='bbox 105 4489 180 4566; x_wconf 82' lang='lat' dir='ltr'><strong>suit</strong></span> <span class='ocrx_word' id='word_1_306' title='bbox 219 4487 449 4583; x_wconf 87' lang='lat' dir='ltr'><strong>derogatum</strong></span> <span class='ocrx_word' id='word_1_307' title='bbox 487 4485 609 4559; x_wconf 90' lang='lat' dir='ltr'><strong>Motui</strong></span> <span class='ocrx_word' id='word_1_308' title='bbox 643 4486 797 4582; x_wconf 91' lang='lat' dir='ltr'><strong>proprio</strong></span> <span class='ocrx_word' id='word_1_309' title='bbox 826 4484 1033 4558; x_wconf 89' lang='lat' dir='ltr'><strong>Clementis</strong></span> <span class='ocrx_word' id='word_1_310' title='bbox 1061 4483 1198 4558; x_wconf 91' lang='lat' dir='ltr'><strong>Octavi</strong></span> <span class='ocrx_word' id='word_1_311' title='bbox 1229 4485 1294 4583; x_wconf 92' lang='lat' dir='ltr'><strong>qui</strong></span> <span class='ocrx_word' id='word_1_312' title='bbox 1332 4486 1474 4583; x_wconf 90' lang='lat' dir='ltr'><strong>optime</strong></span> <span class='ocrx_word' id='word_1_313' title='bbox 1512 4489 1625 4563; x_wconf 88' lang='lat' dir='ltr'><strong>inlor·</strong></span> 
     </span>
     <span class='ocr_line' id='line_1_35' title="bbox 104 4609 1624 4707; baseline -0.003 -17"><span class='ocrx_word' id='word_1_314' title='bbox 104 4629 246 4690; x_wconf 88' lang='lat' dir='ltr'><strong>matus</strong></span> <span class='ocrx_word' id='word_1_315' title='bbox 274 4612 323 4685; x_wconf 91' lang='lat' dir='ltr'><strong>de</strong></span> <span class='ocrx_word' id='word_1_316' title='bbox 352 4610 462 4707; x_wconf 92' lang='lat' dir='ltr'><strong>stylo,</strong></span> <span class='ocrx_word' id='word_1_317' title='bbox 492 4635 606 4706; x_wconf 90' lang='lat' dir='ltr'><strong>quem</strong></span> <span class='ocrx_word' id='word_1_318' title='bbox 634 4611 774 4684; x_wconf 88' lang='lat' dir='ltr'><strong>habent</strong></span> <span class='ocrx_word' id='word_1_319' title='bbox 802 4610 955 4683; x_wconf 92' lang='lat' dir='ltr'><strong>Domini</strong></span> <span class='ocrx_word' id='word_1_320' title='bbox 988 4609 1206 4695; x_wconf 87' lang='lat' dir='ltr'><strong>Auditores,</strong></span> <span class='ocrx_word' id='word_1_321' title='bbox 1241 4626 1283 4683; x_wconf 93' lang='lat' dir='ltr'><strong>ut</strong></span> <span class='ocrx_word' id='word_1_322' title='bbox 1319 4633 1452 4685; x_wconf 89' lang='lat' dir='ltr'><strong>omnes</strong></span> <span class='ocrx_word' id='word_1_323' title='bbox 1488 4637 1624 4686; x_wconf 88' lang='lat' dir='ltr'><strong>causas</strong></span> 
     </span>
     <span class='ocr_line' id='line_1_36' title="bbox 102 4733 1625 4832; baseline -0.003 -16"><span class='ocrx_word' id='word_1_324' title='bbox 102 4737 266 4816; x_wconf 88' lang='lat' dir='ltr'><strong>eisdem</strong></span> <span class='ocrx_word' id='word_1_325' title='bbox 294 4736 348 4809; x_wconf 93' lang='lat' dir='ltr'><strong>uti</strong></span> <span class='ocrx_word' id='word_1_326' title='bbox 377 4734 525 4809; x_wconf 89' lang='lat' dir='ltr'><strong>Prelato</strong></span> <span class='ocrx_word' id='word_1_327' title='bbox 554 4734 776 4808; x_wconf 88' lang='lat' dir='ltr'><strong>commissas</strong></span> <span class='ocrx_word' id='word_1_328' title='bbox 804 4748 1022 4830; x_wconf 92' lang='lat' dir='ltr'><strong>proponunt</strong></span> <span class='ocrx_word' id='word_1_329' title='bbox 1049 4733 1086 4806; x_wconf 91' lang='lat' dir='ltr'><strong>in</strong></span> <span class='ocrx_word' id='word_1_330' title='bbox 1114 4736 1226 4822; x_wconf 90' lang='lat' dir='ltr'><strong>Rota,</strong></span> <span class='ocrx_word' id='word_1_331' title='bbox 1260 4734 1295 4808; x_wconf 90' lang='lat' dir='ltr'><strong>in</strong></span> <span class='ocrx_word' id='word_1_332' title='bbox 1331 4760 1407 4830; x_wconf 92' lang='lat' dir='ltr'><strong>qua</strong></span> <span class='ocrx_word' id='word_1_333' title='bbox 1444 4738 1516 4832; x_wconf 90' lang='lat' dir='ltr'><strong>ipsi</strong></span> <span class='ocrx_word' id='word_1_334' title='bbox 1551 4763 1625 4811; x_wconf 93' lang='lat' dir='ltr'><strong>non</strong></span> 
     </span>
     <span class='ocr_line' id='line_1_37' title="bbox 104 4858 1623 4957; baseline -0.005 -15"><span class='ocrx_word' id='word_1_335' title='bbox 104 4863 374 4942; x_wconf 89' lang='lat' dir='ltr'><strong>admittuntur</strong></span> <span class='ocrx_word' id='word_1_336' title='bbox 400 4861 449 4933; x_wconf 91' lang='lat' dir='ltr'><strong>ad</strong></span> <span class='ocrx_word' id='word_1_337' title='bbox 478 4860 767 4956; x_wconf 92' lang='lat' dir='ltr'><strong>proponendum</strong></span> <span class='ocrx_word' id='word_1_338' title='bbox 786 4860 840 4932; x_wconf 91' lang='lat' dir='ltr'><strong>uti</strong></span> <span class='ocrx_word' id='word_1_339' title='bbox 869 4858 1039 4945; x_wconf 89' lang='lat' dir='ltr'><strong>Praelati,</strong></span> <span class='ocrx_word' id='word_1_340' title='bbox 1069 4859 1137 4933; x_wconf 91' lang='lat' dir='ltr'><strong>sed</strong></span> <span class='ocrx_word' id='word_1_341' title='bbox 1172 4872 1366 4957; x_wconf 91' lang='lat' dir='ltr'><strong>tamquam</strong></span> <span class='ocrx_word' id='word_1_342' title='bbox 1404 4861 1623 4949; x_wconf 72' lang='lat' dir='ltr'><strong>auditores,</strong></span> 
     </span>
     <span class='ocr_line' id='line_1_38' title="bbox 104 4981 1628 5080; baseline -0.003 -15"><span class='ocrx_word' id='word_1_343' title='bbox 104 4989 240 5066; x_wconf 91' lang='lat' dir='ltr'><strong>induti</strong></span> <span class='ocrx_word' id='word_1_344' title='bbox 281 4984 491 5060; x_wconf 90' lang='lat' dir='ltr'><strong>Rocchetto</strong></span> <span class='ocrx_word' id='word_1_345' title='bbox 526 5001 564 5058; x_wconf 89' lang='lat' dir='ltr'><strong>et</strong></span> <span class='ocrx_word' id='word_1_346' title='bbox 601 4983 735 5080; x_wconf 88' lang='lat' dir='ltr'><strong>Cappa</strong></span> <span class='ocrx_word' id='word_1_347' title='bbox 771 4984 961 5070; x_wconf 90' lang='lat' dir='ltr'><strong>Violacea,</strong></span> <span class='ocrx_word' id='word_1_348' title='bbox 999 4984 1136 5079; x_wconf 90' lang='lat' dir='ltr'><strong>quibus</strong></span> <span class='ocrx_word' id='word_1_349' title='bbox 1178 4984 1230 5058; x_wconf 91' lang='lat' dir='ltr'><strong>uti</strong></span> <span class='ocrx_word' id='word_1_350' title='bbox 1267 4981 1434 5059; x_wconf 88' lang='lat' dir='ltr'><strong>Praelati</strong></span> <span class='ocrx_word' id='word_1_351' title='bbox 1471 4987 1628 5061; x_wconf 92' lang='lat' dir='ltr'><strong>induere</strong></span> 
     </span>
     <span class='ocr_line' id='line_1_39' title="bbox 105 5108 1631 5208; baseline -0.003 -20"><span class='ocrx_word' id='word_1_352' title='bbox 105 5140 190 5194; x_wconf 89' lang='lat' dir='ltr'><strong>non</strong></span> <span class='ocrx_word' id='word_1_353' title='bbox 225 5127 400 5208; x_wconf 88' lang='lat' dir='ltr'><strong>possunt,</strong></span> <span class='ocrx_word' id='word_1_354' title='bbox 431 5126 470 5184; x_wconf 89' lang='lat' dir='ltr'><strong>et</strong></span> <span class='ocrx_word' id='word_1_355' title='bbox 498 5110 552 5182; x_wconf 91' lang='lat' dir='ltr'><strong>sic</strong></span> <span class='ocrx_word' id='word_1_356' title='bbox 570 5132 702 5182; x_wconf 91' lang='lat' dir='ltr'><strong>omnes</strong></span> <span class='ocrx_word' id='word_1_357' title='bbox 722 5133 857 5183; x_wconf 88' lang='lat' dir='ltr'><strong>causae</strong></span> <span class='ocrx_word' id='word_1_358' title='bbox 877 5133 977 5205; x_wconf 90' lang='lat' dir='ltr'><strong>quae</strong></span> <span class='ocrx_word' id='word_1_359' title='bbox 995 5108 1033 5180; x_wconf 95' lang='lat' dir='ltr'><strong>in</strong></span> <span class='ocrx_word' id='word_1_360' title='bbox 1053 5109 1155 5181; x_wconf 90' lang='lat' dir='ltr'><strong>Rota</strong></span> <span class='ocrx_word' id='word_1_361' title='bbox 1173 5125 1436 5205; x_wconf 89' lang='lat' dir='ltr'><strong>proponuntur</strong></span> <span class='ocrx_word' id='word_1_362' title='bbox 1455 5111 1631 5184; x_wconf 91' lang='lat' dir='ltr'><strong>dicuntur</strong></span> 
     </span>
     <span class='ocr_line' id='line_1_40' title="bbox 107 5235 1630 5334; baseline -0.002 -20"><span class='ocrx_word' id='word_1_363' title='bbox 107 5236 294 5324; x_wconf 89' lang='lat' dir='ltr'><strong>Rotales,</strong></span> <span class='ocrx_word' id='word_1_364' title='bbox 317 5237 352 5309; x_wconf 93' lang='lat' dir='ltr'><strong>in</strong></span> <span class='ocrx_word' id='word_1_365' title='bbox 372 5235 509 5334; x_wconf 92' lang='lat' dir='ltr'><strong>quibus</strong></span> <span class='ocrx_word' id='word_1_366' title='bbox 527 5235 576 5308; x_wconf 86' lang='lat' dir='ltr'><strong>ad</strong></span> <span class='ocrx_word' id='word_1_367' title='bbox 597 5235 836 5310; x_wconf 89' lang='lat' dir='ltr'><strong>scribendum</strong></span> <span class='ocrx_word' id='word_1_368' title='bbox 854 5235 926 5321; x_wconf 90' lang='lat' dir='ltr'><strong>alii,</strong></span> <span class='ocrx_word' id='word_1_369' title='bbox 948 5249 1214 5330; x_wconf 88' lang='lat' dir='ltr'><strong>praeterquam</strong></span> <span class='ocrx_word' id='word_1_370' title='bbox 1234 5235 1320 5309; x_wconf 92' lang='lat' dir='ltr'><strong>dicti</strong></span> <span class='ocrx_word' id='word_1_371' title='bbox 1340 5237 1463 5310; x_wconf 90' lang='lat' dir='ltr'><strong>Rotae</strong></span> <span class='ocrx_word' id='word_1_372' title='bbox 1483 5236 1630 5312; x_wconf 88' lang='lat' dir='ltr'><strong>Notarii</strong></span> 
     </span>
     <span class='ocr_line' id='line_1_41' title="bbox 105 5359 1630 5459; baseline -0.005 -15"><span class='ocrx_word' id='word_1_373' title='bbox 105 5361 273 5443; x_wconf 88' lang='lat' dir='ltr'><strong>admitti</strong></span> <span class='ocrx_word' id='word_1_374' title='bbox 300 5386 374 5434; x_wconf 93' lang='lat' dir='ltr'><strong>non</strong></span> <span class='ocrx_word' id='word_1_375' title='bbox 403 5375 567 5457; x_wconf 89' lang='lat' dir='ltr'><strong>possunt</strong></span> <span class='ocrx_word' id='word_1_376' title='bbox 593 5359 696 5433; x_wconf 87' lang='lat' dir='ltr'><strong>iuxta</strong></span> <span class='ocrx_word' id='word_1_377' title='bbox 724 5361 1001 5456; x_wconf 88' lang='lat' dir='ltr'><strong>suprascriptas</strong></span> <span class='ocrx_word' id='word_1_378' title='bbox 1029 5359 1315 5435; x_wconf 89' lang='lat' dir='ltr'><strong>constitutiones</strong></span> <span class='ocrx_word' id='word_1_379' title='bbox 1350 5377 1390 5435; x_wconf 91' lang='lat' dir='ltr'><strong>et</strong></span> <span class='ocrx_word' id='word_1_380' title='bbox 1425 5377 1630 5459; x_wconf 87' lang='lat' dir='ltr'><strong>propterea</strong></span> 
     </span>
    </p>
   </div>
   <div class='ocr_carea' id='block_1_3' title="bbox 0 0 1867 5918">
    <p class='ocr_par' dir='ltr' id='par_1_6' title="bbox 0 0 1867 5918">
     <span class='ocr_line' id='line_1_42' title="bbox 0 0 1867 5918; baseline 0 0"><span class='ocrx_word' id='word_1_381' title='bbox 0 0 1867 5918; x_wconf 95' lang='lat' dir='ltr'><strong> </strong></span> 
     </span>
    </p>
   </div>
  </div>
 </body>
</html>
