3686 5916
225 291 295 396 '608
855 333 992 391 Soeculo
1010 332 1135 392 XVIII

241 529 392 624 quidem
431 529 564 614 causis,
603 530 637 602 in
676 532 812 628 quibus
846 531 918 603 iam
962 529 1114 603 Decisio
1151 529 1288 625 prodiit
1315 529 1351 601 in
1392 528 1524 610 lucem,
1566 527 1740 601 Auditori

242 653 458 727 Camerario
495 655 646 727 tradere
674 671 882 740 teneantur,
913 652 971 728 vel
1003 634 1038 726 in
1067 654 1242 738 Archivo,
1264 654 1367 749 quod
1394 679 1418 726 a
1446 650 1741 725 Praedecessore

242 777 385 850 Nostro
416 777 610 851 Clemente
641 777 737 864 XIII,
770 802 889 874 nuper
918 779 951 849 in
983 777 1123 850 Palatio
1151 777 1373 872 Apostolico
1402 774 1586 870 Quirinali
1613 792 1740 850 extru-

242 919 340 975 ctum
371 919 441 988 est,
471 903 726 985 custodienda,
757 901 816 976 vel
851 903 901 976 ad
927 903 1021 976 alios
1049 929 1141 976 usus
1178 903 1281 976 iuxta
1321 903 1458 1000 Leges,
1488 916 1528 973 et
1569 901 1741 974 instituta

242 1026 453 1101 Tribunalis
482 1030 692 1114 retinenda;
722 1029 756 1101 in
786 1029 864 1100 aliis
895 1053 983 1101 vero
1013 1025 1159 1112 Causis,
1180 1027 1217 1098 in
1245 1028 1381 1123 quibus
1411 1026 1563 1100 Decisio
1591 1026 1742 1099 deside·

243 1169 355 1236 ratur,
387 1153 560 1226 Auditori
591 1155 744 1226 Decano
773 1153 966 1250 porrigere
985 1151 1155 1238 debeant,
1177 1153 1241 1247 qui
1269 1152 1402 1225 eadem
1422 1151 1600 1248 suflragia
1628 1175 1738 1236 n0v0‚

243 1280 305 1373 qui
334 1277 609 1374 subrogabitur,
642 1277 791 1351 Causae
820 1277 976 1350 Ponenti
1004 1277 1153 1350 tradere
1180 1277 1343 1351 debebit.

329 1425 384 1494 17.
418 1401 546 1497 thue
574 1404 699 1476 omnia
726 1428 748 1476 a
777 1403 897 1476 Nobis
925 1404 961 1474 in
982 1401 1122 1476 Nostra
1148 1400 1217 1474 hac
1245 1418 1430 1497 perpetuo
1449 1401 1609 1473 valitura
1639 1400 1741 1474 Con·
1829 1447 1830 1464 r

243 1527 434 1601 stitutione
463 1527 605 1601 sancita
637 1543 752 1622 atque
789 1529 951 1612 decreta,
982 1528 1094 1600 altius
1121 1552 1272 1622 semper
1308 1525 1493 1599 insideant
1538 1526 1739 1610 mentibus,

243 1669 321 1724 tum
350 1675 470 1746 nuper
497 1651 723 1734 Electorum‚
755 1668 833 1725 tum
863 1651 1134 1750 Eligendorum
1163 1651 1198 1723 in
1226 1666 1420 1747 posterum
1459 1651 1582 1724 Rotae
1620 1651 1741 1722 Audi-

242 1795 377 1859 torum,
399 1791 439 1847 et
467 1775 535 1847 rite
554 1791 804 1872 accurateque
823 1778 871 1851 ab
890 1777 1063 1850 omnibus
1082 1779 1223 1849 servari
1241 1773 1401 1860 valeant,
1430 1775 1604 1848 lubemus
1623 1792 1740 1871 atque
1829 1833 1830 1836 ,

242 1903 463 1974 mandamus
491 1901 612 1972 eidem
640 1901 816 1974 Auditori
846 1901 1011 1986 Decan0,
1042 1913 1084 1971 ut
1111 1900 1357 1984 Instructioni‚
1388 1922 1456 1995 per
1482 1899 1605 1994 ipsum
1645 1901 1741 1971 tradi
1829 1915 1830 1918 ’

243 2026 374 2100 solitae
404 2025 601 2121 unicuique
629 2051 676 2099 ex
704 2027 850 2100 noviter
877 2025 1015 2098 Electis
1043 2025 1092 2096 ad
1128 2049 1196 2099 eos
1233 2026 1459 2098 erudiendos
1478 2025 1525 2096 de
1554 2023 1612 2096 his
1640 2047 1740 2117 quae
1829 2067 1830 2076 ,

243 2149 392 2246 agenda
421 2163 519 2233 sunt,
551 2151 608 2223 vel
636 2167 734 2237 ante,
765 2151 824 2224 vel
852 2167 951 2247 post,
980 2166 1175 2244 acceptum
1198 2150 1445 2223 Auditoratus
1464 2147 1640 2222 Officium
1662 2149 1740 2220 suis

242 2291 331 2369 apte
367 2276 458 2348 locis
486 2275 692 2372 adiungere
720 2289 759 2348 et
786 2273 968 2348 adnotare
995 2291 1100 2346 curet
1128 2297 1172 2346 ea
1200 2275 1334 2361 omnia,
1357 2299 1455 2368 quae
1483 2299 1530 2346 ex
1558 2273 1629 2345 hac
1659 2273 1741 2367 ipsa

244 2399 523 2472 Constitutione
551 2399 693 2473 Nostra
712 2399 846 2472 viderit
873 2401 966 2472 scitu
987 2398 1100 2494 digna
1128 2401 1177 2472 ad
1206 2401 1291 2472 novi
1311 2399 1427 2494 ipsius
1446 2399 1633 2472 Auditorii
1655 2401 1741 2470 ube·

244 2525 377 2596 riorem
402 2523 666 2622 cognitionem,
697 2525 878 2609 notitiam,
900 2523 1230 2620 directionemque,
1253 2549 1296 2598 ac
1325 2523 1488 2598 Nostrae
1507 2524 1593 2596 huic
1613 2522 1741 2597 volun-

243 2651 309 2720 tati
338 2647 501 2722 debitam
530 2648 819 2731 observantiam,
848 2664 965 2743 atque
993 2647 1254 2722 obedientiam.

329 2777 385 2848 18.
418 2773 677 2847 Decernentes
705 2791 899 2869 postremo
934 2774 1001 2845 has
1040 2791 1190 2846 nostras
1222 2773 1380 2858 Literas,
1410 2788 1449 2845 et
1490 2774 1525 2844 in
1557 2773 1614 2846 eis
1652 2799 1741 2846 con-

244 2912 347 2970 tenta
375 2923 645 2994 quaecumque,
675 2898 788 2973 etiam
816 2919 939 2972 exeo
967 2899 1070 2995 quod
1099 2898 1324 2994 quicumque
1352 2899 1388 2969 in
1424 2897 1643 2994 praemissis
1673 2923 1739 2971 seu

242 3023 387 3096 illorum
415 3021 542 3118 aliquo
570 3023 854 3118 quomodolibet
881 3025 1065 3096 interesse
1080 3023 1271 3110 habentes
1293 3049 1360 3096 seu
1390 3023 1530 3096 habere
1558 3039 1741 3118 putantes

242 3147 291 3220 ad
319 3148 390 3221 hoc
417 3148 540 3221 vocati
567 3165 606 3221 et
632 3148 750 3221 auditi
778 3171 851 3222 non
879 3148 1015 3221 suerint
1043 3164 1108 3220 aut
1140 3171 1187 3220 ex
1215 3148 1410 3242 quibusvis
1436 3147 1518 3222 aliis
1537 3148 1663 3222 causis
1692 3149 1740 3219 de

242 3273 506 3368 subreptionis,
549 3273 608 3346 vel
650 3275 898 3369 obreptionis,
943 3289 1009 3348 aut
1050 3273 1227 3348 nullitatis
1268 3273 1368 3360 vitiu,
1412 3299 1479 3348 seu
1522 3274 1739 3347 intentionis

243 3413 404 3484 nostrae,
435 3397 494 3471 vel
522 3399 657 3493 quovis
685 3399 758 3473 alio
786 3399 933 3472 delectu
963 3400 1083 3472 notari
1111 3397 1332 3497 impugnari,
1363 3414 1429 3472 aut
1455 3396 1548 3471 alias
1590 3398 1739 3495 infringi
1829 3419 1830 3468 l

242 3547 309 3595 seu
338 3523 622 3620 quomodolibet
650 3524 852 3610 retractari,
884 3525 1075 3620 suspendi,
1107 3524 1292 3621 restringi,
1327 3521 1484 3608 limitari,
1515 3523 1575 3596 vel
1613 3526 1669 3596 eis
1707 3525 1740 3597 in

242 3649 368 3745 aliquo
396 3650 571 3748 derogari
600 3647 811 3722 nullatenus
839 3673 1017 3744 umquam
1046 3673 1170 3745 posse,
1206 3673 1348 3744 easque
1376 3647 1528 3725 omnino
1557 3650 1630 3722 sub
1657 3651 1738 3745 qui-

207 3867 212 3880 ·
243 3771 370 3845 busvis
398 3772 635 3870 generalibus
673 3771 1023 3860 Constitutionibus,
1068 3772 1376 3858 revocationibus,
1416 3772 1734 3870 derogationibus,

243 3895 590 3980 modificationibus,
620 3897 790 3982 decretis,
820 3893 880 3970 vel
909 3896 1222 3971 declarationibus
1250 3897 1363 3971 etiam
1393 3913 1496 3970 motu
1525 3897 1682 3971 scientia
1701 3915 1737 3970 et
1829 3955 1830 3982 ,

242 4020 441 4116 potestatis
469 4019 698 4115 plenitudine
726 4022 914 4109 similibus,
936 4047 980 4094 ac
999 4023 1111 4095 etiam
1132 4022 1446 4106 consistorialiter,
1467 4048 1511 4095 ac
1542 4020 1638 4095 alias
1657 4025 1737 4119 qui-

241 4145 369 4218 busvis
396 4143 444 4216 de
472 4146 598 4242 causis
614 4171 683 4241 pro
707 4163 878 4242 tempore
907 4147 1012 4220 lactis
1032 4147 1180 4220 minime
1199 4148 1473 4243 comprehendi,
1496 4147 1563 4220 sed
1588 4173 1736 4243 semper

240 4271 289 4342 ab
317 4266 385 4342 illis
413 4285 601 4366 acceptas,
630 4296 856 4368 semperque
884 4288 923 4346 et
952 4289 1137 4368 perpetuo
1165 4271 1318 4358 validas,
1343 4271 1478 4356 firmas,
1500 4289 1540 4344 et
1567 4271 1734 4346 efficaces

241 4419 327 4467 esse
354 4411 394 4467 et
421 4395 510 4480 fore,
542 4419 709 4491 suosque
737 4398 925 4492 plenarios
957 4413 997 4470 et
1024 4398 1193 4494 integros
1219 4397 1376 4472 eflectus
1404 4397 1538 4482 sortiri,
1569 4417 1609 4470 et
1642 4401 1734 4473 obti-

243 4542 343 4605 nere,
372 4545 415 4593 ac
442 4524 492 4594 ab
519 4522 704 4608 omnibus,
733 4522 782 4594 ad
811 4545 908 4616 quos
937 4539 1083 4616 spectat
1110 4538 1149 4593 et
1175 4523 1360 4617 spectabit
1390 4521 1677 4618 quomodolibet
1699 4523 1732 4593 in

242 4644 406 4718 futurum
448 4664 631 4741 perpetuo
668 4663 707 4718 et
744 4645 1002 4719 inviolabiliter
1043 4648 1251 4721 observari:
1292 4646 1490 4740 eidemque
1525 4645 1730 4728 Auditorio,

241 4768 413 4864 illiusque
434 4771 680 4843 Auditoribus
709 4787 748 4842 et
776 4771 1144 4856 Locumtenentibus,
1176 4793 1319 4844 necnon
1348 4769 1554 4844 studiorum
1574 4771 1732 4843 Adiuto

240 4893 353 4977 ribus,
383 4908 422 4966 et
450 4893 613 4967 Secretis
644 4917 750 4978 nunc,
772 4911 811 4968 et
839 4918 907 4990 pro
929 4878 1107 4989 'tempore
1125 4894 1372 4968 existentibus
1391 4896 1583 4990 perpetuis
1603 4895 1731 4968 suturis

240 5017 472 5112 temporibus
500 5019 716 5113 plenissime
735 5019 931 5116 suffragari
950 5021 1102 5093 debere.
1124 5019 1365 5114 Eosdemque
1386 5044 1502 5114 super
1520 5019 1731 5116 praemissis

241 5141 414 5216 omnibus
450 5159 489 5216 et
529 5143 695 5240 singulis,
735 5144 795 5216 vel
827 5143 973 5219 illorum
1012 5145 1208 5218 occasione
1250 5168 1317 5240 per
1352 5169 1614 5240 quoscumque
1641 5144 1730 5218 alios

240 5267 373 5362 quavis
400 5268 623 5341 auctoritate
652 5286 690 5341 et
712 5269 1005 5363 praeeminentia
1024 5269 1210 5368 fulgentes
1229 5269 1514 5364 quomodolibet
1531 5268 1730 5353 molestari,

241 5394 459 5488 perturbari,
491 5392 550 5465 vel
577 5387 748 5488 impediri
775 5419 978 5488 numquam
1008 5419 1133 5491 posse.
