3708 5918
877 285 1014 346 Soeculo
1032 285 1064 346 X
1073 286 1101 345 V

986 583 1069 626 tlt,

959 644 1033 688 **

328 731 370 807 F.
392 730 606 827 Episcopus
633 747 806 826 portuen.

330 854 539 928 Cardinalis
568 855 704 928 Venet.

324 977 452 1065 Vobis,
485 978 718 1060 Reverendis
755 979 926 1076 patribus
954 979 1201 1054 Auditoribus
1242 1003 1440 1054 causarum
1484 980 1580 1055 sacri
1617 979 1747 1078 palatii

243 1104 450 1200 apostolici,
489 1122 618 1178 notum
648 1102 803 1177 facimus
840 1128 909 1200 per
935 1119 1146 1200 presentes,
1176 1105 1337 1200 qualiter
1371 1104 1593 1180 venerabilis
1621 1105 1676 1178 vir
1706 1122 1747 1180 et

245 1228 403 1302 eximius
429 1229 562 1303 doctor
598 1227 725 1327 legum
762 1228 936 1303 dominus
964 1229 1177 1303 Ludovicus
1205 1228 1253 1302 de
1291 1229 1514 1312 Ludovisiis‚
1545 1230 1747 1305 canonicus

244 1355 442 1428 bononien.
463 1368 503 1427 et
522 1353 632 1429 Ssmi.
653 1351 793 1427 domini
813 1352 931 1427 nostri
950 1352 1166 1449 capellanus
1185 1378 1229 1427 ac
1248 1354 1421 1439 Auditor,
1438 1353 1549 1429 hodie
1568 1355 1604 1428 in
1628 1354 1749 1428 mani-

246 1480 318 1553 bus
356 1479 492 1552 nostris
518 1478 567 1552 de
605 1479 787 1552 Mandato
816 1477 956 1551 domini
992 1478 1111 1552 nostri
1148 1501 1258 1574 pape,
1290 1503 1405 1574 super
1433 1477 1504 1552 hoc
1531 1477 1613 1552 vive
1640 1479 1747 1554 vocis

245 1604 396 1678 oraculo
434 1603 541 1678 nobis
568 1602 677 1688 sacto,
708 1601 873 1699 prestitit
910 1600 1106 1699 corporale
1141 1603 1390 1677 iuramentum
1427 1603 1464 1676 in
1501 1602 1621 1678 forma
1656 1629 1749 1678 con-

247 1746 355 1804 sueta
382 1729 609 1814 cancellarie,
640 1753 709 1824 per
745 1728 980 1822 recipiendos
1018 1727 1054 1800 in
1091 1727 1309 1824 capellanos
1340 1744 1379 1802 et
1414 1728 1621 1802 Auditores
1657 1728 1750 1802 dicti

243 1855 340 1928 sacri
368 1854 494 1950 palatii
520 1868 560 1926 et
587 1877 828 1927 romanorum
855 1851 1072 1948 pontificum
1104 1852 1266 1948 prestari
1294 1851 1454 1928 solitum.
1479 1852 1612 1949 ltaque
1638 1853 1749 1927 vobis

245 1979 418 2053 omnibus
454 1979 676 2051 mandamus
714 2001 761 2049 ex
798 1993 908 2072 parte
946 1975 1179 2050 Sanctissimi
1215 1977 1354 2050 domini
1392 1977 1508 2051 nostri
1543 1993 1583 2050 et
1617 1992 1750 2051 nostra

245 2120 431 2201 quatenus
457 2102 632 2175 eumdem
660 2102 850 2176 dominum
879 2101 1110 2176 Ludovicum
1138 2103 1175 2174 in
1201 2100 1317 2176 etad
1344 2101 1504 2176 officium
1535 2102 1748 2199 predictum

244 2227 416 2324 illiusque
453 2225 668 2300 exercitium
704 2225 912 2312 actualiter,
947 2227 1037 2300 visis
1073 2226 1324 2322 presentibus,
1359 2228 1525 2322 recipere
1563 2225 1746 2301 debeatis.

850 781 987 858 Sancte
1006 783 1178 858 Romane
1199 782 1367 858 Ecclesie
1385 783 1465 856 vice
1493 781 1745 861 cancellarius.

248 2480 364 2552 simus
390 2475 637 2572 impressione
666 2475 897 2550 communiri.

328 2602 469 2675 Datum
499 2600 630 2684 Rome,
652 2600 688 2672 in
720 2599 893 2673 domibus
920 2615 1049 2674 nostre
1078 2599 1187 2674 solite
1215 2600 1425 2684 residentie,
1447 2600 1506 2674 die
1529 2621 1573 2693 25
1606 2598 1749 2674 mensis

248 2725 388 2824 Aprilis
422 2746 533 2819 1447.

971 2970 1035 3050 78.

250 3151 400 3224 Nz'colaz'
424 3152 464 3235 V,
486 3150 625 3248 Papae,
647 3151 816 3237 Rutulus,
837 3175 899 3224 seu
927 3150 1144 3224 mandatum
1166 3152 1211 3224 de
1230 3151 1472 3248 provzilendrs
1490 3163 1564 3249 per
1583 3153 1747 3225 Melum-

319 3276 531 3375 propnirm.

326 3449 441 3522 (Arcu.
461 3448 548 3518 Ron,
573 3448 789 3520 ‹Prrbilegr'a
802 3474 828 3518 ι,
849 3455 924 3508 tom.
943 3449 971 3518 Ι,
986 3455 1074 3524 part.
1093 3450 1121 3522 I,
1140 3467 1172 3510 n.
1199 3451 1281 3524 VII).

1505 3539 1582 3612 1447,
1602 3541 1682 3598 runn
1703 3543 1746 3599 rs.

328 3737 428 3812 Chri.
457 3738 494 3809 in
523 3762 601 3835 reg.
623 3737 690 3823 T.;
719 3781 746 3790 -
779 3737 1044 3833 Motuproprio
1081 3738 1230 3812 cuilibet
1265 3763 1313 3811 ex
1348 3735 1491 3810 dilectis
1530 3735 1746 3832 Capellanis

246 3863 382 3936 nostris
411 3859 663 3957 infrascriptis,
686 3851 884 3934 causarum
912 3860 1040 3957 palatii
1058 3860 1253 3958 apostolici
1272 3861 1530 3948 Auditoribus,
1551 3863 1600 3936 de
1620 3862 1746 3937 Cano-

245 3987 427 4061 nicatibus
468 3988 540 4060 sub
575 3989 836 4082 expectatione
873 3987 1149 4082 prebendarum
1187 3989 1344 4060 duarum
1381 3985 1440 4059 vel
1482 3987 1593 4060 trium
1630 3988 1745 4061 etiam

244 4111 524 4186 Cathedralium
543 4126 582 4184 et
601 4109 976 4207 Metropolitanarum
1001 4137 1067 4184 seu
1089 4109 1381 4207 Collegiatarum
1404 4111 1656 4196 ecclesiarum,
1677 4137 1747 4207 per

244 4238 348 4332 ipsos
376 4236 412 4308 in
440 4237 633 4332 quibusvis
661 4237 859 4330 provinciis
887 4233 1157 4334 eligendarum,
1178 4261 1221 4309 ac
1247 4237 1482 4333 dignitatum,
1504 4251 1743 4332 personatus,

243 4361 574 4434 administrationis
592 4358 651 4432 vel
670 4359 778 4433 officii
792 4359 851 4434 vel
870 4361 988 4434 curati
1005 4377 1045 4434 et
1062 4360 1207 4434 electivi
1225 4359 1378 4433 alterius
1392 4359 1451 4434 vel
1470 4361 1578 4433 unius
1601 4385 1746 4434 earum·

244 4488 332 4559 dem
348 4485 587 4560 ecclesiarum
603 4511 686 4558 cum
702 4485 953 4581 prestimoniis
967 4499 1039 4559 etc.
1055 4486 1114 4558 vel
1133 4485 1292 4558 duorum
1312 4487 1423 4558 trium
1438 4499 1477 4558 et
1495 4487 1653 4581 plurium
1670 4484 1745 4559 Ca-

245 4612 483 4684 nonicatuum
504 4625 586 4695 etc,
617 4634 764 4684 necnon
784 4611 831 4683 de
851 4633 926 4683 uno
943 4609 1004 4684 vel
1023 4611 1173 4684 duobus
1192 4635 1258 4684 seu
1279 4611 1397 4684 tribus
1421 4611 1607 4684 beneficiis
1626 4611 1745 4684 eccle-

244 4735 404 4808 siasticis
423 4761 506 4808 cum
527 4759 615 4809 cura
633 4733 692 4807 vel
722 4735 802 4808 sine
821 4759 910 4808 cura
932 4735 1045 4808 etiam
1065 4737 1097 4807 si
1117 4733 1381 4819 Canonicatus,
1402 4734 1606 4830 prebende,
1623 4735 1746 4832 digni-

243 4875 353 4946 tates
377 4875 614 4954 personatus,
635 4857 977 4932 administrationes
997 4860 1055 4931 vel
1074 4859 1193 4932 officia
1212 4860 1325 4932 etiam
1345 4876 1474 4932 curata
1501 4859 1560 4933 vel
1588 4859 1745 4933 electiva
1839 4903 1840 4923 ι

243 4984 279 5056 in
309 4981 598 5058 Cathedralibus
627 4999 666 5056 et
695 4983 998 5080 Metropolitanis
1026 5007 1093 5056 seu
1123 4981 1344 5081 Collegiatis
1371 4983 1538 5058 ecclesiis
1565 4983 1624 5058 vel
1651 4982 1745 5058 alias

245 5107 449 5182 ubilibet
468 5125 623 5182 taxae...
644 5107 693 5180 ad
708 5107 945 5181 collationem
1009 5109 1173 5180 omnium
1191 5107 1425 5182 Collatorum
1443 5123 1483 5182 et
1503 5107 1744 5182 Collatrieum

244 5231 518 5326 provinciarum
546 5232 774 5316 earumdem,
800 5233 913 5304 etiam
943 5231 1086 5305 ratione
1114 5231 1349 5328 dignitatum,
1380 5233 1492 5306 etiam
1520 5233 1743 5306 coniunctim

245 5354 304 5428 vel
323 5356 471 5430 divisim
486 5357 748 5453 pertinentium
763 5355 987 5431 auctoritate
1001 5353 1207 5455 apostolica
1221 5357 1475 5452 providemus.
1492 5358 1527 5431 N
1530 5383 1577 5431 on
1593 5358 1743 5432 obstan-
