3748 5914
754 342 921 402 Clemente
941 341 1007 402 VII
1571 341 1623 402 271

205 535 411 631 Liceatque
439 537 493 610 eis
521 537 662 610 habere
689 536 821 610 Altare
851 535 1028 610 Portatile
1057 562 1140 610 cum
1170 535 1306 610 debitis
1338 535 1557 621 reverentia,
1588 551 1628 609 et

125 660 270 734 honore
298 683 413 757 super
441 686 517 756 quo
545 661 582 734 in
610 661 701 736 locis
728 663 778 734 ad
814 661 887 735 hoc
923 660 1230 760 congruentibus,
1260 675 1299 733 et
1335 661 1515 747 honestis,
1546 661 1626 734 sine

125 786 213 858 iuris
242 784 352 858 alieni
380 785 593 880 preiudicio‚
624 799 773 859 etcum
802 786 963 882 qualitas
992 787 1234 883 negociorum
1262 809 1333 880 pro
1369 801 1541 881 tempore
1577 786 1623 856 in-

124 912 339 1008 gruentium
376 909 413 982 id
442 911 613 1008 exigerit,
643 910 756 984 etiam
788 926 991 1006 antequam
1026 909 1214 984 elucescat
1247 911 1338 996 dies,
1368 910 1463 984 circa
1501 927 1625 984 tamen

125 1036 295 1108 diurnam
323 1035 455 1108 lucem.
486 1036 535 1108 Et
577 1039 606 1110 si
640 1035 765 1109 forsan
806 1037 856 1108 ad
897 1035 979 1110 loca
1020 1035 1270 1110 ecclesiastico
1311 1035 1518 1120 interdicto
1549 1055 1625 1110 tam

126 1161 323 1247 ordinaria,
354 1185 467 1258 quam
494 1161 703 1258 apostolica
743 1161 1029 1235 auctoritatibus
1072 1162 1267 1257 supposita
1302 1163 1406 1257 ipsos
1440 1162 1627 1236 declinare

126 1287 334 1383 contigerit,
367 1287 402 1360 in
430 1286 511 1373 illis,
543 1285 678 1360 clausis
705 1287 824 1360 ianuis
853 1312 927 1362 non
956 1287 1115 1384 pulsatis
1143 1289 1344 1383 campanis,
1376 1304 1416 1360 et
1442 1289 1627 1362 submissa

128 1436 216 1484 voce
245 1411 577 1486 excommunicatis
605 1429 644 1486 et
672 1411 875 1485 interdictis
903 1411 1065 1486 exclusis
1094 1413 1129 1485 in
1158 1437 1299 1494 eorum,
1330 1428 1369 1484 et
1396 1412 1625 1486 familiarium

128 1561 280 1610 suorum
309 1537 613 1624 domesticorum,
643 1561 687 1610 ac
715 1537 783 1610 sex
810 1536 965 1610 aliarum
994 1561 1241 1633 personarum
1279 1537 1475 1632 utriusque
1512 1563 1626 1610 sexus

128 1685 194 1756 per
221 1686 300 1748 eos
331 1676 530 1735 eteorum
559 1661 763 1757 quemlibet
790 1662 1049 1760 eligendarum
1077 1662 1278 1757 presentia,
1319 1661 1524 1734 dummodo
1555 1663 1626 1758 ipsi
1735 1703 1738 1710 ·

27 1813 30 1828 ·
129 1784 183 1860 vel
211 1783 260 1860 illi
291 1811 441 1860 causam
471 1809 545 1859 non
573 1785 746 1859 dederint
773 1786 981 1871 interdicto,
1012 1810 1080 1860 nec
1107 1786 1145 1858 id
1173 1787 1227 1859 eis
1246 1787 1455 1884 contigerit.
1479 1787 1625 1882 Specia·

127 1909 208 1984 liter
234 1911 404 1984 interdici
432 1911 580 2008 possint
608 1935 676 2007 per
704 1935 745 1984 se
772 1910 899 2006 ipsos,¹
917 1935 1033 2006 quum
1062 1911 1259 2007 presbiteri
1287 1911 1432 1997 suerint,
1455 1928 1521 1984 aut
1539 1934 1626 2006 pro-

129 2035 256 2130 prium,
287 2036 363 2109 -vel
402 2035 515 2111 alium
558 2035 802 2110 Sacerdotem
830 2035 1006 2109 idoneum
1045 2035 1260 2147 secularem,
1299 2037 1359 2109 vel
1401 2034 1623 2134 regularem,

128 2161 273 2247 missas,
304 2176 344 2234 et
370 2160 442 2235 alia
469 2160 593 2234 divina
619 2160 742 2234 officia
770 2160 961 2234 celebrare
988 2186 1057 2234 seu
1085 2160 1265 2235 celebrari
1292 2160 1414 2235 facere
1441 2177 1481 2235 et
1508 2159 1627 2235 eccle·

128 2286 278 2360 siastica
306 2286 551 2360 Sacramenta
579 2286 757 2381 recipere,
786 2310 830 2358 ac
858 2311 988 2359 eorum
1016 2301 1189 2382 tempore
1207 2285 1393 2359 interdicti
1414 2286 1627 2360 huiusmodi

129 2410 388 2485 decedentium
417 2434 576 2507 corpora
604 2409 857 2485 ecclesiastice
885 2411 983 2484 tradi
1009 2412 1157 2507 possint
1184 2411 1388 2507 sepulture,
1410 2411 1523 2485 etiam
1543 2435 1627 2484 cum

129 2535 248 2632 aliqua
279 2534 434 2609 funerali
462 2557 613 2631 pompa.

205 2663 257 2734 Et
285 2659 439 2755 insuper
466 2659 560 2731 duas
589 2675 631 2730 ut
657 2657 847 2746 ecclesias,
877 2684 944 2732 seu
973 2659 1060 2745 duo,
1091 2659 1150 2733 vel
1179 2659 1249 2733 tria
1277 2659 1424 2733 Altaria
1450 2661 1486 2734 in
1522 2657 1623 2743 locis,

129 2785 187 2860 ubi
214 2786 322 2881 ipsos
349 2784 567 2870 Auditores,
597 2797 637 2858 et
665 2782 952 2871 Locateneutes,
982 2808 1027 2857 ac
1054 2809 1183 2858 eorum
1212 2783 1417 2881 quemlibet
1443 2809 1514 2880 pro
1532 2800 1627 2856 tem-

129 2934 217 3005 pore
246 2911 384 2983 morari
413 2908 624 3006 contigerit,
655 2933 725 3004 per
759 2933 828 2982 eos
864 2924 903 2983 et
939 2933 1069 2982 eorum
1104 2909 1311 3005 quemlibet
1346 2933 1417 3005 pro
1453 2924 1625 3005 tempore

128 3031 333 3131 eligendas,
364 3058 431 3106 seu
463 3031 639 3130 eligenda
676 3032 834 3130 singulis
862 3032 996 3107 diebus
1031 3031 1431 3132 quadragesimalibus,
1471 3047 1510 3108 et
1544 3033 1625 3106 aliis

126 3159 210 3232 anni
223 3159 469 3254 temporibus,
486 3173 526 3230 et
543 3158 633 3230 dum
648 3157 684 3230 in
700 3155 815 3230 Curia
833 3158 1051 3244 resederint,
1066 3181 1197 3232 eorum
1212 3159 1402 3255 propriam
1419 3157 1623 3254 Capellam,

128 3283 258 3359 diebus
287 3300 412 3356 tamen
453 3280 651 3369 audientie,
694 3283 892 3369 visitando,
929 3281 1096 3380 singulas
1130 3282 1392 3381 indulgentias,
1423 3299 1462 3358 et
1494 3308 1628 3380 pecca·

129 3423 251 3482 torum
281 3405 828 3503 remissionesconsequantur
855 3431 952 3502 quas
979 3424 1313 3504 consequerentur,
1334 3409 1365 3482 si
1394 3407 1464 3504 ipsi
1482 3407 1625 3482 eisdem

129 3532 361 3630 temporibus
389 3548 428 3606 et
454 3529 586 3604 diebus
616 3531 818 3605 stationum
848 3530 975 3619 Urbis,
1004 3548 1045 3604 et
1071 3548 1177 3606 extra
1195 3557 1280 3607 eam
1299 3534 1347 3606 ad
1366 3532 1403 3605 id
1423 3533 1626 3629 deputatas

127 3655 375 3753 personaliter
402 3656 606 3732 visitarent.
1568 3737 1571 3746 ,

206 3785 361 3880 Eisque,
400 3798 439 3856 et
470 3805 601 3855 eorum
638 3780 795 3870 cuilibet,
830 3807 875 3856 ac
912 3807 1043 3857 eorum
1081 3782 1322 3857 familiaribus
1358 3782 1548 3878 predictis,
1584 3797 1626 3856 ut

128 3909 273 3993 diebus,
304 3923 344 3982 et
371 3907 615 4003 temporibus,
645 3905 782 4004 quibus
809 3931 899 3981 esus
926 3907 1104 3993 carnium,
1144 3931 1311 3996 ovorum,
1351 3908 1470 3996 casei,
1493 3907 1623 3995 Butiri,

127 4050 165 4107 et
192 4035 350 4108 aliorum
378 4031 654 4106 lacticineorum
684 4001 990 4127 est'prohibitus,
1022 4030 1163 4104 eisdem
1192 4032 1284 4120 ovis,
1316 4031 1451 4118 Caseo,
1483 4032 1623 4121 Butir0,

127 4174 166 4231 et
191 4157 274 4232 aliis
301 4157 492 4244 laticineis,
513 4181 557 4230 ac
594 4155 642 4229 de
680 4157 873 4253 utriusque
909 4156 1044 4231 Medici
1081 4156 1245 4246 consilio,
1276 4158 1448 4232 carnibus
1481 4159 1626 4254 absque

127 4283 353 4358 conscientie
381 4281 557 4378 scrupulo
585 4281 648 4367 uti,
679 4297 718 4355 et
745 4281 856 4356 vesci.
903 4335 904 4340 ,

206 4408 357 4504 Ipsique
384 4407 602 4490 Auditores,
632 4421 672 4478 et
704 4405 990 4492 Loeatenentes,
1026 4429 1123 4480 nunc
1160 4423 1200 4480 et
1233 4430 1304 4502 pro
1340 4422 1512 4503 tempore
1548 4407 1626 4480 exi-

128 4549 283 4617 stentes,
313 4557 357 4606 ac
384 4557 515 4606 eorum
543 4531 690 4629 singuli,
708 4531 853 4606 litteras
881 4532 1086 4630 gratiarum
1115 4533 1433 4628 expectativarum
1452 4532 1626 4628 quotiens

126 4684 193 4734 eas
221 4656 447 4756 generaliter
474 4657 628 4730 concedi
655 4657 866 4755 contigerit,
895 4659 1040 4753 absque
1070 4656 1195 4753 aliqua
1232 4657 1428 4754 signatura
1462 4657 1628 4753 desuper

128 4782 361 4879 expedienda
389 4783 424 4855 in
454 4781 573 4878 prima
600 4805 729 4854 earum
750 4779 989 4877 expeditione
1008 4780 1057 4855 ad
1076 4795 1153 4854 tres
1173 4781 1391 4855 collationes
1410 4807 1626 4878 percorum

128 4907 333 5003 quemlibet
360 4906 566 5004 eligendas,
595 4922 635 4979 et
663 4905 733 4978 tria
769 4905 949 4979 beneficia
985 4905 1256 5001 cuiuscumque
1292 4923 1378 4980 taxe
1415 4932 1481 4981 seu
1514 4910 1626 4982 annui

128 5032 266 5106 valoris
295 5029 438 5106 illorum
467 5030 620 5116 fructus,
651 5031 822 5104 redditus
850 5045 890 5103 et
917 5045 1125 5126 proventus
1152 5030 1299 5116 fuerint,
1320 5031 1433 5103 etiam
1462 5033 1492 5105 si
1513 5057 1625 5106 unum

128 5179 177 5230 ex
205 5155 312 5230 dictis
338 5155 527 5229 beneficiis
545 5155 637 5228 alias
658 5155 728 5229 sub
755 5154 976 5228 eorumdem
1005 5153 1241 5240 Auditorum,
1262 5180 1439 5228 eorumve
1467 5156 1627 5230 Locate·

128 5279 295 5353 nentium
321 5280 453 5378 gratiis
480 5279 725 5375 expectativis
753 5278 939 5352 caruerint
966 5278 1203 5352 collationum
1233 5279 1501 5354 mutationibus
1524 5305 1626 5352 reva-

129 5402 366 5478 lidationibus
385 5419 424 5477 et
442 5403 723 5478 extensionibus
742 5428 812 5500 pro
832 5418 1002 5500 tempore
1022 5402 1303 5496 comprehensis
1330 5402 1451 5477 eidem
1471 5402 1626 5500 disposi-
