<?xml version="1.0" encoding="UTF-8"?>
<!DOCTYPE html PUBLIC "-//W3C//DTD XHTML 1.0 Transitional//EN"
    "http://www.w3.org/TR/xhtml1/DTD/xhtml1-transitional.dtd">
<html xmlns="http://www.w3.org/1999/xhtml" xml:lang="en" lang="en">
 <head>
  <title>
</title>
<meta http-equiv="Content-Type" content="text/html;charset=utf-8" />
  <meta name='ocr-system' content='tesseract 3.04.00' />
  <meta name='ocr-capabilities' content='ocr_page ocr_carea ocr_par ocr_line ocrx_word'/>
</head>
<body>
  <div class='ocr_page' id='page_1' title='image "./capellanipapaee00cercgoog_0355.png"; bbox 0 0 3748 5914; ppageno 0'>
   <div class='ocr_carea' id='block_1_1' title="bbox 868 647 954 726">
    <p class='ocr_par' dir='ltr' id='par_1_1' title="bbox 868 647 954 726">
     <span class='ocr_line' id='line_1_1' title="bbox 868 647 954 726; baseline -0.023 0"><span class='ocrx_word' id='word_1_1' title='bbox 868 647 954 726; x_wconf 81' lang='lat'><strong>173.</strong></span> 
     </span>
    </p>
   </div>
   <div class='ocr_carea' id='block_1_2' title="bbox 153 763 1660 2890">
    <p class='ocr_par' dir='ltr' id='par_1_2' title="bbox 153 763 1660 2890">
     <span class='ocr_line' id='line_1_2' title="bbox 1203 763 1654 861; baseline 0.002 -16"><span class='ocrx_word' id='word_1_2' title='bbox 1203 785 1281 860; x_wconf 81' lang='lat'>1589,</span> <span class='ocrx_word' id='word_1_3' title='bbox 1300 787 1439 846; x_wconf 75' lang='lat' dir='ltr'><em>nnuam</em></span> <span class='ocrx_word' id='word_1_4' title='bbox 1457 786 1501 861; x_wconf 83' lang='lat' dir='ltr'><em>n,</em></span> <span class='ocrx_word' id='word_1_5' title='bbox 1521 763 1654 847; x_wconf 73' lang='lat' dir='ltr'><em>nomae.</em></span> 
     </span>
     <span class='ocr_line' id='line_1_3' title="bbox 153 915 1655 1015; baseline 0.001 -26"><span class='ocrx_word' id='word_1_6' title='bbox 153 915 290 989; x_wconf 81' lang='lat' dir='ltr'><em>Sc&#39;rctus</em></span> <span class='ocrx_word' id='word_1_7' title='bbox 313 917 480 991; x_wconf 89' lang='lat' dir='ltr'><em>VBulla</em></span> <span class='ocrx_word' id='word_1_8' title='bbox 510 949 527 988; x_wconf 69' lang='grc' dir='ltr'><strong><em>ι</em></strong></span> <span class='ocrx_word' id='word_1_9' title='bbox 548 919 709 994; x_wconf 88' lang='lat' dir='ltr'><em>Romani</em></span> <span class='ocrx_word' id='word_1_10' title='bbox 728 917 914 992; x_wconf 89' lang='lat' dir='ltr'><em>Pontificis</em></span> <span class='ocrx_word' id='word_1_11' title='bbox 932 917 1167 1015; x_wconf 88' lang='lat' dir='ltr'><em>providentia</em></span> <span class='ocrx_word' id='word_1_12' title='bbox 1186 918 1455 1014; x_wconf 88' lang='lat' dir='ltr'><em>circumspecta</em></span> <span class='ocrx_word' id='word_1_13' title='bbox 1468 943 1505 1004; x_wconf 85' lang='lat'><em>›,</em></span> <span class='ocrx_word' id='word_1_14' title='bbox 1532 916 1655 992; x_wconf 85' lang='lat' dir='ltr'><em>Came-</em></span> 
     </span>
     <span class='ocr_line' id='line_1_4' title="bbox 237 1023 1656 1141; baseline 0.003 -29"><span class='ocrx_word' id='word_1_15' title='bbox 237 1041 320 1114; x_wconf 82' lang='lat' dir='ltr'><em>ralr&#39;</em></span> <span class='ocrx_word' id='word_1_16' title='bbox 344 1042 574 1140; x_wconf 75' lang='lat' dir='ltr'><em>impressori,</em></span> <span class='ocrx_word' id='word_1_17' title='bbox 605 1044 788 1140; x_wconf 85' lang='lat' dir='ltr'>privative</span> <span class='ocrx_word' id='word_1_18' title='bbox 815 1044 944 1137; x_wconf 88' lang='lat' dir='ltr'><em>quoad</em></span> <span class='ocrx_word' id='word_1_19' title='bbox 971 1065 1104 1115; x_wconf 91' lang='lat' dir='ltr'><em>omnes</em></span> <span class='ocrx_word' id='word_1_20' title='bbox 1131 1042 1237 1128; x_wconf 80' lang='lat' dir='ltr'><em>alios,</em></span> <span class='ocrx_word' id='word_1_21' title='bbox 1265 1043 1323 1116; x_wconf 91' lang='lat' dir='ltr'><em>ius</em></span> <span class='ocrx_word' id='word_1_22' title='bbox 1341 1023 1528 1116; x_wconf 62' lang='lat' dir='ltr'><em>“concedit</em></span> <span class='ocrx_word' id='word_1_23' title='bbox 1561 1043 1656 1141; x_wconf 76' lang='lat' dir='ltr'><em>types</em></span> 
     </span>
     <span class='ocr_line' id='line_1_5' title="bbox 238 1165 1653 1267; baseline 0.001 -28"><span class='ocrx_word' id='word_1_24' title='bbox 238 1166 478 1266; x_wconf 74' lang='lat' dir='ltr'><em>zinpn&#39;mcndi</em></span> <span class='ocrx_word' id='word_1_25' title='bbox 501 1178 656 1267; x_wconf 75' lang='lat' dir='ltr'><em>praeter</em></span> <span class='ocrx_word' id='word_1_26' title='bbox 689 1167 839 1265; x_wconf 77' lang='lat' dir='ltr'><em>singula</em></span> <span class='ocrx_word' id='word_1_27' title='bbox 866 1167 1011 1255; x_wconf 85' lang='lat' dir='ltr'><em>iubc&#39;lea,</em></span> <span class='ocrx_word' id='word_1_28' title='bbox 1040 1165 1300 1262; x_wconf 74' lang='lat' dir='ltr'><em>indulgentias,</em></span> <span class='ocrx_word' id='word_1_29' title='bbox 1329 1175 1446 1240; x_wconf 84' lang='lat' dir='ltr'><em>motus</em></span> <span class='ocrx_word' id='word_1_30' title='bbox 1468 1167 1653 1265; x_wconf 72' lang='lat' dir='ltr'><em>properos,</em></span> 
     </span>
     <span class='ocr_line' id='line_1_6' title="bbox 239 1290 1657 1389; baseline 0 -25"><span class='ocrx_word' id='word_1_31' title='bbox 239 1293 523 1389; x_wconf 74' lang='lat' dir='ltr'><em>despensanones</em></span> <span class='ocrx_word' id='word_1_32' title='bbox 553 1303 614 1368; x_wconf 87' lang='lat' dir='ltr'><em>etc.</em></span> <span class='ocrx_word' id='word_1_33' title='bbox 644 1301 719 1366; x_wconf 81' lang='lat' dir='ltr'><em>tam</em></span> <span class='ocrx_word' id='word_1_34' title='bbox 746 1290 791 1366; x_wconf 85' lang='lat' dir='ltr'><em>ab</em></span> <span class='ocrx_word' id='word_1_35' title='bbox 823 1293 1016 1367; x_wconf 86' lang='lat' dir='ltr'><em>Romanae</em></span> <span class='ocrx_word' id='word_1_36' title='bbox 1050 1291 1185 1364; x_wconf 84' lang='lat' dir='ltr'><em>Curiae</em></span> <span class='ocrx_word' id='word_1_37' title='bbox 1220 1290 1371 1385; x_wconf 83' lang='lat' dir='ltr'><em>Officiis,</em></span> <span class='ocrx_word' id='word_1_38' title='bbox 1401 1315 1512 1389; x_wconf 86' lang='lat' dir='ltr'><em>quam</em></span> <span class='ocrx_word' id='word_1_39' title='bbox 1539 1293 1657 1365; x_wconf 80' lang='lat' dir='ltr'><em>sacris</em></span> 
     </span>
     <span class='ocr_line' id='line_1_7' title="bbox 178 1414 1655 1514; baseline 0 -25"><span class='ocrx_word' id='word_1_40' title='bbox 178 1451 181 1457; x_wconf 93' lang='lat'>·</span> <span class='ocrx_word' id='word_1_41' title='bbox 242 1414 591 1514; x_wconf 76' lang='lat' dir='ltr'><em>Congregatz&#39;onr‘bus</em></span> <span class='ocrx_word' id='word_1_42' title='bbox 625 1417 774 1504; x_wconf 86' lang='lat' dir='ltr'><em>edenda,</em></span> <span class='ocrx_word' id='word_1_43' title='bbox 804 1417 913 1490; x_wconf 75' lang='lat' dir='ltr'><em>enam</em></span> <span class='ocrx_word' id='word_1_44' title='bbox 946 1417 1064 1490; x_wconf 83' lang='lat' dir='ltr'><em>Rotae</em></span> <span class='ocrx_word' id='word_1_45' title='bbox 1098 1416 1301 1502; x_wconf 78' lang='lat' dir='ltr'><em>deciseones,</em></span> <span class='ocrx_word' id='word_1_46' title='bbox 1331 1425 1366 1488; x_wconf 81' lang='lat' dir='ltr'><em>ct</em></span> <span class='ocrx_word' id='word_1_47' title='bbox 1390 1415 1551 1489; x_wconf 77' lang='lat' dir='ltr'><em>altorum</em></span> <span class='ocrx_word' id='word_1_48' title='bbox 1586 1417 1655 1490; x_wconf 74' lang='grc' dir='ltr'><em>ἰνί-</em></span> 
     </span>
     <span class='ocr_line' id='line_1_8' title="bbox 238 1538 1656 1634; baseline -0.001 -20"><span class='ocrx_word' id='word_1_49' title='bbox 238 1541 428 1616; x_wconf 78' lang='lat' dir='ltr'><em>brenalc&#39;um</em></span> <span class='ocrx_word' id='word_1_50' title='bbox 464 1542 722 1629; x_wconf 77' lang='lat' dir='ltr'><em>ordinatzones,</em></span> <span class='ocrx_word' id='word_1_51' title='bbox 762 1543 888 1629; x_wconf 83' lang='lat' dir='ltr'><em>edicta,</em></span> <span class='ocrx_word' id='word_1_52' title='bbox 923 1540 1155 1616; x_wconf 84' lang='lat' dir='ltr'><em>bannimenta</em></span> <span class='ocrx_word' id='word_1_53' title='bbox 1190 1550 1271 1624; x_wconf 58' lang='lat' dir='ltr'><em>cles</em></span> <span class='ocrx_word' id='word_1_54' title='bbox 1296 1541 1407 1634; x_wconf 79' lang='lat' dir='ltr'><em>faeta</em></span> <span class='ocrx_word' id='word_1_55' title='bbox 1433 1541 1547 1616; x_wconf 84' lang='lat' dir='ltr'><em>ez&#39;dem</em></span> <span class='ocrx_word' id='word_1_56' title='bbox 1573 1538 1656 1614; x_wconf 83' lang='lat' dir='ltr'><em>obli·</em></span> 
     </span>
     <span class='ocr_line' id='line_1_9' title="bbox 234 1664 1658 1764; baseline 0 -24"><span class='ocrx_word' id='word_1_57' title='bbox 234 1666 383 1763; x_wconf 79' lang='lat' dir='ltr'><em>galeone</em></span> <span class='ocrx_word' id='word_1_58' title='bbox 401 1667 522 1740; x_wconf 84' lang='lat' dir='ltr'><em>dandi</em></span> <span class='ocrx_word' id='word_1_59' title='bbox 544 1697 561 1736; x_wconf 71' lang='grc' dir='ltr'><strong><em>ι</em></strong></span> <span class='ocrx_word' id='word_1_60' title='bbox 577 1669 625 1740; x_wconf 90' lang='lat' dir='ltr'><em>de</em></span> <span class='ocrx_word' id='word_1_61' title='bbox 641 1667 822 1764; x_wconf 85' lang='lat' dir='ltr'><em>exemplis</em></span> <span class='ocrx_word' id='word_1_62' title='bbox 841 1665 1057 1752; x_wconf 88' lang='lat' dir='ltr'><em>litterarum,</em></span> <span class='ocrx_word' id='word_1_63' title='bbox 1076 1666 1264 1750; x_wconf 89' lang='lat' dir='ltr'><em>Brevium,</em></span> <span class='ocrx_word' id='word_1_64' title='bbox 1286 1664 1458 1740; x_wconf 91' lang='lat' dir='ltr'>Motuum</span> <span class='ocrx_word' id='word_1_65' title='bbox 1487 1666 1658 1761; x_wconf 89' lang='lat' dir='ltr'><em>proprio-</em></span> 
     </span>
     <span class='ocr_line' id='line_1_10' title="bbox 248 1788 1657 1886; baseline 0 -22"><span class='ocrx_word' id='word_1_66' title='bbox 248 1817 378 1878; x_wconf 82' lang='lat' dir='ltr'>‹rum,</span> <span class='ocrx_word' id='word_1_67' title='bbox 424 1793 745 1868; x_wconf 88' lang='lat' dir='ltr'><em>Constitutionum</em></span> <span class='ocrx_word' id='word_1_68' title='bbox 787 1808 827 1866; x_wconf 93' lang='lat' dir='ltr'><em>et</em></span> <span class='ocrx_word' id='word_1_69' title='bbox 866 1790 1090 1866; x_wconf 89' lang='lat' dir='ltr'><em>lubileorum</em></span> <span class='ocrx_word' id='word_1_70' title='bbox 1191 1792 1227 1864; x_wconf 93' lang='lat' dir='ltr'><em>in</em></span> <span class='ocrx_word' id='word_1_71' title='bbox 1268 1790 1469 1886; x_wconf 87' lang='lat' dir='ltr'><em>primaeva,</em></span> <span class='ocrx_word' id='word_1_72' title='bbox 1511 1788 1657 1866; x_wconf 91' lang='lat' dir='ltr'><em>illorum</em></span> 
     </span>
     <span class='ocr_line' id='line_1_11' title="bbox 249 1913 1660 2013; baseline 0.001 -26"><span class='ocrx_word' id='word_1_73' title='bbox 249 1916 540 2013; x_wconf 69' lang='lat' dir='ltr'><em>&lt;impressione</em></span> <span class='ocrx_word' id='word_1_74' title='bbox 572 1942 670 2013; x_wconf 89' lang='lat' dir='ltr'><em>quae</em></span> <span class='ocrx_word' id='word_1_75' title='bbox 698 1919 747 1992; x_wconf 90' lang='lat' dir='ltr'><em>de</em></span> <span class='ocrx_word' id='word_1_76' title='bbox 775 1931 925 1990; x_wconf 89' lang='lat' dir='ltr'><em>caetero</em></span> <span class='ocrx_word' id='word_1_77' title='bbox 953 1917 1027 2002; x_wconf 88' lang='lat' dir='ltr'><em>fiet,</em></span> <span class='ocrx_word' id='word_1_78' title='bbox 1059 1930 1221 2010; x_wconf 89' lang='lat' dir='ltr'>quatuor</span> <span class='ocrx_word' id='word_1_79' title='bbox 1249 1915 1437 2002; x_wconf 86' lang='lat' dir='ltr'><em>Datariae,</em></span> <span class='ocrx_word' id='word_1_80' title='bbox 1472 1929 1512 1989; x_wconf 91' lang='lat' dir='ltr'><em>et</em></span> <span class='ocrx_word' id='word_1_81' title='bbox 1528 1913 1660 2012; x_wconf 86' lang='lat' dir='ltr'>viginti</span> 
     </span>
     <span class='ocr_line' id='line_1_12' title="bbox 248 2039 1658 2126; baseline 0.001 -15"><span class='ocrx_word' id='word_1_82' title='bbox 248 2041 480 2126; x_wconf 75' lang='lat' dir='ltr'>«Gamerae,</span> <span class='ocrx_word' id='word_1_83' title='bbox 512 2067 657 2117; x_wconf 87' lang='lat' dir='ltr'>necnon</span> <span class='ocrx_word' id='word_1_84' title='bbox 686 2044 761 2116; x_wconf 90' lang='lat' dir='ltr'><em>duo</em></span> <span class='ocrx_word' id='word_1_85' title='bbox 789 2041 949 2124; x_wconf 87' lang='lat' dir='ltr'><em>Vicario,</em></span> <span class='ocrx_word' id='word_1_86' title='bbox 979 2057 1018 2114; x_wconf 93' lang='lat' dir='ltr'><em>et</em></span> <span class='ocrx_word' id='word_1_87' title='bbox 1050 2041 1162 2116; x_wconf 88' lang='lat' dir='ltr'><em>etiam</em></span> <span class='ocrx_word' id='word_1_88' title='bbox 1199 2041 1275 2115; x_wconf 93' lang='lat' dir='ltr'><em>duo</em></span> <span class='ocrx_word' id='word_1_89' title='bbox 1312 2039 1576 2126; x_wconf 86' lang='lat' dir='ltr'>Gubernatori,</span> <span class='ocrx_word' id='word_1_90' title='bbox 1614 2064 1658 2113; x_wconf 91' lang='lat' dir='ltr'><em>ac</em></span> 
     </span>
     <span class='ocr_line' id='line_1_13' title="bbox 248 2165 1659 2262; baseline 0.001 -24"><span class='ocrx_word' id='word_1_91' title='bbox 248 2169 396 2242; x_wconf 75' lang='lat' dir='ltr'>«trium</span> <span class='ocrx_word' id='word_1_92' title='bbox 425 2169 610 2255; x_wconf 88' lang='lat' dir='ltr'>Auditori,</span> <span class='ocrx_word' id='word_1_93' title='bbox 632 2185 672 2242; x_wconf 88' lang='lat' dir='ltr'><em>et</em></span> <span class='ocrx_word' id='word_1_94' title='bbox 699 2167 868 2242; x_wconf 89' lang='lat' dir='ltr'><em>similiter</em></span> <span class='ocrx_word' id='word_1_95' title='bbox 895 2167 965 2241; x_wconf 87' lang='lat' dir='ltr'>tria</span> <span class='ocrx_word' id='word_1_96' title='bbox 994 2167 1167 2240; x_wconf 88' lang='lat' dir='ltr'><em>Senatori</em></span> <span class='ocrx_word' id='word_1_97' title='bbox 1193 2165 1380 2262; x_wconf 84' lang='lat' dir='ltr'><em>praelatis,</em></span> <span class='ocrx_word' id='word_1_98' title='bbox 1406 2165 1659 2262; x_wconf 80' lang='lat' dir='ltr'><em>duodecimque</em></span> 
     </span>
     <span class='ocr_line' id='line_1_14' title="bbox 249 2291 1659 2393; baseline -0.001 -29"><span class='ocrx_word' id='word_1_99' title='bbox 249 2291 400 2366; x_wconf 81' lang='lat' dir='ltr'><em>«Sacri</em></span> <span class='ocrx_word' id='word_1_100' title='bbox 424 2293 571 2366; x_wconf 79' lang='lat' dir='ltr'><em>Palatii</em></span> <span class='ocrx_word' id='word_1_101' title='bbox 595 2294 800 2393; x_wconf 82' lang='lat' dir='ltr'><em>Apostolz&#39;cz&#39;</em></span> <span class='ocrx_word' id='word_1_102' title='bbox 823 2316 1022 2366; x_wconf 82' lang='lat' dir='ltr'><em>causarum</em></span> <span class='ocrx_word' id='word_1_103' title='bbox 1050 2291 1293 2365; x_wconf 79' lang='lat' dir='ltr'><em>Auditaribns</em></span> <span class='ocrx_word' id='word_1_104' title='bbox 1312 2303 1389 2390; x_wconf 79' lang='lat' dir='ltr'><em>pro</em></span> <span class='ocrx_word' id='word_1_105' title='bbox 1407 2300 1564 2389; x_wconf 79' lang='lat' dir='ltr'><em>tempore</em></span> <span class='ocrx_word' id='word_1_106' title='bbox 1582 2291 1659 2363; x_wconf 81' lang='lat' dir='ltr'><em>exi·</em></span> 
     </span>
     <span class='ocr_line' id='line_1_15' title="bbox 249 2416 1658 2518; baseline -0.001 -27"><span class='ocrx_word' id='word_1_107' title='bbox 249 2419 466 2505; x_wconf 65' lang='lat' dir='ltr'><em>«stennius,</em></span> <span class='ocrx_word' id='word_1_108' title='bbox 491 2420 617 2516; x_wconf 75' lang='lat' dir='ltr'><em>gratis</em></span> <span class='ocrx_word' id='word_1_109' title='bbox 653 2427 687 2490; x_wconf 83' lang='lat' dir='ltr'><em>et</em></span> <span class='ocrx_word' id='word_1_110' title='bbox 718 2418 849 2518; x_wconf 86' lang='lat' dir='ltr'><em>absque</em></span> <span class='ocrx_word' id='word_1_111' title='bbox 882 2419 1010 2516; x_wconf 66' lang='lat' dir='ltr'><em>altana</em></span> <span class='ocrx_word' id='word_1_112' title='bbox 1030 2417 1277 2515; x_wconf 82' lang='lat' dir='ltr'><em>pecuniarum</em></span> <span class='ocrx_word' id='word_1_113' title='bbox 1303 2416 1476 2490; x_wconf 81' lang='lat' dir='ltr'><em>solutione</em></span> <span class='ocrx_word' id='word_1_114' title='bbox 1503 2431 1542 2489; x_wconf 91' lang='lat' dir='ltr'><em>ct</em></span> <span class='ocrx_word' id='word_1_115' title='bbox 1570 2439 1658 2490; x_wconf 89' lang='lat' dir='ltr'><em>exa·</em></span> 
     </span>
     <span class='ocr_line' id='line_1_16' title="bbox 249 2543 466 2616; baseline 0.014 -3"><span class='ocrx_word' id='word_1_116' title='bbox 249 2543 466 2616; x_wconf 76' lang='lat' dir='ltr'><em>«ctione».</em></span> 
     </span>
     <span class='ocr_line' id='line_1_17' title="bbox 251 2665 1659 2762; baseline -0.001 -21"><span class='ocrx_word' id='word_1_117' title='bbox 251 2669 429 2742; x_wconf 80' lang='lat' dir='ltr'>&lt;Datum</span> <span class='ocrx_word' id='word_1_118' title='bbox 459 2670 653 2744; x_wconf 92' lang='lat' dir='ltr'><em>Romae...</em></span> <span class='ocrx_word' id='word_1_119' title='bbox 682 2693 783 2743; x_wconf 87' lang='lat' dir='ltr'><em>anno</em></span> <span class='ocrx_word' id='word_1_120' title='bbox 818 2671 927 2760; x_wconf 87' lang='lat'>1589,</span> <span class='ocrx_word' id='word_1_121' title='bbox 959 2691 1059 2742; x_wconf 91' lang='lat' dir='ltr'><em>nono</em></span> <span class='ocrx_word' id='word_1_122' title='bbox 1087 2666 1158 2742; x_wconf 88' lang='lat' dir='ltr'><em>kal.</em></span> <span class='ocrx_word' id='word_1_123' title='bbox 1197 2666 1383 2754; x_wconf 85' lang='lat' dir='ltr'><em>februarii,</em></span> <span class='ocrx_word' id='word_1_124' title='bbox 1420 2665 1659 2762; x_wconf 86' lang='lat' dir='ltr'><em>pontificatus</em></span> 
     </span>
     <span class='ocr_line' id='line_1_18' title="bbox 168 2793 667 2890; baseline 0.01 -28"><span class='ocrx_word' id='word_1_125' title='bbox 168 2793 323 2866; x_wconf 76' lang='lat' dir='ltr'><em>«nostri</em></span> <span class='ocrx_word' id='word_1_126' title='bbox 350 2816 449 2867; x_wconf 89' lang='lat' dir='ltr'><em>anno</em></span> <span class='ocrx_word' id='word_1_127' title='bbox 477 2809 612 2890; x_wconf 87' lang='lat' dir='ltr'>quarto</span> <span class='ocrx_word' id='word_1_128' title='bbox 631 2821 667 2867; x_wconf 85' lang='lat'><em>».</em></span> 
     </span>
    </p>
   </div>
   <div class='ocr_carea' id='block_1_3' title="bbox 243 2945 1270 3022">
    <p class='ocr_par' dir='ltr' id='par_1_3' title="bbox 243 2945 1270 3022">
     <span class='ocr_line' id='line_1_19' title="bbox 243 2945 1270 3022; baseline -0.005 -13"><span class='ocrx_word' id='word_1_129' title='bbox 243 2950 357 3019; x_wconf 76' lang='lat' dir='ltr'><em>(Aaou.</em></span> <span class='ocrx_word' id='word_1_130' title='bbox 376 2949 463 3022; x_wconf 75' lang='lat' dir='ltr'><em>Ros,</em></span> <span class='ocrx_word' id='word_1_131' title='bbox 487 2949 704 3021; x_wconf 81' lang='lat' dir='ltr'><em>‹Prc&#39;to&#39;legc&#39;a</em></span> <span class='ocrx_word' id='word_1_132' title='bbox 717 2974 743 3022; x_wconf 82' lang='lat'><em>›,</em></span> <span class='ocrx_word' id='word_1_133' title='bbox 762 2953 839 3006; x_wconf 79' lang='lat' dir='ltr'><em>tone.</em></span> <span class='ocrx_word' id='word_1_134' title='bbox 858 2947 885 3020; x_wconf 88' lang='lat' dir='ltr'><em>I,</em></span> <span class='ocrx_word' id='word_1_135' title='bbox 901 2953 988 3022; x_wconf 82' lang='lat' dir='ltr'><em>part.</em></span> <span class='ocrx_word' id='word_1_136' title='bbox 1007 2947 1030 3010; x_wconf 88' lang='lat' dir='ltr'><em>l,</em></span> <span class='ocrx_word' id='word_1_137' title='bbox 1051 2964 1084 3005; x_wconf 92' lang='lat' dir='ltr'><em>n.</em></span> <span class='ocrx_word' id='word_1_138' title='bbox 1105 2945 1270 3016; x_wconf 69' lang='lat' dir='ltr'><em>XXXIX).</em></span> 
     </span>
    </p>
   </div>
   <div class='ocr_carea' id='block_1_4' title="bbox 873 3219 959 3296">
    <p class='ocr_par' dir='ltr' id='par_1_4' title="bbox 873 3219 959 3296">
     <span class='ocr_line' id='line_1_20' title="bbox 873 3219 959 3296; baseline -0.012 0"><span class='ocrx_word' id='word_1_139' title='bbox 873 3219 959 3296; x_wconf 82' lang='grc'><strong>174.</strong></span> 
     </span>
    </p>
   </div>
   <div class='ocr_carea' id='block_1_5' title="bbox 163 3359 1659 3706">
    <p class='ocr_par' dir='ltr' id='par_1_5' title="bbox 163 3359 1659 3706">
     <span class='ocr_line' id='line_1_21' title="bbox 163 3359 1659 3462; baseline -0.003 -24"><span class='ocrx_word' id='word_1_140' title='bbox 163 3363 257 3438; x_wconf 82' lang='lat' dir='ltr'><em>Cum</em></span> <span class='ocrx_word' id='word_1_141' title='bbox 283 3364 497 3438; x_wconf 81' lang='lat' dir='ltr'><em>ordenatum</em></span> <span class='ocrx_word' id='word_1_142' title='bbox 512 3365 653 3458; x_wconf 73' lang='lat' dir='ltr'><em>flasset</em></span> <span class='ocrx_word' id='word_1_143' title='bbox 673 3362 900 3462; x_wconf 76' lang='lat' dir='ltr'><em>processioni</em></span> <span class='ocrx_word' id='word_1_144' title='bbox 928 3362 1079 3436; x_wconf 84' lang='lat' dir='ltr'><em>iubz&#39;loei</em></span> <span class='ocrx_word' id='word_1_145' title='bbox 1109 3363 1204 3436; x_wconf 79' lang='lat' dir='ltr'><em>anni</em></span> <span class='ocrx_word' id='word_1_146' title='bbox 1231 3362 1326 3459; x_wconf 79' lang='lat'><em>1589</em></span> <span class='ocrx_word' id='word_1_147' title='bbox 1364 3387 1485 3434; x_wconf 88' lang='lat' dir='ltr'><em>omnes</em></span> <span class='ocrx_word' id='word_1_148' title='bbox 1524 3359 1659 3434; x_wconf 74' lang='lat' dir='ltr'><em>conae</em></span> 
     </span>
     <span class='ocr_line' id='line_1_22' title="bbox 243 3483 1659 3575; baseline -0.004 -11"><span class='ocrx_word' id='word_1_149' title='bbox 243 3488 439 3564; x_wconf 82' lang='lat' dir='ltr'><em>Praelatos</em></span> <span class='ocrx_word' id='word_1_150' title='bbox 465 3489 636 3562; x_wconf 68' lang='lat' dir='ltr'><em>narasse</em></span> <span class='ocrx_word' id='word_1_151' title='bbox 663 3487 797 3575; x_wconf 83' lang='lat' dir='ltr'><em>debere,</em></span> <span class='ocrx_word' id='word_1_152' title='bbox 828 3487 1029 3562; x_wconf 81' lang='lat' dir='ltr'><em>Auditorcs</em></span> <span class='ocrx_word' id='word_1_153' title='bbox 1056 3487 1174 3562; x_wconf 81' lang='lat' dir='ltr'><em>Rotae</em></span> <span class='ocrx_word' id='word_1_154' title='bbox 1200 3485 1313 3560; x_wconf 78' lang='lat' dir='ltr'><em>ecdem</em></span> <span class='ocrx_word' id='word_1_155' title='bbox 1331 3486 1515 3560; x_wconf 71' lang='lat' dir='ltr'><em>incursant</em></span> <span class='ocrx_word' id='word_1_156' title='bbox 1530 3493 1566 3558; x_wconf 84' lang='lat' dir='ltr'><em>et</em></span> <span class='ocrx_word' id='word_1_157' title='bbox 1580 3483 1659 3560; x_wconf 81' lang='lat' dir='ltr'><em>adeo</em></span> 
     </span>
     <span class='ocr_line' id='line_1_23' title="bbox 241 3613 704 3706; baseline 0.004 -20"><span class='ocrx_word' id='word_1_158' title='bbox 241 3613 417 3706; x_wconf 82' lang='lat' dir='ltr'><em>nonfuit</em></span> <span class='ocrx_word' id='word_1_159' title='bbox 442 3613 567 3688; x_wconf 71' lang='lat' dir='ltr'><em>babela</em></span> <span class='ocrx_word' id='word_1_160' title='bbox 595 3614 704 3688; x_wconf 80' lang='lat' dir='ltr'><em>Rota.</em></span> 
     </span>
    </p>
   </div>
   <div class='ocr_carea' id='block_1_6' title="bbox 241 3766 1121 3840">
    <p class='ocr_par' dir='ltr' id='par_1_6' title="bbox 241 3766 1121 3840">
     <span class='ocr_line' id='line_1_24' title="bbox 241 3766 1121 3840; baseline -0.003 -13"><span class='ocrx_word' id='word_1_161' title='bbox 241 3769 356 3840; x_wconf 71' lang='lat' dir='ltr'><em>(Arcu.</em></span> <span class='ocrx_word' id='word_1_162' title='bbox 375 3767 463 3840; x_wconf 72' lang='lat' dir='ltr'><em>Ros,</em></span> <span class='ocrx_word' id='word_1_163' title='bbox 487 3766 709 3826; x_wconf 80' lang='lat' dir='ltr'><em>«Extractum</em></span> <span class='ocrx_word' id='word_1_164' title='bbox 728 3766 849 3826; x_wconf 76' lang='lat' dir='ltr'><em>Dcaris&#39;</em></span> <span class='ocrx_word' id='word_1_165' title='bbox 864 3766 980 3825; x_wconf 77' lang='lat' dir='ltr'><em>Penne</em></span> <span class='ocrx_word' id='word_1_166' title='bbox 991 3791 1017 3836; x_wconf 81' lang='lat'><em>›,</em></span> <span class='ocrx_word' id='word_1_167' title='bbox 1037 3767 1058 3824; x_wconf 83' lang='lat' dir='ltr'><em>l.</em></span> <span class='ocrx_word' id='word_1_168' title='bbox 1076 3771 1121 3834; x_wconf 81' lang='lat' dir='ltr'><em>a).</em></span> 
     </span>
    </p>
   </div>
   <div class='ocr_carea' id='block_1_7' title="bbox 655 3949 1166 4046">
    <p class='ocr_par' dir='ltr' id='par_1_7' title="bbox 655 3949 1166 4046">
     <span class='ocr_line' id='line_1_25' title="bbox 655 3949 1166 4046; baseline -0.002 -23"><span class='ocrx_word' id='word_1_169' title='bbox 655 3950 729 4024; x_wconf 90' lang='lat' dir='ltr'><em>Die</em></span> <span class='ocrx_word' id='word_1_170' title='bbox 758 3975 783 4042; x_wconf 91' lang='lat'>4</span> <span class='ocrx_word' id='word_1_171' title='bbox 811 3949 1022 4023; x_wconf 85' lang='lat' dir='ltr'><em>decembris</em></span> <span class='ocrx_word' id='word_1_172' title='bbox 1057 3951 1166 4046; x_wconf 86' lang='lat'><strong>1589.</strong></span> 
     </span>
    </p>
   </div>
   <div class='ocr_carea' id='block_1_8' title="bbox 154 4106 1664 5458">
    <p class='ocr_par' dir='ltr' id='par_1_8' title="bbox 154 4106 1664 5458">
     <span class='ocr_line' id='line_1_26' title="bbox 245 4106 1661 4206; baseline -0.004 -18"><span class='ocrx_word' id='word_1_173' title='bbox 245 4112 432 4188; x_wconf 85' lang='lat' dir='ltr'><em>Habenda</em></span> <span class='ocrx_word' id='word_1_174' title='bbox 460 4112 580 4187; x_wconf 84' lang='lat' dir='ltr'><em>iuerat</em></span> <span class='ocrx_word' id='word_1_175' title='bbox 609 4112 719 4196; x_wconf 88' lang='lat' dir='ltr'>Rota,</span> <span class='ocrx_word' id='word_1_176' title='bbox 748 4112 818 4185; x_wconf 89' lang='lat' dir='ltr'><em>sed</em></span> <span class='ocrx_word' id='word_1_177' title='bbox 846 4111 934 4206; x_wconf 90' lang='lat' dir='ltr'>quia</span> <span class='ocrx_word' id='word_1_178' title='bbox 961 4109 999 4186; x_wconf 91' lang='lat' dir='ltr'><em>S.</em></span> <span class='ocrx_word' id='word_1_179' title='bbox 1031 4109 1080 4183; x_wconf 94' lang='lat' dir='ltr'><em>D.</em></span> <span class='ocrx_word' id='word_1_180' title='bbox 1102 4111 1147 4184; x_wconf 94' lang='lat' dir='ltr'><em>N.</em></span> <span class='ocrx_word' id='word_1_181' title='bbox 1170 4108 1297 4184; x_wconf 87' lang='lat' dir='ltr'><em>Sixtus</em></span> <span class='ocrx_word' id='word_1_182' title='bbox 1317 4107 1419 4205; x_wconf 88' lang='lat' dir='ltr'><em>Papa</em></span> <span class='ocrx_word' id='word_1_183' title='bbox 1439 4106 1473 4178; x_wconf 90' lang='lat' dir='ltr'>V</span> <span class='ocrx_word' id='word_1_184' title='bbox 1494 4106 1661 4182; x_wconf 85' lang='lat' dir='ltr'><em>solemne</em></span> 
     </span>
     <span class='ocr_line' id='line_1_27' title="bbox 158 4232 1661 4336; baseline -0.005 -22"><span class='ocrx_word' id='word_1_185' title='bbox 158 4239 419 4336; x_wconf 82' lang='lat' dir='ltr'>publicaverat</span> <span class='ocrx_word' id='word_1_186' title='bbox 445 4237 623 4311; x_wconf 89' lang='lat' dir='ltr'><em>lubileum</em></span> <span class='ocrx_word' id='word_1_187' title='bbox 659 4237 709 4310; x_wconf 88' lang='lat' dir='ltr'><em>ad</em></span> <span class='ocrx_word' id='word_1_188' title='bbox 745 4235 1016 4332; x_wconf 86' lang='lat' dir='ltr'><em>implorandam</em></span> <span class='ocrx_word' id='word_1_189' title='bbox 1044 4234 1218 4308; x_wconf 88' lang='lat' dir='ltr'>Divinam</span> <span class='ocrx_word' id='word_1_190' title='bbox 1259 4232 1550 4308; x_wconf 87' lang='lat' dir='ltr'><em>misericordiam</em></span> <span class='ocrx_word' id='word_1_191' title='bbox 1592 4256 1661 4330; x_wconf 88' lang='lat' dir='ltr'><em>pro</em></span> 
     </span>
     <span class='ocr_line' id='line_1_28' title="bbox 154 4355 1663 4458; baseline -0.005 -20"><span class='ocrx_word' id='word_1_192' title='bbox 154 4361 301 4438; x_wconf 85' lang='lat' dir='ltr'><em>afflicto</em></span> <span class='ocrx_word' id='word_1_193' title='bbox 329 4362 464 4458; x_wconf 89' lang='lat' dir='ltr'><em>Regno</em></span> <span class='ocrx_word' id='word_1_194' title='bbox 493 4359 638 4434; x_wconf 88' lang='lat' dir='ltr'><em>Galliae</em></span> <span class='ocrx_word' id='word_1_195' title='bbox 657 4361 706 4434; x_wconf 89' lang='lat' dir='ltr'><em>ab</em></span> <span class='ocrx_word' id='word_1_196' title='bbox 728 4357 961 4434; x_wconf 87' lang='lat' dir='ltr'><em>Haeresibus</em></span> <span class='ocrx_word' id='word_1_197' title='bbox 979 4358 1202 4432; x_wconf 85' lang='lat' dir='ltr'><em>vindicando</em></span> <span class='ocrx_word' id='word_1_198' title='bbox 1221 4358 1325 4453; x_wconf 91' lang='lat' dir='ltr'><em>quod</em></span> <span class='ocrx_word' id='word_1_199' title='bbox 1344 4357 1520 4450; x_wconf 89' lang='lat' dir='ltr'><em>Princeps</em></span> <span class='ocrx_word' id='word_1_200' title='bbox 1542 4355 1663 4430; x_wconf 86' lang='lat' dir='ltr'><em>Beao·</em></span> 
     </span>
     <span class='ocr_line' id='line_1_29' title="bbox 158 4482 1661 4584; baseline -0.005 -24"><span class='ocrx_word' id='word_1_201' title='bbox 158 4487 315 4570; x_wconf 88' lang='lat' dir='ltr'><em>mensis,</em></span> <span class='ocrx_word' id='word_1_202' title='bbox 355 4485 470 4584; x_wconf 85' lang='lat' dir='ltr'><em>vulgo</em></span> <span class='ocrx_word' id='word_1_203' title='bbox 505 4484 629 4560; x_wconf 90' lang='lat' dir='ltr'><em>dictus</em></span> <span class='ocrx_word' id='word_1_204' title='bbox 666 4485 749 4558; x_wconf 87' lang='lat' dir='ltr'><em>Rex</em></span> <span class='ocrx_word' id='word_1_205' title='bbox 787 4483 990 4570; x_wconf 87' lang='lat' dir='ltr'><em>Navarrae,</em></span> <span class='ocrx_word' id='word_1_206' title='bbox 1022 4508 1205 4580; x_wconf 87' lang='lat' dir='ltr'><em>usurpare</em></span> <span class='ocrx_word' id='word_1_207' title='bbox 1242 4483 1355 4556; x_wconf 87' lang='lat' dir='ltr'><em>armis</em></span> <span class='ocrx_word' id='word_1_208' title='bbox 1391 4482 1492 4555; x_wconf 94' lang='lat' dir='ltr'><em>omni</em></span> <span class='ocrx_word' id='word_1_209' title='bbox 1526 4494 1661 4554; x_wconf 88' lang='lat' dir='ltr'><em>conatu</em></span> 
     </span>
     <span class='ocr_line' id='line_1_30' title="bbox 160 4605 1662 4704; baseline -0.004 -18"><span class='ocrx_word' id='word_1_210' title='bbox 160 4613 347 4694; x_wconf 85' lang='lat' dir='ltr'><em>tentabat,</em></span> <span class='ocrx_word' id='word_1_211' title='bbox 384 4635 468 4686; x_wconf 92' lang='lat' dir='ltr'><em>cum</em></span> <span class='ocrx_word' id='word_1_212' title='bbox 504 4625 609 4684; x_wconf 89' lang='lat' dir='ltr'><em>esset</em></span> <span class='ocrx_word' id='word_1_213' title='bbox 641 4610 691 4684; x_wconf 89' lang='lat' dir='ltr'><em>ab</em></span> <span class='ocrx_word' id='word_1_214' title='bbox 729 4607 897 4684; x_wconf 84' lang='lat' dir='ltr'><em>Ecclesia</em></span> <span class='ocrx_word' id='word_1_215' title='bbox 936 4608 1161 4682; x_wconf 89' lang='lat' dir='ltr'><em>Haereticus</em></span> <span class='ocrx_word' id='word_1_216' title='bbox 1197 4605 1421 4692; x_wconf 88' lang='lat' dir='ltr'><em>declaratus,</em></span> <span class='ocrx_word' id='word_1_217' title='bbox 1450 4621 1490 4681; x_wconf 88' lang='lat' dir='ltr'><em>et</em></span> <span class='ocrx_word' id='word_1_218' title='bbox 1527 4607 1662 4704; x_wconf 81' lang='lat' dir='ltr'><em>Regno</em></span> 
     </span>
     <span class='ocr_line' id='line_1_31' title="bbox 157 4729 1662 4834; baseline -0.005 -24"><span class='ocrx_word' id='word_1_219' title='bbox 157 4737 341 4834; x_wconf 87' lang='lat' dir='ltr'><em>privatus,</em></span> <span class='ocrx_word' id='word_1_220' title='bbox 371 4737 473 4809; x_wconf 89' lang='lat' dir='ltr'><em>etin</em></span> <span class='ocrx_word' id='word_1_221' title='bbox 501 4735 641 4810; x_wconf 89' lang='lat' dir='ltr'><em>lubileo</em></span> <span class='ocrx_word' id='word_1_222' title='bbox 668 4749 772 4808; x_wconf 89' lang='lat' dir='ltr'><em>esset</em></span> <span class='ocrx_word' id='word_1_223' title='bbox 798 4733 1010 4808; x_wconf 88' lang='lat' dir='ltr'><em>ordinatum</em></span> <span class='ocrx_word' id='word_1_224' title='bbox 1038 4732 1142 4828; x_wconf 88' lang='lat' dir='ltr'><em>quod</em></span> <span class='ocrx_word' id='word_1_225' title='bbox 1169 4755 1300 4808; x_wconf 86' lang='lat' dir='ltr'><em>omnes</em></span> <span class='ocrx_word' id='word_1_226' title='bbox 1329 4730 1466 4805; x_wconf 89' lang='lat' dir='ltr'><em>Curiae</em></span> <span class='ocrx_word' id='word_1_227' title='bbox 1504 4729 1662 4804; x_wconf 89' lang='lat' dir='ltr'><em>Praelati</em></span> 
     </span>
     <span class='ocr_line' id='line_1_32' title="bbox 159 4853 1663 4946; baseline -0.005 -12"><span class='ocrx_word' id='word_1_228' title='bbox 159 4860 440 4946; x_wconf 87' lang='lat' dir='ltr'>comitarentur,</span> <span class='ocrx_word' id='word_1_229' title='bbox 470 4861 556 4934; x_wconf 90' lang='lat' dir='ltr'><em>ideo</em></span> <span class='ocrx_word' id='word_1_230' title='bbox 575 4885 651 4935; x_wconf 91' lang='lat' dir='ltr'><em>non</em></span> <span class='ocrx_word' id='word_1_231' title='bbox 678 4860 745 4934; x_wconf 83' lang='lat' dir='ltr'><em>luit</em></span> <span class='ocrx_word' id='word_1_232' title='bbox 764 4859 891 4934; x_wconf 87' lang='lat' dir='ltr'>habita</span> <span class='ocrx_word' id='word_1_233' title='bbox 911 4858 1022 4934; x_wconf 88' lang='lat' dir='ltr'><em>Rota.</em></span> <span class='ocrx_word' id='word_1_234' title='bbox 1044 4858 1190 4932; x_wconf 87' lang='lat' dir='ltr'><em>Omnes</em></span> <span class='ocrx_word' id='word_1_235' title='bbox 1211 4854 1432 4932; x_wconf 87' lang='lat' dir='ltr'><em>Cardinales</em></span> <span class='ocrx_word' id='word_1_236' title='bbox 1446 4871 1486 4929; x_wconf 90' lang='lat' dir='ltr'><em>et</em></span> <span class='ocrx_word' id='word_1_237' title='bbox 1504 4853 1663 4929; x_wconf 88' lang='lat' dir='ltr'><em>Praelati</em></span> 
     </span>
     <span class='ocr_line' id='line_1_33' title="bbox 160 4980 1661 5084; baseline -0.005 -24"><span class='ocrx_word' id='word_1_238' title='bbox 160 4987 385 5084; x_wconf 86' lang='lat' dir='ltr'><em>congregati</em></span> <span class='ocrx_word' id='word_1_239' title='bbox 412 4987 563 5060; x_wconf 83' lang='lat' dir='ltr'><em>suerunt</em></span> <span class='ocrx_word' id='word_1_240' title='bbox 590 4987 626 5059; x_wconf 93' lang='lat' dir='ltr'><em>in</em></span> <span class='ocrx_word' id='word_1_241' title='bbox 655 4984 823 5060; x_wconf 86' lang='lat' dir='ltr'><em>Ecclesia</em></span> <span class='ocrx_word' id='word_1_242' title='bbox 850 4983 889 5059; x_wconf 88' lang='lat' dir='ltr'><em>S.</em></span> <span class='ocrx_word' id='word_1_243' title='bbox 911 4983 1126 5070; x_wconf 85' lang='lat' dir='ltr'><em>Susannae;</em></span> <span class='ocrx_word' id='word_1_244' title='bbox 1155 4983 1205 5058; x_wconf 87' lang='lat' dir='ltr'><em>ad</em></span> <span class='ocrx_word' id='word_1_245' title='bbox 1222 4981 1394 5056; x_wconf 89' lang='lat' dir='ltr'><em>eamdem</em></span> <span class='ocrx_word' id='word_1_246' title='bbox 1420 4980 1521 5054; x_wconf 88' lang='lat' dir='ltr'><em>venit</em></span> <span class='ocrx_word' id='word_1_247' title='bbox 1540 4980 1661 5076; x_wconf 84' lang='lat' dir='ltr'><em>Papa;</em></span> 
     </span>
     <span class='ocr_line' id='line_1_34' title="bbox 163 5105 1663 5206; baseline -0.003 -22"><span class='ocrx_word' id='word_1_248' title='bbox 163 5136 255 5185; x_wconf 86' lang='lat' dir='ltr'><em>mox</em></span> <span class='ocrx_word' id='word_1_249' title='bbox 281 5111 440 5206; x_wconf 87' lang='lat' dir='ltr'><em>pedibus</em></span> <span class='ocrx_word' id='word_1_250' title='bbox 468 5111 561 5186; x_wconf 90' lang='lat' dir='ltr'>itum</span> <span class='ocrx_word' id='word_1_251' title='bbox 579 5110 708 5186; x_wconf 88' lang='lat' dir='ltr'><em>estad</em></span> <span class='ocrx_word' id='word_1_252' title='bbox 727 5109 933 5184; x_wconf 84' lang='lat' dir='ltr'><em>Ecclesiam</em></span> <span class='ocrx_word' id='word_1_253' title='bbox 961 5109 998 5184; x_wconf 89' lang='lat' dir='ltr'><em>S.</em></span> <span class='ocrx_word' id='word_1_254' title='bbox 1022 5108 1167 5182; x_wconf 87' lang='lat' dir='ltr'><em>Mariae</em></span> <span class='ocrx_word' id='word_1_255' title='bbox 1186 5106 1353 5182; x_wconf 87' lang='lat' dir='ltr'><em>Maioris.</em></span> <span class='ocrx_word' id='word_1_256' title='bbox 1383 5105 1485 5202; x_wconf 88' lang='lat' dir='ltr'><em>Papa</em></span> <span class='ocrx_word' id='word_1_257' title='bbox 1510 5127 1663 5202; x_wconf 88' lang='lat' dir='ltr'><em>quoque</em></span> 
     </span>
     <span class='ocr_line' id='line_1_35' title="bbox 159 5228 1664 5334; baseline -0.003 -26"><span class='ocrx_word' id='word_1_258' title='bbox 159 5235 323 5334; x_wconf 88' lang='lat' dir='ltr'><em>pedibus</em></span> <span class='ocrx_word' id='word_1_259' title='bbox 351 5237 417 5312; x_wconf 92' lang='lat' dir='ltr'>ivit</span> <span class='ocrx_word' id='word_1_260' title='bbox 444 5237 479 5310; x_wconf 93' lang='lat' dir='ltr'><em>in</em></span> <span class='ocrx_word' id='word_1_261' title='bbox 498 5236 740 5332; x_wconf 86' lang='lat' dir='ltr'><em>processione</em></span> <span class='ocrx_word' id='word_1_262' title='bbox 758 5235 809 5310; x_wconf 88' lang='lat' dir='ltr'><em>ad</em></span> <span class='ocrx_word' id='word_1_263' title='bbox 829 5235 867 5310; x_wconf 78' lang='lat' dir='ltr'><em>S.</em></span> <span class='ocrx_word' id='word_1_264' title='bbox 888 5233 1046 5308; x_wconf 86' lang='lat' dir='ltr'><em>Mariam</em></span> <span class='ocrx_word' id='word_1_265' title='bbox 1066 5232 1249 5306; x_wconf 87' lang='lat' dir='ltr'><em>Maiorem</em></span> <span class='ocrx_word' id='word_1_266' title='bbox 1269 5231 1331 5306; x_wconf 89' lang='lat' dir='ltr'><em>ubi</em></span> <span class='ocrx_word' id='word_1_267' title='bbox 1350 5230 1469 5306; x_wconf 85' lang='lat' dir='ltr'><em>Missa</em></span> <span class='ocrx_word' id='word_1_268' title='bbox 1487 5228 1664 5304; x_wconf 88' lang='lat' dir='ltr'><em>solemnis</em></span> 
     </span>
     <span class='ocr_line' id='line_1_36' title="bbox 159 5355 1474 5458; baseline -0.008 -18"><span class='ocrx_word' id='word_1_269' title='bbox 159 5363 292 5440; x_wconf 88' lang='lat' dir='ltr'><em>audita</em></span> <span class='ocrx_word' id='word_1_270' title='bbox 319 5377 379 5438; x_wconf 86' lang='lat' dir='ltr'><em>est</em></span> <span class='ocrx_word' id='word_1_271' title='bbox 407 5387 430 5436; x_wconf 88' lang='lat' dir='ltr'><em>a</em></span> <span class='ocrx_word' id='word_1_272' title='bbox 458 5361 561 5458; x_wconf 88' lang='lat' dir='ltr'><em>Papa</em></span> <span class='ocrx_word' id='word_1_273' title='bbox 588 5377 629 5434; x_wconf 89' lang='lat' dir='ltr'><em>et</em></span> <span class='ocrx_word' id='word_1_274' title='bbox 656 5359 933 5446; x_wconf 86' lang='lat' dir='ltr'><em>Cardinalibus;</em></span> <span class='ocrx_word' id='word_1_275' title='bbox 961 5373 1001 5432; x_wconf 91' lang='lat' dir='ltr'><em>et</em></span> <span class='ocrx_word' id='word_1_276' title='bbox 1029 5357 1225 5432; x_wconf 86' lang='lat' dir='ltr'><em>Processio</em></span> <span class='ocrx_word' id='word_1_277' title='bbox 1252 5355 1376 5430; x_wconf 85' lang='lat' dir='ltr'><em>soluta</em></span> <span class='ocrx_word' id='word_1_278' title='bbox 1404 5369 1474 5430; x_wconf 91' lang='lat' dir='ltr'><em>est.</em></span> 
     </span>
    </p>
   </div>
   <div class='ocr_carea' id='block_1_9' title="bbox 0 0 1889 5914">
    <p class='ocr_par' dir='ltr' id='par_1_9' title="bbox 0 0 1889 5914">
     <span class='ocr_line' id='line_1_37' title="bbox 0 0 1889 5914; baseline 0 0"><span class='ocrx_word' id='word_1_279' title='bbox 0 0 1889 5914; x_wconf 95' lang='lat' dir='ltr'><em> </em></span> 
     </span>
    </p>
   </div>
  </div>
 </body>
</html>
