3720 5914
773 317 867 376 erto
886 315 909 374 I
913 315 938 374 V
1552 318 1608 378 193

104 511 183 608 qui,
214 512 265 586 ad
297 511 415 586 instar
449 512 606 587 aliorum
644 511 747 586 sedis
784 511 950 607 predicte
981 511 1201 599 officialium,
1233 511 1444 611 Collegium
1471 516 1609 589 consti·
1695 589 1702 614 ,

104 651 227 722 tuant,
258 639 309 710 ita
337 637 452 732 quod,
484 634 804 732 quemadmodum
841 652 1062 711 consuetum
1099 653 1170 718 est,
1201 661 1327 711 coram
1364 639 1534 734 quolibet
1560 665 1608 716 ex

104 761 357 846 Auditoribus
383 775 422 836 et
450 741 768 836 Locatenentibus
801 759 1025 870 supradictis
1062 776 1226 857 quatuor
1263 761 1409 836 Notarii
1444 763 1607 840 scribant

102 903 146 960 et
188 887 351 961 scribere
393 887 576 973 deb'eant;
613 885 793 982 quodque
831 886 861 958 si
902 883 999 959 ultra
1035 910 1230 960 numerum
1268 901 1451 962 statutum
1489 891 1609 964 Audi-

4 1011 8 1022 '
103 1026 231 1085 torum
267 1009 325 1084 vel
362 1009 672 1086 Locatenentium
707 1007 926 1084 eorumdem
961 1033 1031 1105 per
1056 1009 1386 1106 importunitatem,
1416 1011 1475 1086 vel
1502 1013 1605 1099 alias,

102 1133 241 1230 aliquis
268 1135 543 1221 admitteretur,
573 1157 699 1208 coram
734 1157 781 1208 eo
818 1133 963 1208 Notarii
995 1136 1201 1210 scribentes
1234 1135 1281 1209 de
1319 1137 1490 1233 predicto
1519 1136 1608 1214 Col·

103 1258 206 1356 legio
235 1259 448 1332 nullatenus
477 1274 719 1342 censeantur;
740 1257 973 1354 predictique
989 1252 1332 1356 'quadragintaocto
1362 1261 1518 1350 Notarii,
1548 1262 1607 1337 vel

101 1383 355 1480 quadraginta
375 1399 537 1478 quatuor
557 1381 605 1457 ad
624 1406 781 1478 presens
801 1383 1017 1468 existentes,
1039 1406 1198 1479 quorum
1227 1384 1377 1458 nomina
1404 1402 1444 1460 et
1470 1411 1606 1486 cogno

104 1508 206 1582 mina
233 1507 472 1604 presentibus
501 1506 631 1583 haberi
658 1507 832 1581 volumus
867 1532 936 1604 pro
973 1507 1176 1604 expressis,
1205 1523 1244 1583 et
1276 1523 1439 1604 quatuor
1466 1511 1526 1584 alii
1557 1512 1607 1585 ad

104 1631 344 1706 scribendum
364 1657 491 1708 coram
512 1632 726 1729 recipiendo
742 1631 929 1708 Auditore
948 1631 1164 1728 deputandi,
1187 1659 1272 1706 cum
1292 1656 1470 1709 numerus
1489 1635 1606 1709 Audi-

3 1741 4 1744 *
104 1771 228 1830 torum
256 1770 296 1829 et
322 1756 632 1831 Locatenentium
661 1757 882 1831 eorumdem
910 1781 1006 1831 nunc
1033 1757 1206 1832 undecim
1234 1759 1430 1834 dumtaxat
1457 1759 1604 1846 existat,

106 1879 209 1954 sedis
244 1879 413 1978 predicte
443 1881 635 1956 Officiales
662 1898 702 1955 et
730 1907 863 1955 eorum
892 1881 1013 1956 officia
1041 1897 1225 1978 perpetua
1254 1882 1347 1969 sint;
1386 1882 1456 1956 hoc
1493 1883 1606 1959 modo

100 2005 285 2090 videlicet,
315 2007 421 2103 quod
448 2005 655 2092 deficiente,
688 2005 746 2080 vel
776 2005 1045 2093 deficientibus,
1076 2005 1212 2104 aliquo,
1243 2007 1303 2081 vel
1331 2007 1528 2105 aliquibus,
1559 2035 1606 2082 ex

105 2129 358 2204 Auditoribus
391 2131 450 2206 vel
488 2131 805 2206 Locatenentibus
841 2131 888 2204 de
927 2131 1159 2207 duodenario
1200 2157 1358 2207 numero
1395 2132 1607 2208 huiusmodi

102 2277 176 2350 pro
201 2268 372 2350 tempore
399 2255 657 2341 existentibus,
689 2279 755 2329 seu
795 2255 959 2329 officium
988 2256 1184 2331 Auditoris
1212 2256 1272 2331 vel
1299 2256 1606 2332 Locumtenentis

99 2401 280 2452 exercere
308 2378 592 2476 quomodolibet
618 2377 814 2455 desinente
842 2379 901 2454 vel
930 2379 1198 2465 desinentibus,
1231 2381 1377 2456 Notarii
1396 2382 1461 2477 qui
1479 2405 1605 2456 coram
1705 2449 1709 2456 .

104 2501 172 2576 tali
198 2503 259 2576 vel
287 2503 421 2578 talibus
450 2505 613 2578 scribere
641 2519 930 2592 consueverunt,
960 2528 1087 2579 coram
1116 2505 1236 2602 primo
1265 2521 1353 2579 tunc
1370 2505 1605 2580 admittendo

105 2627 292 2704 Auditore
320 2629 483 2706 scribere
502 2629 675 2715 debeant,
697 2629 870 2726 illiusque
891 2630 1038 2704 Notarii
1060 2655 1107 2704 eo
1126 2632 1209 2727 ipso
1227 2631 1412 2718 existant;
1432 2632 1484 2705 ita
1502 2633 1605 2729 quod

104 2751 252 2826 Notarii
290 2753 410 2849 primo
438 2753 656 2828 deficientis
695 2753 890 2827 Auditoris
927 2754 987 2828 vel
1025 2754 1344 2841 Locumtenentis,
1373 2755 1481 2851 primi
1519 2771 1605 2830 tunc

102 2875 330 2950 admittendi
358 2877 504 2952 Notarii
532 2879 624 2965 sint;
653 2879 822 2952 secundo
850 2878 1072 2966 deficientis,
1103 2879 1268 2953 secundo
1296 2879 1529 2968 admittendi,
1567 2896 1607 2954 et

101 3001 155 3074 sic
185 3003 399 3077 successive
427 3003 512 3077 talis
539 3002 635 3078 ordo
671 3018 857 3100 perpetuo
887 3006 1128 3092 observetur;
1156 3029 1200 3079 ac
1233 3005 1315 3100 ipse
1350 3005 1606 3080 admittendus

101 3126 268 3202 Auditor
290 3151 358 3224 per
384 3129 539 3202 eosdem
571 3127 750 3204 Notarios
780 3129 838 3203 vel
866 3154 937 3225 pro
965 3154 1096 3203 eorum
1125 3145 1233 3227 parte
1261 3132 1476 3227 requisitus,
1502 3129 1605 3226 ipsos

101 3266 143 3324 et
171 3250 294 3325 nullos
321 3251 415 3326 alios
441 3253 555 3326 etiam
584 3253 704 3350 gratis
733 3267 772 3327 et
791 3256 937 3350 absque
955 3253 1082 3350 aliqua
1100 3253 1395 3328 contradictione
1415 3270 1455 3328 et
1472 3255 1606 3350 quavis
1665 3249 1669 3260 '

101 3376 174 3450 alia
203 3375 467 3474 solempnitate
494 3378 544 3452 ad
573 3379 810 3452 scribendum
839 3403 965 3452 coram
994 3403 1041 3453 eo
1068 3381 1105 3452 in
1133 3379 1256 3452 causis
1283 3378 1379 3452 illico
1407 3379 1606 3452 admittere

103 3516 290 3576 teneatur.
330 3500 370 3610 Si
407 3527 499 3577 vero
534 3503 697 3600 aliquem
739 3527 787 3576 ex
823 3502 1072 3577 Auditoribus
1107 3502 1166 3578 vel
1204 3504 1521 3578 Locatenentibus
1557 3504 1605 3576 de

101 3651 261 3701 numero
289 3627 505 3722 supradicto
533 3651 602 3723 per
629 3651 698 3701 nos
725 3625 785 3701 vel
813 3651 1053 3701 successores
1081 3643 1232 3702 nostros
1260 3628 1454 3702 Romanos
1483 3627 1606 3724 ponti·

98 3750 189 3824 fices
216 3767 323 3825 extra
354 3751 560 3826 Romanam
588 3752 728 3827 curiam
757 3753 863 3836 mitti,
894 3765 960 3824 aut
986 3751 1079 3826 alias
1106 3752 1229 3849 ipsum
1256 3755 1305 3826 ab
1342 3751 1474 3827 eadem
1503 3753 1604 3826 curia

98 3901 186 3950 cum
214 3875 420 3950 intentione
447 3877 497 3949 ad
526 3877 625 3950 illam
654 3878 835 3951 redeundi
863 3903 906 3952 se
933 3879 1135 3953 absentare
1162 3878 1372 3977 contigerit,
1407 3902 1603 3953 causarum

95 4001 384 4076 commissiones
412 4003 668 4077 nichilominus
697 4003 750 4077 sic
778 4005 947 4078 absentis
975 4003 1256 4091 distribuantur,
1286 4020 1325 4077 et
1351 4001 1458 4078 alteri
1487 4005 1604 4077 Audi·

100 4130 174 4202 tori
202 4126 263 4202 vel
291 4126 587 4214 Locumtenenti,
609 4128 645 4202 in
673 4128 808 4201 eadem
827 4127 928 4202 curia
947 4129 1123 4224 presenti,
1154 4153 1267 4202 cause
1295 4126 1507 4202 huiusmodi
1536 4153 1605 4224 pro

99 4255 156 4327 sic
182 4254 340 4328 absente
368 4252 404 4324 in
432 4251 563 4325 ordine
592 4277 662 4327 suo
689 4252 805 4326 veluti
832 4254 1071 4349 presentibus
1098 4252 1286 4327 audiende
1305 4269 1343 4326 et
1372 4252 1605 4327 tenninande

99 4377 393 4462 committantur,
423 4378 582 4474 ipseque
614 4379 753 4452 absens
780 4377 817 4451 in
839 4379 922 4452 eius
942 4402 1119 4476 regressu
1147 4403 1280 4452 causas
1308 4377 1408 4475 ipsas
1437 4393 1605 4452 resumat

99 4519 142 4578 et
178 4502 252 4576 fine
286 4501 413 4577 debito
446 4502 631 4587 terminet,
661 4517 703 4574 ut
737 4518 799 4576 est
830 4503 963 4591 moris;
997 4518 1037 4576 et
1063 4503 1099 4576 in
1138 4503 1276 4577 talibus
1308 4503 1431 4577 causis
1460 4501 1605 4576 Notarii

98 4626 270 4702 absentis
298 4627 493 4702 Auditoris
521 4627 684 4702 scribere
712 4627 888 4714 debeant,
918 4627 1074 4725 perinde
1101 4651 1145 4704 ac
1173 4629 1204 4702 si
1233 4627 1395 4703 Auditor
1423 4629 1502 4724 ipse
1522 4651 1605 4724 pre-

103 4777 194 4828 sens
222 4769 339 4828 esset.

182 4878 233 4952 Et
261 4902 308 4951 ne
336 4891 541 4974 propterea
569 4877 618 4951 illi
646 4879 710 4975 qui
738 4878 787 4952 de
815 4879 945 4952 officiis
979 4879 1208 4954 notariorum
1236 4878 1455 4954 eorumdem
1476 4878 1603 4975 dispo-

100 5029 192 5078 nere
206 5003 390 5077 hactenus
403 5019 682 5077 consueverunt
695 5001 841 5078 illorum
857 5004 1101 5100 dispositione
1115 5003 1344 5086 fraudentur,
1361 5003 1491 5077 autad
1505 5029 1603 5100 quos

96 5129 307 5204 officiorum
334 5126 503 5224 ipsorum
531 5127 729 5223 dispositio
756 5129 946 5226 pertinere
972 5128 1121 5214 debeat,
1142 5127 1294 5201 dubium
1313 5124 1468 5222 aliquod
1486 5127 1601 5200 insur-

100 5278 195 5351 gere
222 5250 349 5326 valeat
373 5249 411 5324 in
443 5249 620 5336 futurum,
650 5267 753 5327 motu
783 5268 822 5326 et
850 5253 1005 5326 scientia
1033 5251 1223 5337 similibus,
1251 5251 1364 5324 etiam
1399 5253 1600 5325 statuimus

100 5396 142 5454 et
169 5378 401 5462 ordinamus,
429 5377 533 5472 quod
561 5399 608 5450 ex
637 5376 793 5476 singulis
821 5393 985 5474 quatuor
1012 5375 1142 5451 olficiis
1179 5374 1409 5472 singulorum
1437 5391 1601 5470 quatuor

1486 5561 1516 5598 lt
