3720 5914
261 245 316 312 232
849 255 986 316 Saeculo
1004 255 1037 314 X
1045 255 1121 315 V-X
1130 255 1177 316 VI

261 471 342 520 rum
370 471 414 521 ac
441 447 676 545 dignitatum,
707 465 988 545 personatuum,
1017 449 1392 534 administrationum,
1422 451 1638 536 officiorum,
1668 477 1756 548 pre-

261 571 519 647 stimoniorum
547 589 586 648 et
613 571 947 668 prestimonialium
976 575 1200 671 portionum,
1221 590 1261 649 et
1280 575 1499 671 simplicium
1521 575 1756 674 aliorumque

260 697 522 773 beneficiorum
550 697 817 794 predictorum,
847 701 1085 774 assecutione
1117 699 1349 797 preiudicent
1378 717 1444 775 aut
1477 700 1604 796 aliquo
1641 702 1758 775 modo

260 822 295 896 in
325 823 489 897 futurum
516 824 750 919 preiudicare
777 825 935 922 possint,
962 823 1070 898 Motu
1097 840 1138 900 et
1164 825 1317 900 scientia
1336 825 1527 912 similibus,
1547 849 1754 914 cassamus,

260 949 446 1023 irritamus
473 965 513 1023 et
539 947 785 1033 annullamus,
806 975 849 1024 ac
877 950 1018 1024 viribus
1045 950 1219 1025 omnibus
1246 976 1485 1037 evacuamus,
1506 977 1575 1030 nec
1594 979 1668 1030 non
1687 979 1756 1052 pro

259 1076 386 1160 cassis,
418 1073 540 1158 irritis,
570 1073 680 1148 nullis
708 1092 747 1149 et
773 1073 926 1160 infectis,
957 1059 1085 1150 baberi
1113 1075 1298 1162 volumus,
1319 1077 1557 1154 decernimus
1584 1095 1625 1154 et
1651 1106 1756 1156 man-

261 1200 405 1286 damus,
436 1225 505 1273 nec
533 1222 606 1274 non
636 1199 808 1273 omnibus
836 1199 907 1272 illis
936 1224 1012 1296 que
1040 1199 1076 1272 in
1103 1199 1236 1274 litteris
1263 1201 1419 1299 prelatis
1447 1201 1644 1301 descriptis
1673 1230 1757 1279 con·

259 1325 377 1399 cessis
418 1325 603 1399 voluimus
642 1349 715 1398 non
751 1325 917 1412 obstare,
955 1326 1167 1420 ceterisque
1204 1327 1399 1401 contrariis
1434 1329 1754 1426 quibuscumque;

260 1448 506 1524 decernentes
534 1449 587 1523 sic
614 1472 683 1545 per
709 1473 969 1545 quoscumque
997 1449 1137 1524 iudices
1166 1451 1453 1539 commissarios,
1474 1469 1697 1554 executores
1718 1470 1757 1528 et

259 1576 470 1673 delegatos,
490 1591 566 1648 tam
594 1576 630 1648 in
659 1575 829 1648 Romana
851 1573 965 1648 Curia
983 1598 1099 1670 quam
1117 1590 1225 1649 extra
1243 1601 1326 1650 eam
1346 1602 1416 1674 pro
1435 1592 1608 1676 tempore
1635 1579 1757 1675 depu-

260 1717 372 1787 tatos,
401 1699 638 1775 iudicandum
667 1699 747 1775 lore
765 1715 803 1772 et
822 1699 974 1774 iudicari
993 1700 1152 1788 debere;
1173 1701 1321 1775 sublata
1334 1703 1387 1775 eis
1401 1717 1441 1776 et
1455 1729 1584 1778 eorum
1605 1702 1758 1779 cuilibet

259 1825 390 1921 quavis
409 1825 481 1898 alia
500 1826 596 1900 circa
613 1825 799 1920 premissa
817 1824 1004 1898 iudicandi
1022 1849 1088 1898 seu
1108 1841 1148 1901 et
1164 1824 1434 1922 interpretandi
1456 1827 1650 1916 facultate;
1681 1829 1760 1901 irri-

258 1964 339 2024 tum
353 1974 506 2046 quoque
525 1964 565 2023 et
582 1950 690 2023 inane
711 1948 743 2021 si
762 1973 874 2023 secus
890 1948 1099 2044 superbiis,
1116 1973 1138 2022 a
1154 1973 1356 2047 quoquam,
1373 1952 1506 2048 quavis
1518 1952 1757 2036 auctoritate,

259 2077 421 2148 scienter
438 2073 498 2148 vel
511 2074 740 2171 ignoranter,
756 2073 958 2172 contigerit
975 2073 1213 2171 attemptari;
1237 2076 1457 2149 eorumdem
1470 2077 1697 2150 Auditorum
1717 2093 1761 2150 et
1856 2071 1857 2164 ,

260 2197 609 2274 locumtenentium
637 2197 866 2295 presentium
882 2214 922 2271 et
936 2197 1144 2271 futurorum
1164 2199 1325 2286 nomina,
1346 2203 1582 2300 cognomina,
1600 2200 1758 2300 gradus
1856 2291 1857 2302 χ

258 2321 471 2418 qualitates,
491 2322 661 2397 civitates
685 2338 725 2395 et
752 2323 958 2407 dioeceses,
979 2323 1218 2419 presentibus
1245 2349 1315 2420 pro
1342 2325 1533 2421 expressis
1556 2326 1756 2400 habentes.
1856 2307 1857 2336 i

338 2446 439 2521 Nulli
465 2470 560 2546 ergo
591 2447 744 2522 omnino
770 2447 962 2521 hominum
990 2447 1100 2522 liceat
1128 2447 1223 2522 hanc
1252 2449 1428 2548 paginam
1456 2465 1585 2524 nostre
1620 2451 1757 2524 consti·

256 2573 422 2660 tutionis,
464 2573 691 2660 intentionis,
735 2572 877 2662 statuti,
921 2571 1177 2662 ordinationis,
1214 2575 1477 2662 concessionis,
1507 2577 1755 2672 exceptionis,

257 2697 529 2785 declarationis,
560 2696 827 2796 derogationis,
857 2698 1089 2784 cassationis,
1121 2697 1345 2787 irritationis,
1367 2697 1650 2794 annullatione,
1669 2726 1760 2776 eva·

257 2823 450 2908 cuationis,
493 2823 710 2908 voluntatis,
753 2823 918 2897 mandati
955 2839 994 2896 et
1033 2822 1185 2908 decreti,
1224 2822 1425 2922 infringere
1462 2825 1525 2898 vel
1567 2827 1623 2924 ei,
1659 2851 1759 2900 ausu

257 2948 467 3035 temerario,
498 2949 693 3023 contraire.
723 2946 764 3022 Si
799 2948 884 3044 quis
918 2963 1055 3032 autem,
1093 2948 1166 3021 hoc
1202 2963 1430 3045 attemptare
1467 2950 1756 3047 presumpserit,

256 3073 549 3171 indignationem
577 3073 843 3168 omnipotentis
873 3073 956 3160 Dei,
986 3097 1030 3147 ac
1057 3073 1253 3147 beatorum
1296 3073 1395 3148 Petri
1435 3090 1476 3148 et
1507 3073 1620 3163 Pauli,
1649 3075 1758 3170 Apo·

256 3196 439 3272 stolorum
468 3197 560 3284 eius,
589 3223 631 3271 se
659 3198 807 3271 noverit
834 3198 1080 3274 incursurum.

337 3321 479 3394 Datum
508 3323 639 3407 Rome,
671 3321 773 3417 apud
803 3321 841 3396 S.
867 3322 1030 3406 Petrum,
1053 3323 1165 3396 Anno
1184 3323 1451 3398 Incamationis
1470 3324 1653 3398 dominice
1673 3325 1759 3398 Mil·

256 3447 387 3520 lesimo
415 3445 788 3545 quadringentesimo
818 3449 1065 3546 nonagesimo
1092 3462 1238 3534 octavo,
1255 3448 1377 3524 kalen.
1398 3449 1494 3536 maii,
1517 3448 1761 3547 pontificatus

257 3571 373 3644 nostri
402 3595 501 3645 anno
528 3585 649 3646 sexto.

1274 3697 1315 3773 L.
1348 3698 1642 3773 Podocatharus.

964 3963 1049 4042 138.

254 4105 531 4201 Reformationc
558 4105 781 4180 Alexandri
823 4106 884 4182 VI
911 4117 1070 4193 cavatur,
1110 4108 1229 4181 Ratae
1260 4107 1462 4182 Auditores
1496 4107 1753 4184 auditoratum

334 4229 499 4303 amittere
509 4241 584 4329 per
608 4230 850 4330 episcopatum
867 4231 1073 4329 iisdemque,
1091 4232 1221 4330 prouti
1236 4233 1361 4306 cenna
1377 4232 1418 4305 in
1437 4233 1608 4306 Romana
1630 4231 1750 4309 Cum

334 4355 492 4451 officium
506 4353 724 4441 habentibus,
740 4353 924 4429 inhibetur
936 4357 1131 4455 quominus
1146 4355 1350 4431 Orator-nm
1363 4355 1479 4453 affini>
1486 4357 1724 4456 fungantur.
1736 4405 1753 4418 -

334 4480 495 4555 Notarii
518 4480 635 4554 Rotae
661 4481 826 4555 scribant
842 4493 917 4581 per
942 4509 979 4556 se
1005 4483 1102 4582 ipsos
1128 4491 1164 4556 ct
1189 4483 1384 4558 resideant.

333 4615 397 4690 (W.
414 4633 445 4675 v.
464 4615 691 4691 Hosunuu.,t'n
714 4617 827 4677 «Bana
845 4618 905 4678 der
922 4617 999 4693 Kgl.
1017 4619 1262 4680 Preusst'sclren
1280 4625 1336 4680 etc.
1355 4619 1595 4694 Forscltungan
1612 4637 1677 4681 sur
1692 4639 1755 4695 ge-

252 4707 398 4767 schichte
415 4705 476 4765 aer
492 4705 662 4767 Kurtalen
681 4707 967 4782 etc.,Rom,1914
983 4733 1010 4784 2,
1027 4709 1074 4782 II,
1089 4715 1167 4784 pag.
1186 4709 1276 4783 237).

334 5093 370 5162 4.
400 5068 471 5143 Per
498 5069 757 5168 episcopatum
786 5070 936 5144 desinat
961 5097 1048 5147 esse
1075 5072 1234 5148 auditor.

335 5215 369 5288 5.
386 5194 593 5268 Auditores
613 5219 688 5269 non
707 5195 783 5269 sint
804 5211 992 5272 oratores:
1017 5197 1224 5272 Auditores
1248 5196 1287 5273 S.
1306 5195 1434 5272 Palatii
1457 5214 1648 5274 oratorum
1669 5200 1752 5275 offi-

188 5377 190 5382 .
252 5319 309 5392 cio
327 5319 364 5392 in
384 5320 556 5393 Romana
585 5319 699 5394 Curia
726 5317 938 5395 nullatenus
965 5321 1178 5421 fungantur.
1202 5320 1485 5398 Contraiaciens
1504 5325 1751 5421 privationem
