3720 5914
786 299 880 360 sixto
898 299 953 360 IV
1562 303 1615 364 199

116 488 210 562 titur
236 513 416 564 concessa
444 489 504 564 vel
531 491 568 564 in
596 505 791 588 posterum
820 493 1175 589 quomodocumque
1199 492 1615 578 concedenda-attem-

115 629 227 710 ptare
254 615 315 688 vel
343 615 522 690 innovare
554 618 792 712 presumatis,
824 641 891 690 seu
928 617 1062 714 aliquis
1098 633 1267 692 vestrum
1304 634 1510 716 presumat.
1540 616 1618 692 Sed

115 763 165 812 ea
192 739 317 814 omnia
345 755 386 814 et
419 739 566 839 singula
594 741 629 816 in
662 765 793 816 eorum
830 740 962 840 vigore
998 742 1274 816 manuteneatis
1310 759 1349 816 et
1385 743 1618 818 conservetis

114 890 161 938 ac
190 863 347 960 quilibet
364 879 531 938 vestrum
559 889 671 940 manu
699 880 828 940 teneat
845 881 885 939 et
903 881 1115 942 conservet.
1136 863 1251 960 Quod
1270 869 1301 940 si
1320 893 1430 942 secus
1458 869 1619 942 scienter

117 989 195 1074 fiat,
233 1015 304 1064 vos
339 1013 473 1064 omnes
500 1005 541 1064 et
567 991 736 1089 singulos
764 991 955 1088 predictos
973 1006 1013 1065 et
1031 991 1221 1088 quoslibet
1238 992 1332 1066 alios
1351 1017 1448 1088 quos
1466 992 1503 1065 in
1532 1017 1618 1090 pre-

118 1114 246 1188 missis
285 1113 346 1188 vel
381 1114 509 1212 aliquo
550 1117 819 1212 premissorum
855 1115 1027 1201 rebelles
1063 1116 1299 1214 negligentes
1334 1117 1393 1191 vel
1428 1117 1464 1190 in
1491 1118 1619 1214 aliquo

117 1240 299 1314 remissos
334 1255 402 1314 aut
436 1241 763 1316 contravenientes
782 1242 1043 1339 repererimus,
1065 1266 1183 1338 penas
1203 1243 1440 1338 supradictas
1467 1257 1507 1316 et
1524 1242 1619 1318 alias

54 1417 61 1426 .
116 1366 226 1438 nobis
257 1365 474 1442 arbitrariae
503 1365 679 1440 incidisse
706 1381 745 1440 et
763 1368 963 1441 incurrisse
982 1365 1229 1454 declaramus,
1250 1367 1390 1442 iustitia
1416 1368 1617 1454 mediante,

119 1512 361 1586 quacumque
378 1487 632 1587 appellatione
649 1490 709 1564 vel
727 1490 950 1565 auctoritate
977 1490 1085 1564 aliter
1107 1489 1379 1588 interpretandi
1397 1492 1619 1588 postpositis

119 1613 273 1709 penitus
299 1629 340 1688 et
366 1613 534 1690 seclusis.

202 1739 242 1812 ln
270 1741 374 1814 cuius
403 1740 458 1814 rei
486 1740 741 1816 testimonium
768 1757 966 1837 presentes
993 1739 1138 1815 litteras
1166 1741 1466 1814 conservatorias
1485 1741 1621 1814 exinde

118 1863 202 1938 fieri
227 1879 268 1938 et
293 1889 362 1962 per
389 1866 632 1940 secretarium
662 1887 832 1938 nostrum
861 1867 1043 1940 subscribi
1071 1865 1266 1963 nostrique
1298 1864 1408 1963 sigilli
1445 1863 1620 1940 iussimus

119 2003 162 2062 et
189 1989 344 2064 lecimus
372 1991 605 2086 appensione
632 1989 862 2066 communiri.

205 2115 347 2189 Datum
373 2132 413 2190 et
449 2131 573 2190 actum
609 2115 731 2190 Rome
767 2117 803 2190 in
837 2117 1011 2190 domibus
1043 2131 1259 2190 nostrarum
1298 2115 1492 2190 solitarum
1530 2116 1621 2189 resi·

119 2240 343 2326 dentiarum
366 2243 437 2316 sub
463 2265 562 2316 anno
588 2268 610 2317 a
640 2241 849 2316 Nativitate
877 2241 1016 2315 domini
1036 2239 1624 2340 millesimoquadringentesimo·

119 2365 517 2464 septuagesimonono,
563 2363 763 2440 indictione
803 2363 1036 2454 duodecima,
1080 2365 1141 2440 die
1181 2391 1272 2440 vero
1318 2363 1411 2440 iovis
1438 2364 1622 2464 vigesima

118 2491 287 2564 secunda
314 2490 456 2566 mensis
482 2491 620 2588 aprilis,
650 2489 888 2588 pontificatus
926 2491 1058 2587 prelati
1096 2489 1328 2565 Sanctissimi
1365 2490 1415 2567 D.
1446 2489 1493 2566 N.
1530 2489 1622 2564 Sixti

121 2639 225 2714 pape
252 2614 304 2689 lV
330 2639 431 2691 anno
458 2631 605 2692 octavo.

206 2740 259 2814 lo.
290 2741 417 2840 Lopis.

832 2951 918 3030 119.

122 3111 330 3186 Audz'entza
356 3113 590 3208 transfmur
616 3112 661 3186 de
687 3111 725 3188 S.
756 3113 869 3186 Petro
895 3113 951 3186 ad
978 3113 1191 3188 Mrirervam
1226 3123 1262 3186 el
1289 3113 1333 3188 de
1360 3113 1536 3188 Minerva
1572 3113 1628 3186 ad

156 3277 159 3284 ·
205 3237 407 3314 Palatium.

206 3391 322 3461 (Auen.
341 3390 428 3464 Rom,
452 3389 568 3450 «Lr'br.
588 3397 650 3451 rat.
671 3391 747 3478 Cap.
765 3407 798 3452 n.
824 3391 890 3452 VII
899 3393 935 3464 ι).

1277 3501 1355 3572 1479,
1374 3501 1471 3573 iunio,
1489 3497 1626 3559 Romae.

207 3663 312 3750 ltem,
343 3660 437 3736 solvi
463 3662 710 3760 campanariis
738 3663 858 3736 sancti
884 3661 983 3736 Petri
1009 3686 1080 3759 pro
1108 3663 1300 3737 mensibus
1322 3660 1464 3759 Aprilis
1481 3677 1521 3737 et
1540 3662 1625 3736 maii

123 3805 164 3862 et
192 3812 262 3885 pro
291 3786 492 3862 medietate
520 3787 708 3884 presentis
736 3788 875 3862 mensis
903 3787 1000 3875 iunii,
1032 3787 1118 3884 quia
1145 3788 1334 3862 audientia
1360 3786 1428 3862 luit
1446 3788 1626 3862 translata

124 3915 176 3989 ad
205 3913 425 3996 Minervam,
455 3938 615 4014 grossos
643 3911 724 3989 Xll.

1071 4111 1073 4116 ¹
1123 4135 1202 4209 1479,
1221 4135 1415 4251 septembris
1430 4133 1475 4208 30,
1491 4133 1624 4194 Romae.

208 4306 313 4392 ltem,
344 4303 438 4380 solvi
465 4303 593 4382 ultima
621 4306 847 4403 septembris
875 4329 944 4402 pro
972 4303 1138 4402 aptando
1166 4304 1202 4376 in
1231 4300 1370 4400 palatio
1397 4324 1467 4397 pro
1486 4298 1627 4374 lectura

124 4429 438 4507 constitutionum
465 4448 506 4506 et
532 4455 602 4528 pro
629 4445 825 4528 portatura
853 4455 966 4528 capse
994 4431 1042 4504 de
1069 4429 1245 4516 minerva,
1266 4443 1306 4502 et
1324 4451 1393 4524 pro
1411 4423 1628 4499 mundando

125 4557 381 4644 Audientiam,
410 4581 570 4656 grossos
598 4554 685 4632 XV.

207 4683 313 4768 ltem,
344 4681 438 4758 solvi
465 4706 535 4779 pro
562 4663 682 4756 vindi
702 4704 828 4778 panno
864 4680 929 4776 qui
964 4677 1112 4776 positus
1148 4692 1209 4752 est
1230 4701 1360 4773 supra
1395 4698 1563 4749 mensam
1591 4672 1628 4746 in

126 4825 222 4896 rota,
255 4823 295 4882 et
320 4806 465 4882 festuca
491 4806 598 4881 viridi
627 4820 666 4880 et
693 4805 797 4896 clavi,
828 4829 987 4904 grossos
1015 4801 1080 4880 Xl.
