3720 5916
208 277 210 281 ’
252 282 308 340 338
880 282 1017 342 soeculo
1035 281 1068 342 X
1076 282 1142 343 VII

252 471 437 555 clausulis,
458 471 571 545 etiam
592 472 836 568 Apostolicae
855 471 1038 545 firmitatis
1052 474 1189 545 robore
1208 472 1369 557 munitis,
1391 472 1528 569 quibus
1547 472 1752 547 officiorum

253 595 496 670 Notariorum
534 597 737 692 scripturas
774 621 844 692 pro
881 595 1179 691 quibuscumque
1217 597 1372 670 summis
1409 622 1484 671 non
1517 622 1664 684 vacare,
1693 599 1754 671 vel

252 737 375 793 certas
403 745 537 794 causas
564 737 736 816 tempore
756 721 961 795 vacationis
979 720 1052 792 iam
1072 719 1315 806 introductas,
1337 719 1395 794 vel
1415 745 1481 795 eas
1496 721 1617 795 dictas
1637 723 1754 818 scrip-

253 863 357 918 turas
384 846 420 918 in
441 862 522 919 toto
550 847 609 918 vel
637 846 674 918 in
702 863 810 942 parte
839 845 1121 941 quomodolibet
1139 846 1188 920 ad
1216 845 1412 933 haeredes,
1431 845 1491 922 vel
1511 872 1754 922 successores

255 970 495 1042 Notariorum
523 971 796 1056 defunctorum,
816 970 876 1044 vel
903 970 953 1043 ad
977 995 1108 1044 eorum
1138 968 1348 1068 Collegium
1377 987 1550 1066 spectare
1578 986 1619 1044 et
1636 973 1753 1066 perti-

253 1119 341 1168 nere
369 1095 590 1190 disponitur,
621 1095 855 1191 aliorumque
887 1095 945 1168 hic
982 1096 1195 1169 necessario
1232 1097 1560 1191 exprimendorum
1599 1111 1752 1170 tenores

251 1237 289 1295 et
308 1221 447 1295 formas
475 1221 534 1294 hic
561 1246 631 1317 pro
658 1222 858 1317 expressis,
882 1239 920 1293 et
947 1219 995 1294 de
1023 1223 1140 1294 verbo
1167 1222 1391 1295 adverbum
1411 1221 1571 1308 insertis,
1593 1239 1632 1294 et
1652 1221 1752 1318 regi-

251 1347 378 1420 stratis
397 1347 590 1432 habentes,
611 1363 743 1420 tenore
764 1347 1018 1441 praesentium
1037 1342 1117 1420 illas
1136 1370 1279 1432 omnes,
1298 1363 1336 1418 et
1356 1361 1501 1421 attenta
1516 1345 1752 1442 infrascripta

251 1472 358 1566 pretii
387 1471 634 1556 restitutione,
665 1486 851 1566 perpetuo
884 1494 1104 1544 revocamus
1132 1487 1171 1543 et
1198 1471 1445 1555 annullamus,
1466 1469 1685 1566 viribusque
1713 1487 1782 1543 et-

250 1595 384 1670 effectu
401 1596 552 1668 omnino
567 1619 694 1670 carere
709 1593 974 1680 decernimus,¹
990 1609 1031 1668 et
1045 1619 1177 1669 ornnes
1191 1611 1232 1668 et
1245 1595 1423 1692 singulas,
1436 1621 1480 1670 ac
1490 1621 1752 1692 quascumque

251 1720 416 1795 omniurn
434 1734 474 1792 et
493 1719 723 1817 singulorum
742 1719 946 1792 officiorum
966 1717 1219 1814 praelatorum
1241 1719 1481 1793 Notariorum
1502 1719 1630 1792 Palatii
1646 1720 1754 1816 Apo-

250 1843 370 1919 stolici
393 1844 573 1940 praedicti
602 1844 816 1939 scripturas,
838 1859 915 1916 tarn
935 1843 1115 1916 hactenus
1134 1843 1419 1939 quomodolibet
1437 1845 1627 1918 consectas
1646 1860 1686 1917 et
1704 1845 1755 1917 ad

250 1969 371 2044 officia
387 1970 556 2065 praelata
584 1983 812 2065 spectantes,
832 1995 945 2065 quam
966 1969 1001 2041 in
1020 1969 1183 2042 futurum
1203 1967 1486 2064 quomodolibet
1503 1969 1755 2043 conficiendas

251 2109 290 2168 et
318 2111 394 2166 tam
422 2109 627 2189 proventas
663 2108 703 2165 et
735 2108 983 2188 proventuras
1020 2117 1043 2166 a
1080 2093 1377 2189 quibuscumque
1410 2091 1532 2168 causis
1569 2093 1605 2166 in
1643 2093 1755 2167 dictis

250 2217 378 2292 officiis
396 2218 627 2291 introductis
655 2233 695 2290 et
712 2216 1002 2304 introducendis,
1024 2240 1136 2312 quam
1156 2242 1204 2290 ex
1232 2218 1530 2314 quibuscumque
1558 2217 1693 2314 rogitis
1712 2237 1755 2290 et

250 2341 552 2437 stipulationibus
589 2365 658 2437 per
693 2366 761 2414 eos
795 2341 973 2414 Notarius
1010 2341 1295 2436 quomodolibet
1322 2340 1429 2415 factis
1462 2367 1527 2414 seu
1557 2340 1750 2427 iaciendis,

249 2466 302 2540 ita
321 2483 363 2538 ut
380 2465 505 2540 omnia
523 2491 784 2562 quaecumque
802 2465 1049 2540 instrumenta
1068 2490 1136 2561 per
1154 2468 1307 2540 eosdem
1325 2465 1503 2540 Notarios
1518 2467 1600 2542 Sac.
1621 2466 1753 2539 Palatii

250 2589 460 2686 Apostolici
479 2591 660 2686 praedicti
688 2590 893 2686 scripturas
931 2604 1007 2663 tam
1036 2588 1216 2662 hactenus
1243 2591 1526 2687 quomodolibet
1558 2591 1754 2688 rogandas

250 2732 290 2790 et
317 2715 551 2810 stipulandas
578 2729 618 2788 et
645 2713 895 2788 conficiendas
931 2715 1043 2788 etiam
1080 2717 1129 2788 ab
1161 2739 1290 2789 earum
1327 2715 1451 2788 causis
1488 2733 1527 2788 et
1554 2713 1680 2790 litibus
1711 2715 1752 2786 in

249 2865 379 2915 eorum
398 2839 528 2914 officiis
547 2841 769 2916 introductis
788 2864 862 2914 non
881 2837 1160 2935 dependentes²
1176 2863 1274 2936 quae
1293 2865 1362 2936 per
1379 2839 1536 2922 eosdem
1556 2840 1751 2926 Notarios,

174 2947 176 2951 ⁵
250 2983 363 3063 prout
392 2991 459 3062 per
485 2965 578 3041 alios
608 2966 786 3040 Notarios
816 2965 1008 3039 Romanae
1030 2963 1176 3048 Curiae,
1200 2965 1335 3064 rogari,
1357 2964 1526 3061 stipulari
1553 2980 1592 3038 et
1619 2967 1753 3040 confici

251 3117 365 3187 posse
401 3091 585 3177 volumus,
616 3093 708 3165 citra
744 3105 868 3164 tamen
904 3089 1147 3163 Notariorum
1177 3088 1360 3162 Camerae
1389 3087 1668 3185 preiudicium,⁸
1699 3091 1752 3162 ad

249 3216 382 3290 eadem
415 3214 535 3289 officia
555 3239 628 3287 una
646 3241 731 3288 curn
750 3215 858 3288 titulo
877 3239 1028 3310 semper
1047 3215 1149 3287 unita
1167 3230 1209 3287 et
1225 3238 1372 3287 annexa
1390 3229 1565 3310 spectent
1581 3228 1621 3286 et
1638 3215 1754 3310 perti·

251 3357 371 3426 neant,
392 3357 431 3413 ut
446 3363 571 3435 supra,
589 3364 671 3412 cum
688 3337 795 3413 titulo
810 3357 952 3426 vacent,
970 3363 1104 3412 vacare
1119 3340 1293 3426 debeant,
1309 3337 1529 3434 illarumque
1544 3337 1751 3412 dominium

247 3482 286 3538 et
314 3466 584 3562 proprietatem
605 3489 649 3536 ac
667 3463 809 3538 fructus
827 3479 869 3538 et
886 3463 1140 3538 emolumenta
1158 3487 1430 3560 quaecumque,
1452 3463 1596 3538 ratione
1624 3462 1753 3538 huius-

248 3591 350 3663 modi
378 3590 647 3686 scripturarum
665 3590 714 3662 ad
734 3589 826 3676 Nos,
849 3589 978 3663 sedem
998 3604 1038 3663 et
1056 3588 1254 3663 Cameram
1275 3589 1463 3686 praelatas
1478 3589 1514 3661 in
1530 3604 1651 3691 totum
1666 3613 1751 3683 spe·

249 3732 352 3787 ctare
367 3731 406 3787 et
419 3715 619 3810 pertinere,
633 3713 645 3748 ⁴
663 3730 703 3788 et
716 3716 785 3811 per
800 3739 869 3787 nos
883 3729 923 3786 et
936 3713 1094 3788 eandem
1111 3712 1310 3787 Cameram
1330 3739 1377 3787 ex
1392 3737 1487 3787 nunc
1503 3712 1659 3809 singulis
1675 3712 1752 3786 No-

249 3839 350 3911 tariis
387 3863 458 3934 pro
489 3854 571 3911 rata
607 3839 816 3935 respective
849 3863 979 3911 eorum
1008 3837 1128 3912 officia
1156 3839 1429 3926 concernentia,
1457 3839 1682 3913 auctoritate
1710 3854 1751 3912 et

249 3979 378 4038 tenore
397 3963 650 4058 praesentium
670 3939 861 4049 concessa,
882 3979 921 4035 et
948 3962 1180 4036 consolidata
1206 3987 1305 4049 esse,
1327 3963 1573 4050 declaramus,
1589 3961 1750 4059 illasque

249 4114 318 4186 pro
346 4091 479 4164 eadem
508 4089 717 4185 respective
750 4104 833 4162 rata
861 4089 1016 4186 singulis
1046 4087 1210 4161 Notariis
1228 4102 1268 4161 et
1290 4087 1419 4162 officiis
1449 4086 1652 4184 praedictis
1682 4113 1752 4184 pcr

248 4217 402 4287 eosdem
418 4231 639 4310 praesentes
653 4230 837 4309 perpetuo
853 4212 1103 4299 concedimus
1119 4212 1351 4309 applicamus
1365 4228 1405 4285 et
1418 4213 1747 4308 appropriamus‚⁵

326 4477 334 4512 ¹
348 4475 536 4550 Scripturae
549 4483 581 4534 et
592 4475 810 4534 instrumenta
822 4475 856 4534 in
867 4474 979 4534 officiis
992 4473 1199 4534 Notariorum
1211 4473 1326 4533 Palatii
1339 4475 1492 4547 facienda,
1505 4477 1539 4534 in
1553 4483 1747 4550 perpetuum

244 4581 318 4624 cum
337 4566 429 4624 titulo
445 4565 564 4624 debent
582 4580 653 4624 esse
672 4565 782 4624 unitae
799 4573 831 4623 et
849 4579 924 4622 cum
936 4580 975 4622 eo
992 4571 1109 4622 vacent
1127 4573 1159 4622 et
1171 4564 1361 4636 dominium,
1380 4564 1561 4638 proprietas
1580 4573 1613 4622 et
1626 4564 1748 4624 fructus

245 4663 390 4730 spectent
407 4655 448 4713 ad
467 4653 589 4729 Papam
607 4662 638 4713 et
655 4653 839 4714 Cameram¹
1453 4707 1456 4712 .

324 4745 336 4780 ²
354 4743 505 4803 Facultas
524 4745 660 4819 rogandi
679 4745 894 4802 instrumenta
912 4750 1007 4817 prout
1024 4743 1081 4802 alii
1099 4743 1222 4802 Notarii
1241 4742 1409 4802 Romanae
1426 4741 1555 4802 Curiae.

322 4834 334 4868 ³
353 4833 513 4907 Declarat,
531 4835 708 4908 scripturas
727 4849 792 4892 una
810 4848 884 4891 cum
897 4833 989 4891 titulo
1007 4847 1137 4905 semper
1151 4832 1257 4891 unitas
1273 4848 1389 4891 vacare
1408 4838 1439 4890 et
1452 4834 1583 4892 illarum
1603 4835 1746 4908 proprie-

244 4930 342 4980 tatem
361 4923 402 4981 ad
414 4920 590 4981 Cameram
608 4922 829 4995 Apostolicam
850 4937 913 4979 una
931 4937 1005 4979 cum
1024 4921 1180 4980 fructibus
1198 4929 1230 4979 et
1248 4922 1477 4980 emolumentis
1495 4927 1650 4996 spectare.

322 5013 334 5046 ⁴
352 5011 525 5070 Concessio
543 5011 778 5084 scripturarum
796 5008 937 5068 Notariis
955 5017 987 5068 et
1004 5009 1116 5068 officiis
1135 5009 1287 5084 praefatis
1306 5026 1365 5084 pro
1384 5025 1497 5068 eorum
1515 5019 1595 5068 rata.

323 5100 334 5134 ⁵
352 5097 550 5158 Occurrente
568 5100 734 5158 vacatione
754 5098 941 5166 officiorum,
958 5099 1137 5172 scripturae
1156 5113 1231 5158 cum
1249 5099 1479 5158 emolumentis
1491 5105 1522 5157 et
1540 5098 1633 5158 titulo
1651 5099 1743 5158 officii

244 5196 337 5247 vacet
355 5187 397 5262 12,
410 5203 469 5262 pro
487 5197 557 5246 rata
574 5188 616 5246 ad
634 5188 778 5247 favorem
797 5188 964 5259 camerae,
980 5187 1013 5246 12
1030 5188 1071 5246 ad
1084 5188 1230 5246 favorem
1247 5186 1431 5246 Camerarii
1450 5195 1481 5246 et
1494 5187 1527 5246 12
1539 5187 1580 5246 ad
1598 5189 1743 5248 iavorem

244 5276 511 5336 Vicecancellarii
534 5284 567 5335 et
592 5277 626 5335 12
650 5277 691 5335 ad
713 5277 858 5335 favorem
880 5276 1078 5336 Auditorum
1102 5275 1204 5335 Rotae
1228 5277 1347 5350 quibus
1371 5292 1431 5351 pro
1455 5285 1598 5350 tempore
1622 5285 1744 5350 spectet

242 5366 373 5426 illorum
392 5367 520 5425 collatio
538 5367 636 5424 simul
654 5381 728 5425 cum
747 5366 838 5425 titulo
857 5367 1005 5440 personis
1023 5383 1042 5424 a
1060 5365 1213 5440 praefatis
1231 5367 1449 5440 approbandis
1468 5367 1656 5440 respective.
