3720 5914
856 305 858 308 ’
911 298 1048 358 Soeculo
1067 299 1137 358 XV

990 668 1053 746 88.

277 845 435 922 Calzstus
458 848 532 922 III
552 849 668 921 Rotae
696 847 939 921 Audz'toribus
953 846 1195 943 pntdegzttm
1213 847 1370 921 concedit
1393 846 1537 921 litteras
1554 845 1759 942 apostolicas

350 972 570 1072 expcdzindi
589 973 727 1069 gratu.

351 1147 468 1217 (Anca.
488 1145 575 1218 Rom,
598 1144 814 1217 ‹Prt'vr'legia
830 1169 856 1219 ι,
875 1151 942 1204 tom
961 1145 989 1219 J,
1004 1151 1091 1219 part.
1110 1146 1138 1219 I,
1157 1163 1188 1204 n.
1208 1145 1262 1214 X).

1585 1302 1663 1365 Sine
1682 1305 1762 1364 data.

349 1487 613 1584 Motuproprio
648 1487 791 1562 dilectis
828 1488 909 1561 filiis
946 1487 1269 1573 Rescribendari0,
1304 1487 1483 1561 Taxatori
1522 1502 1562 1558 et
1598 1483 1764 1582 Compu-

268 1613 391 1698 tatori,
421 1627 498 1685 tam
518 1613 755 1707 presentibus
783 1638 896 1709 quam
924 1613 1068 1699 suturis,
1098 1612 1347 1708 omnibusque
1374 1626 1413 1686 et
1441 1611 1596 1709 siugulis
1623 1611 1763 1684 littera-

268 1763 351 1810 rum
377 1735 666 1834 apostolicarum
695 1736 948 1833 Scriptoribus
974 1763 1019 1810 ac
1047 1734 1277 1811 Cancellarie
1295 1735 1501 1832 apostolice
1521 1735 1761 1822 Officialibus,

182 1889 185 1895 ·
266 1861 588 1960 Registratoribus
607 1861 813 1937 litterarum
832 1837 876 1935 ac
895 1861 1206 1958 supplicationum
1225 1877 1265 1936 et
1280 1861 1579 1935 Plumbatoribus
1593 1874 1632 1934 et
1647 1861 1764 1957 magi-

267 1988 353 2062 stris
372 1988 603 2074 eorumdem,
634 1985 853 2060 Secretariis
881 1987 1091 2084 ceterisque
1109 1985 1281 2061 omnibus
1301 2000 1340 2060 et
1359 1985 1514 2084 singulis
1535 1984 1763 2060 Osficialibus

269 2114 441 2187 Romane
469 2111 582 2186 Curie
609 2112 659 2185 ad
686 2111 961 2208 expeditionem
989 2111 1196 2186 litterarum
1225 2111 1530 2206 Apostolicarum
1558 2109 1760 2207 deputatis,

267 2237 326 2310 vel
355 2236 592 2333 deputandis,
614 2252 654 2310 et
683 2237 832 2311 cuilibet
859 2253 1025 2310 vestrum
1063 2237 1100 2309 in
1128 2236 1286 2311 solidum
1306 2236 1541 2322 mandamus,
1560 2231 1759 2328 Quatenus

268 2364 338 2435 sub
369 2387 466 2458 pena
502 2361 904 2447 excommunicationis,
934 2387 1049 2457 quam
1077 2363 1112 2435 in
1140 2387 1210 2435 vos
1238 2377 1278 2435 et
1305 2361 1509 2458 quemlibet
1536 2374 1706 2435 vestrum
1733 2361 1762 2433 si

267 2503 398 2560 contra
425 2485 660 2584 infrascripta
687 2485 858 2574 feceritis,
890 2501 956 2560 aut
986 2487 1120 2582 aliquis
1154 2503 1322 2561 vestrum
1362 2485 1503 2570 lecerit,
1541 2474 1695 2558 ierimus
1729 2485 1764 2557 in

266 2611 336 2684 hiis
360 2611 518 2708 scriptis,
540 2637 671 2685 omnes
690 2627 730 2684 et
748 2612 915 2710 singulas
935 2611 1097 2686 Litteras
1116 2611 1354 2708 apostolicas,
1377 2625 1453 2684 tam
1474 2611 1632 2709 gratiam
1652 2633 1764 2706 quam

266 2736 443 2811 iustitiam
471 2737 715 2824 continentes,
739 2737 925 2833 simplices
944 2752 983 2810 et
996 2737 1188 2834 legendas,
1210 2761 1280 2832 pro
1308 2735 1510 2810 venerabili
1528 2737 1641 2809 fratre
1660 2735 1765 2809 Guil-

265 2861 383 2935 lermo
412 2861 602 2957 Episcopo
631 2860 784 2936 Oloren.
827 2877 867 2935 et
903 2861 1047 2935 dilectis
1088 2861 1168 2934 filiis
1210 2861 1373 2934 Iohanne
1403 2860 1535 2934 Didaci
1576 2861 1623 2933 de
1657 2859 1759 2933 Coca

264 2984 419 3070 decano,
450 2986 643 3059 Ludovico
672 2987 720 3059 de
748 2985 958 3060 Ludovisiis
996 2985 1096 3060 sedis
1131 2983 1350 3081 llpostolice
1378 3003 1418 3059 et
1445 3003 1575 3060 nostro
1604 2984 1764 3059 Protho-

265 3111 420 3200 notario,
453 3112 619 3210 Agapito
661 3110 777 3185 Cincii
805 3112 852 3185 de
886 3113 1060 3199 Rusticis,
1104 3111 1297 3187 Bernardo
1327 3111 1477 3198 Rovira,
1509 3111 1684 3205 Gaspare
1715 3111 1762 3183 de

264 3235 440 3322 Teramo,
471 3236 676 3310 Theodoro
705 3235 753 3310 de
781 3235 905 3324 Lellis,
938 3235 1131 3311 Bernardo
1159 3237 1208 3310 de
1244 3236 1377 3322 Bosco‚
1410 3235 1580 3310 Orlando
1617 3235 1665 3309 de
1693 3236 1760 3309 bo-

263 3361 387 3448 narlis,
409 3361 519 3435 Petro
548 3362 595 3434 de
615 3360 723 3435 Valle
742 3378 781 3435 et
800 3361 966 3435 iohanne
986 3362 1122 3445 Pintor,
1144 3359 1270 3458 palatii
1290 3362 1407 3435 nostri
1431 3385 1628 3434 causarum
1647 3361 1763 3434 Audi-

263 3487 417 3572 toribus,
447 3511 491 3561 ac
518 3512 649 3561 eorum
678 3487 855 3583 quolibet,
878 3487 1073 3583 expeditas
1092 3502 1131 3560 et
1158 3485 1424 3583 expediendas,
1446 3487 1760 3583 quandocumque

262 3636 332 3706 pro
358 3629 465 3708 parte
492 3613 660 3709 ipsorum
689 3612 914 3685 Auditorum
946 3629 986 3686 et
1018 3611 1213 3686 cuiuslibet
1240 3612 1406 3709 ipsorum
1426 3611 1568 3686 fueritis
1594 3611 1762 3708 requisiti

262 3751 301 3808 et
329 3735 484 3831 quilibet
511 3751 679 3808 vestrum
708 3733 818 3810 suerit
846 3729 1058 3830 requisitus,
1097 3734 1217 3832 gratis
1245 3751 1284 3810 et
1318 3737 1463 3832 absque
1491 3734 1646 3809 alicuius
1674 3751 1759 3808 taxe

261 3860 320 3933 vel
353 3859 507 3934 alicuius
542 3885 689 3935 summe
731 3859 917 3933 solutione
955 3860 1172 3956 simpliciter
1207 3875 1246 3932 et
1278 3858 1394 3934 libere
1429 3859 1611 3948 scribatis,
1650 3859 1757 3944 detis,

260 4109 424 4194 mittatis,
439 4127 478 4182 et
497 4109 719 4206 procuretis,
741 4135 785 4184 ac
804 4109 961 4204 quilibet
977 4127 1147 4182 vestrum
1166 4109 1314 4192 scribat,
1337 4110 1412 4194 det,
1444 4109 1568 4183 tradat
1586 4127 1626 4184 et
1644 4135 1759 4206 expe·

260 4231 346 4320 diat,
379 4234 576 4330 scribique,
608 4234 698 4320 dari,
739 4234 837 4308 tradi
863 4248 902 4309 et
930 4233 1098 4331 expediri
1139 4233 1260 4318 saciat,
1291 4234 1484 4332 permittat
1509 4251 1550 4309 et
1586 4248 1760 4331 procuret

259 4361 405 4453 absque
425 4359 729 4444 contradictione,
751 4359 963 4433 resistentia
982 4377 1022 4433 et
1044 4358 1312 4455 impedimento
1339 4360 1652 4457 quibuscumque.

342 4484 567 4558 Mandantes
590 4485 743 4581 insuper
762 4485 839 4571 tibi,
863 4485 1088 4582 auctoritate
1114 4485 1333 4579 apostolica,
1362 4485 1499 4560 dilecto
1527 4485 1600 4559 filio
1629 4501 1759 4559 nostro

260 4609 447 4681 Roderico
467 4607 594 4682 Sancti
614 4608 757 4685 Nicolai
777 4610 813 4683 in
833 4635 982 4684 carcere
994 4608 1165 4693 Tuliano,
1183 4610 1341 4684 diacono
1357 4609 1554 4696 Cardinali,
1573 4610 1610 4684 S.
1629 4611 1673 4683 R.
1692 4610 1755 4682 Ec·

259 4732 371 4806 clesie
390 4731 703 4808 Vicecancellario
722 4759 765 4809 ac
791 4735 865 4808 tuis
885 4735 920 4806 in
940 4734 1075 4808 eodem
1103 4733 1225 4808 officio
1254 4735 1543 4822 successoribus,
1564 4759 1630 4808 seu
1660 4733 1760 4808 Can-

257 4857 443 4932 cellariam
462 4859 708 4957 apostolicam
728 4885 797 4956 pro
823 4877 995 4955 tempore
1014 4859 1243 4957 regentibus,
1265 4855 1462 4952 Quatenus
1482 4859 1624 4933 eisdem
1644 4861 1758 4932 Audi-

258 4985 401 5058 toribus
433 4985 592 5058 efficacis
611 4985 839 5059 defensionis
857 4983 995 5058 auxilio
1014 4987 1247 5072 assistentes,
1269 5007 1343 5058 non
1362 4983 1589 5082 permittatis
1602 4983 1754 5059 eosdem

258 5109 464 5185 Auditores
493 5136 562 5207 pro
590 5111 777 5185 solutione
804 5110 959 5185 alicuius
995 5127 1081 5186 taxe
1121 5111 1201 5184 sive
1237 5111 1393 5206 pecunie
1422 5135 1492 5208 pro
1519 5111 1758 5208 expeditione

258 5235 509 5330 predictarum
545 5235 753 5309 litterarum
786 5261 809 5308 a
841 5235 1008 5331 quolibet
1045 5235 1244 5311 molestari.
1275 5231 1504 5334 Quinymmo
1539 5237 1755 5310 mandatum

258 5375 428 5433 nostrum
457 5358 667 5434 huiusmodi
696 5359 952 5434 inviolabiliter
977 5360 1170 5435 observari
1201 5360 1353 5435 faciatis.
1385 5358 1692 5436 Contradictores
1719 5373 1757 5432 et

1832 1942 1836 2010 l

261 3984 419 4059 tradatis
447 4000 486 4058 et
513 3985 734 4081 expediatis,
767 3985 962 4081 scribique,
993 3985 1082 4072 dari,
1114 3983 1211 4059 tradi
1237 4001 1278 4059 et
1304 3984 1470 4083 expediri
1498 3985 1650 4070 iaciatiS,
1673 4011 1758 4083 per·
1843 4027 1844 4042 ,
