3684 5920
235 335 290 395 632
880 332 1019 392 soeculo
1033 331 1115 392 XIX

315 527 412 600 Cum
442 526 527 600 ideo
555 552 691 600 munus
711 525 907 600 Secretarii
928 527 965 602 S.
996 526 1137 625 Congr.
1169 524 1366 600 Concilii...
1399 529 1536 624 (vacet)
1557 525 1727 621 Princeps

235 653 516 728 Sacratissimus
587 651 667 726 Nos
687 653 735 731 ad
755 651 844 724 illud
863 653 1079 726 obeundum
1099 651 1238 749 eligere
1260 667 1298 724 et
1321 652 1373 724 ita
1392 651 1429 724 in
1451 650 1573 724 locum
1594 649 1727 725 laudati

234 777 317 850 Erisi
346 775 580 872 Falzacappa
608 777 815 874 subrogare
843 775 1022 874 dignatus
1049 791 1154 850 est...

315 900 460 976 Eodem
489 900 548 974 die
582 924 627 975 1o
657 899 777 974 martii
816 902 884 974 182
892 923 913 993 3
950 901 1049 997 de.
1081 925 1187 976 meus
1225 900 1384 974 Ioannes
1413 899 1587 996 Baptista
1625 899 1726 972 Bussi

233 1025 297 1122 qui
324 1027 547 1099 decanatum
576 1023 613 1099 S.
648 1028 768 1098 Rotae
796 1025 966 1100 obtinere
987 1025 1193 1112 debuisset,
1212 1025 1263 1098 ad
1289 1022 1559 1121 amplissimum
1578 1041 1727 1097 evectus

232 1168 292 1224 est
321 1175 455 1224 munus
484 1150 679 1224 Auditoris
709 1149 942 1226 Camenae...

975 1357 995 1400 *

955 1419 1017 1464 *11

315 1538 532 1612 Gamberini
568 1539 755 1612 Antonius
793 1539 1011 1613 Dominieus
1043 1539 1093 1615 ad
1129 1539 1290 1614 officium
1319 1537 1515 1612 Secretarii
1540 1537 1578 1614 S.
1612 1537 1657 1613 C.
1685 1537 1725 1613 C.

233 1680 387 1737 evectus
405 1689 544 1760 -quae
563 1689 623 1738 res
645 1665 815 1738 Patribus
836 1689 909 1738 non
929 1662 1077 1762 placuit,
1095 1663 1260 1760 eoquod
1280 1663 1456 1736 maiestas
1471 1665 1565 1737 tanti
1581 1662 1728 1736 Ordinis

234 1789 430 1864 concidere
448 1789 629 1876 videatur,
650 1815 766 1886 quum
786 1816 835 1864 ex
856 1791 1058 1865 ambitione
1085 1791 1228 1866 minora
1255 1789 1476 1862 affectentur
1498 1813 1665 1874 munera,
1684 1815 1728 1862 ex

233 1913 370 2010 quibus
398 1929 524 1988 tamen
551 1912 712 1988 breviori
739 1939 850 1988 cursu
878 1915 928 1988 ad
957 1915 1164 2012 Purpuram
1191 1913 1316 1988 aditus
1345 1929 1460 2010 patet.

944 2247 1033 2326 517.

237 2388 370 2479 Quum,
391 2389 550 2464 durante
576 2391 746 2462 vacantz’a
766 2390 880 2478 Sedit,
901 2416 1050 2466 sacrum
1072 2390 1332 2464 cardinalium
1353 2390 1552 2488 Collegium
1571 2393 1731 2467 zicsst'ssct

319 2513 357 2586 T
351 2514 504 2588 miunal
541 2513 659 2588 Rotae
699 2539 898 2590 causarum
935 2515 1140 2590 commercii
1171 2515 1397 2614 expedz'ttimi
1428 2516 1642 2604 incumbere,
1680 2519 1732 2590 ad

311 2665 480 2713 normam
513 2640 795 2714 novissimarum
828 2641 982 2740 Legum,
1014 2641 1257 2716 Audinrmis
1291 2641 1472 2738 penditur
1502 2653 1726 2716 menstruum

312 2765 530 2864 stipendium
557 2765 658 2862 quod
683 2775 802 2853 amna,
834 2765 925 2840 Sede
951 2774 1111 2852 vacante,
1141 2791 1342 2864 numquam
1368 2778 1562 2865 repensum
1581 2769 1720 2860 fuerat.
1825 2777 1826 2834 ᾗ

312 2921 426 2993 (Auen.
445 2919 533 2994 Ron,
557 2919 747 2979 «Drum'um
767 2921 987 2992 Camarum).

757 3107 804 3174 26
834 3102 1060 3198 septembris
1094 3105 1204 3195 1823.

311 3262 351 3335 In
380 3263 502 3336 causis
529 3262 579 3335 ad
606 3263 868 3336 commercium
898 3263 1171 3359 pertinentibus
1199 3278 1238 3336 et
1274 3287 1345 3357 pro
1372 3263 1604 3358 exequendis
1640 3289 1719 3336 non-

232 3386 340 3462 nullis
367 3386 562 3462 iudiciariis
590 3385 776 3461 mandatis
799 3389 961 3460 excitata
988 3403 1046 3460 est
1067 3387 1199 3461 Ordini
1228 3386 1429 3461 iurisdictio
1458 3412 1557 3484 quae
1577 3389 1624 3462 de
1642 3413 1719 3462 coe·

232 3528 314 3588 tero
351 3511 599 3608 conquiescit:
630 3513 717 3586 item
752 3525 803 3599 ut,
840 3511 1078 3608 stipendium,
1110 3513 1294 3610 abrogata
1327 3511 1598 3587 consuetudine
1629 3532 1718 3610 quae

231 3638 434 3722 obtinebat.
466 3662 595 3710 mense
622 3636 791 3733 quolibet
819 3637 1064 3731 penderetur;
1090 3635 1269 3732 scriptum
1298 3652 1358 3710 est
1386 3637 1578 3734 conceptis
1605 3638 1720 3711 verbis

231 3764 279 3836 ad
307 3760 618 3836 Thesaurarium:
657 3759 755 3835 «Gli
783 3760 866 3834 Emi
895 3755 1000 3858 Sig.ri
1028 3759 1215 3834 Cardinali
1243 3762 1327 3858 capi
1360 3759 1530 3835 d'ordine
1567 3762 1603 3834 ai
1628 3759 1718 3858 quali

239 3916 257 3958 ‹
276 3887 299 3960 il
328 3885 561 3961 sottoscritto
589 3887 807 3984 Segretario
827 3884 887 3960 del
917 3887 1033 3960 Sacro
1053 3885 1225 3984 Collegio
1244 3885 1292 3960 ha
1312 3887 1449 3962 riserita
1476 3887 1647 3962 l'istanza
1664 3887 1717 3960 dei

239 4011 414 4088 ‹Prelati
442 4009 590 4084 Uditori
625 4013 661 4084 di
693 4012 792 4085 Rota
828 4037 898 4085 con
935 4012 945 4083 i
983 4011 1098 4085 rilievi
1133 4012 1299 4107 espressi
1337 4011 1529 4089 nell’unito
1558 4011 1716 4112 biglietto

238 4135 408 4210 ‹dell'E
440 4134 486 4210 V.
508 4135 604 4208 Rma
632 4137 663 4208 si
691 4161 785 4210 sono
804 4136 959 4234 degnati
988 4137 1024 4208 di
1043 4134 1260 4210 accordarie
1288 4135 1324 4210 le
1351 4154 1565 4235 opportune
1593 4136 1713 4212 facolti

239 4291 257 4334 u
275 4261 324 4334 ad
351 4260 490 4344 effetto,
512 4259 671 4334 durante
691 4259 715 4332 il
736 4260 935 4344 Conclave,
957 4285 1073 4357 possa
1092 4259 1174 4334 Elia
1194 4261 1343 4357 spedire
1370 4263 1421 4360 gli
1449 4263 1571 4336 ordini
1588 4285 1714 4359 oppor-

236 4385 351 4460 ‹tuni
380 4384 476 4458 delle
505 4385 698 4480 rispettive
717 4382 938 4459 mensualita
956 4387 990 4458 ai
1012 4383 1148 4459 Prelati
1175 4386 1343 4460 suddetti
1362 4401 1432 4462 etc.
1455 4386 1620 4460 Firmato
1639 4384 1712 4458 Ras-

238 4507 369 4582 ‹saele
398 4509 519 4582 Mazio
548 4553 573 4566 ·-
595 4515 643 4582 26
673 4524 758 4585 sett.
787 4511 883 4601 1823
901 4537 936 4583 s,
959 4554 984 4565 -
1007 4509 1104 4581 Hinc
1132 4508 1300 4584 debitum
1328 4509 1569 4585 honorarium
1597 4529 1711 4606 repen·

232 4660 314 4707 sum
343 4649 413 4710 est.
