3720 5914
783 339 877 401 Sixto
894 341 917 400 I
921 341 951 401 V
1560 342 1612 400 187

102 545 148 604 et
175 530 371 607 voluntate
398 557 443 606 ac
470 557 518 606 ex
547 548 649 607 certa
677 549 809 606 nostra
827 533 992 620 scientia,
1013 535 1282 631 premissorum
1311 533 1612 608 consideratione

104 655 271 751 impulsi,
302 672 341 730 et
361 657 398 729 in
416 635 581 754 aliquam
601 682 755 732 suorum
774 658 944 733 laborum
964 673 1003 731 et
1021 659 1239 734 meritorum
1264 683 1549 755 recompensam
1568 683 1612 730 ac

109 807 183 876 pro
201 779 348 856 illorum
362 782 398 855 in
418 808 487 855 nos
507 807 551 855 ac
570 783 777 878 predictam
797 784 926 857 sedem
949 784 1189 858 benemeritis
1204 783 1419 858 satisfacere
1437 800 1477 857 et
1495 783 1612 881 grati-

108 904 222 981 ficare
237 907 485 994 intendentes,
502 930 709 1003 eorumque
723 906 835 981 fidem
850 910 1166 983 etauctoritatem
1181 909 1362 982 extollere
1377 909 1426 982 ad
1442 924 1610 982 nostrum

105 1047 150 1104 et
177 1031 296 1127 ipsius
324 1031 425 1105 sedis
453 1033 569 1106 decus
601 1047 641 1104 et
675 1031 837 1118 laudem,
868 1032 1073 1128 cupientes,
1109 1035 1423 1129 predecessorum
1462 1047 1609 1106 nostro-

111 1179 193 1228 rum
213 1155 420 1230 Alexandri
441 1155 487 1247 V,
507 1156 682 1231 Iohannis
711 1157 850 1242 XXIII,
881 1157 1034 1230 Martini
1062 1157 1109 1243 V,
1132 1157 1293 1256 Eugenii
1313 1157 1375 1241 IV,
1400 1173 1440 1231 et
1460 1155 1562 1230 Pauli
1581 1157 1612 1229 ΙΙ

108 1281 281 1378 vestigiis
317 1281 543 1365 inherentes,
580 1282 815 1356 decernimus
842 1298 882 1356 et
916 1281 1163 1368 declaramus,
1203 1283 1371 1378 prefatos
1406 1281 1613 1356 Auditores

12 1433 13 1480 t
109 1406 284 1480 omnibus
302 1423 342 1479 et
360 1406 516 1504 singulis
531 1406 791 1505 prerogativis,
808 1406 1098 1482 antelationibus
1118 1423 1157 1482 et
1170 1407 1334 1492 indultis,
1352 1407 1459 1480 dictis
1475 1407 1613 1480 nostris

108 1530 350 1606 familiaribus
391 1531 590 1628 descriptis
632 1547 672 1605 ut
704 1556 821 1628 supra
853 1535 1044 1607 concessis
1076 1549 1116 1607 et
1158 1533 1443 1630 quomodolibet
1484 1556 1609 1607 conce-

110 1655 256 1741 dendis,
285 1654 536 1752 parilormiter
563 1655 617 1729 uti
644 1674 684 1730 et
702 1656 870 1755 gaudere
898 1655 1058 1731 debere:
1080 1671 1120 1730 et
1136 1655 1406 1742 nichilominus,
1426 1656 1609 1741 volumus,

110 1779 348 1853 decernimus
376 1797 415 1854 et
448 1779 678 1867 ordinamus,
707 1780 856 1876 ipsique
885 1778 1059 1877 Collegio
1086 1806 1130 1854 ac
1158 1780 1405 1855 Auditoribus
1434 1805 1613 1876 suprano-

111 1903 260 1978 minatis
287 1906 528 1979 concedimus
560 1905 664 1999 quod
701 1906 771 2002 ipsi
804 1907 840 1980 in
867 1907 1106 1981 assecutione
1134 1931 1457 2003 quorumcumque
1488 1905 1613 1980 Cano-

109 2027 297 2103 nicatuum
312 2047 352 2104 et
370 2031 648 2126 prebendarum
669 2055 813 2105 necnon
829 2031 1066 2129 dignitatum,
1083 2048 1367 2127 personatuum,
1382 2030 1611 2106 administra-

110 2154 266 2240 tionum,
305 2155 522 2242 officiorum,
563 2155 902 2252 prestimoniorum,
946 2154 1280 2252 prestimonialium
1317 2158 1531 2253 portionum
1569 2180 1613 2228 ac

108 2279 329 2374 simplicium
357 2297 397 2353 et
424 2305 748 2376 quorumcumque
775 2280 1040 2355 beneficiorum
1068 2279 1408 2355 ecclesiasticorum
1435 2303 1613 2375 quarum·

108 2428 273 2499 cumque
300 2403 523 2501 qualitatum
545 2431 619 2503 que
645 2407 776 2504 vigore
798 2407 1006 2503 gratiarum
1034 2406 1355 2500 expectativarum
1380 2430 1449 2503 per
1472 2429 1542 2479 nos
1556 2405 1611 2477 eis

109 2530 182 2602 sub
210 2529 311 2603 dicta
339 2529 428 2602 data
455 2531 529 2606 kal.
558 2531 717 2604 Ianuarii
747 2529 989 2605 Pontificatus
1008 2531 1125 2604 nostri
1145 2533 1259 2604 Auno
1279 2531 1401 2604 Primo
1420 2553 1613 2603 concessa·

110 2678 193 2725 rum
212 2670 253 2726 et
280 2652 528 2750 imposterum
548 2681 618 2753 per
637 2679 706 2728 nos
720 2671 760 2728 et
774 2657 912 2728 dictam
927 2655 1058 2730 sedem
1072 2656 1143 2729 sub
1159 2643 1293 2729 eadem
1312 2654 1372 2728 vel
1391 2653 1525 2751 quavis
1542 2652 1614 2727 alia

108 2778 200 2851 data
227 2780 553 2855 concedendarum
581 2796 620 2854 et
648 2783 908 2855 extensionum
937 2805 980 2854 ac
1008 2781 1317 2854 revalidationum
1347 2805 1413 2854 seu
1437 2778 1611 2851 mutatio-

109 2927 210 2986 num,
233 2901 471 2978 collationum
491 2906 720 2988 earumdem,
738 2906 768 2979 si
788 2919 883 3002 qua's
903 2930 971 3001 per
989 2931 1059 2979 nos
1077 2904 1136 2978 vel
1156 2907 1276 3001 ipsam
1297 2905 1426 2978 sedem
1445 2905 1613 2976 inantea

109 3027 189 3100 fieri
207 3027 416 3126 contigerit,
434 3029 713 3126 acceptaverint
731 3046 772 3104 et
788 3030 837 3103 de
856 3029 993 3125 quibus
1013 3031 1082 3104 sibi
1100 3028 1300 3126 providere
1315 3029 1482 3114 fecerint,
1498 3028 1611 3100 omni·

110 3151 182 3225 bus
209 3150 291 3224 aliis
329 3167 369 3226 et
393 3153 551 3251 singulis
590 3153 858 3251 cuiuscumque
887 3154 1091 3253 dignitatis,
1121 3171 1256 3241 status,
1285 3154 1441 3253 gradus,
1470 3151 1613 3226 ordinis

107 3275 334 3350 conditionis
361 3276 419 3351 vel
448 3279 716 3373 preeminentie
744 3276 890 3361 fuerint,
911 3279 1153 3352 canonicatus
1181 3294 1220 3352 et
1247 3277 1472 3374 prebendas,
1495 3277 1612 3376 digni·

105 3415 218 3486 tates,
249 3418 486 3496 personatus,
517 3401 872 3488 administrationes,
897 3403 1028 3491 officia,
1063 3405 1316 3500 prestimonia,
1352 3406 1545 3500 portiones
1573 3418 1613 3476 et

106 3524 287 3600 beneficia
305 3525 518 3602 huiusmodi
537 3530 753 3623 quarumvis
782 3527 989 3602 litterarum
1007 3528 1299 3624 apostolicarum
1319 3529 1378 3602 vel
1398 3528 1610 3627 legatorum

107 3649 254 3746 prefate
273 3650 374 3724 sedis
387 3653 518 3749 vigore
537 3655 833 3749 expectantibus,
855 3655 968 3726 etiam
987 3651 1197 3727 Illustribus
1215 3677 1259 3726 ac
1278 3653 1452 3727 omnibus
1476 3667 1516 3725 et
1536 3652 1611 3724 sin·

105 3775 206 3872 gulis
235 3775 273 3846 in
300 3775 455 3872 prefatis
482 3773 615 3851 litteris
638 3775 853 3874 specialiter
876 3779 1076 3852 nominatis
1102 3793 1143 3851 et
1170 3801 1408 3874 quacumque
1436 3775 1612 3850 ecclesia-

108 3899 204 3974 stica
216 3900 277 3972 vel
292 3901 481 3974 mundana
496 3901 680 4000 dignitate
702 3901 941 4001 fulgentibus,
963 3905 1137 3998 personis
1157 3901 1436 3977 Venerabilium
1456 3902 1610 3975 fratrum

109 4039 327 4097 nostrorum
355 4041 484 4098 sancte
513 4051 667 4099 romane
694 4025 849 4100 ecclesie
870 4025 1122 4101 Cardinalium
1152 4051 1195 4101 ac
1214 4026 1454 4101 familiaribus
1475 4027 1612 4100 nostris

108 4147 274 4244 antiquis
303 4151 489 4224 continuis
508 4149 822 4225 commensalibus
849 4151 1049 4247 descriptis
1077 4153 1142 4248 qui
1161 4152 1268 4225 nobis
1288 4167 1460 4248 ternpore
1479 4152 1611 4225 Cardi-

109 4272 261 4348 nalatus
288 4298 411 4370 usque
438 4275 487 4348 ad
515 4275 814 4372 assumptionem
838 4291 1006 4349 nostram
1020 4275 1070 4348 ad
1089 4275 1233 4373 apicem
1253 4277 1506 4373 Apostolatus
1525 4291 1610 4350 actu

107 4402 322 4473 servierunt
349 4414 389 4473 et
415 4398 528 4472 nullis
556 4400 636 4474 aliis
668 4401 781 4474 etiam
816 4401 1017 4497 descriptis
1044 4419 1111 4475 aut
1138 4401 1395 4476 describendis
1414 4402 1612 4475 dumtaxat

107 4523 290 4620 exceptis.
321 4523 371 4596 Et
399 4524 442 4610 si,
471 4524 666 4599 adinstar
693 4527 912 4600 eorumdem
948 4524 1182 4600 familiarium
1209 4527 1449 4622 antiquorum
1469 4527 1607 4600 descri-

109 4664 274 4745 ptorum,
295 4649 331 4722 in
359 4649 533 4723 omnibus
562 4666 602 4724 et
628 4674 698 4747 per
723 4653 849 4724 omnia
875 4651 1137 4746 parilormiter,
1159 4652 1316 4748 perinde
1343 4675 1388 4724 ac
1417 4651 1448 4724 si
1475 4650 1554 4724 veri
1573 4665 1614 4723 et

109 4799 184 4848 non
213 4773 287 4847 ficti
315 4773 514 4848 familiares
541 4772 674 4859 forent,
705 4791 745 4849 et
770 4776 849 4849 sine
877 4772 952 4848 ulla
979 4800 1135 4872 prorsus
1163 4775 1369 4850 differentia
1397 4799 1418 4848 a
1445 4775 1554 4849 nobis
1572 4792 1611 4847 et

106 4925 128 4973 a
156 4899 251 4972 sede
270 4897 440 4994 predicta
457 4902 721 4997 prerogativas
739 4899 1026 4995 quomodolibet
1044 4901 1282 4985 obtinuerint,
1303 4899 1556 4996 pariformiter
1572 4917 1613 4974 et

107 5023 262 5098 omnino
277 5023 514 5118 preferantur
528 5039 566 5097 et
580 5024 737 5119 preferri
751 5024 926 5110 debeant,
946 5025 1058 5098 etiam
1079 5027 1108 5097 si
1124 5040 1370 5121 expectantes
1385 5025 1609 5111 huiusmodi,

108 5151 144 5222 in
182 5147 353 5222 ecclesiis
390 5149 427 5219 in
472 5146 610 5244 quibus
648 5147 901 5222 Canonicatus
935 5164 975 5222 et
1008 5150 1200 5245 prebende
1237 5141 1373 5222 fuerint
1404 5147 1611 5243 apostolica

105 5272 335 5348 auctoritate
363 5274 398 5346 in
429 5271 641 5348 Canonicos
670 5273 743 5346 sint
770 5273 886 5346 creati
915 5273 974 5348 vel
1003 5275 1145 5370 recepti
1172 5291 1212 5347 et
1243 5271 1368 5347 littere
1395 5273 1477 5369 ipse
1506 5289 1609 5344 motu

107 5398 265 5496 proprIo
303 5421 496 5486 concesse,
525 5423 765 5494 quacumque
802 5399 916 5472 etiam
948 5399 1141 5497 diligentia
1182 5421 1297 5494 super
1330 5397 1611 5495 presentatione
