3718 5918
727 343 919 428 Innocentio
937 365 1028 427 XIII
1573 367 1628 425 477

209 559 398 658 Tempore
426 563 595 636 vacantis
624 562 781 639 Sedis...
809 561 1028 659 perduravit
1053 561 1176 636 adhuc
1209 562 1501 637 subministratio
1539 587 1627 660 por-

125 685 239 759 tionis
269 687 377 762 Panis
405 703 444 762 et
464 686 559 771 Vini,
582 688 724 785 quievit
743 704 867 762 tamen
886 686 1005 762 altera
1024 687 1204 760 menstrui
1225 684 1347 760 salarii
1370 687 1472 783 quod
1491 703 1628 784 postea

125 809 275 909 integre
303 813 499 912 exegimus
526 829 615 909 post
643 814 869 889 creationem
899 813 1022 908 Papae
1050 813 1141 910 (lnn.
1172 809 1273 909 XIII)
1303 811 1366 907 qui
1384 810 1539 907 insuper
1556 836 1626 909 pro

125 959 284 1011 munere
313 937 468 1036 singulis
498 938 668 1013 distribui
696 939 887 1012 mandavit
914 953 1021 1012 scuta
1053 960 1154 1030 ²40⁰
1182 939 1273 1013 auri.

833 1276 924 1354 404.

131 1423 255 1494 Lucas
282 1421 469 1494 Antonius
502 1419 617 1495 Delia
648 1419 774 1506 Gatta,
804 1420 922 1493 Rotae
948 1420 1090 1494 Studiis
1113 1419 1288 1506 Adzictor,
1309 1429 1548 1516 promovetur
1574 1419 1630 1492 ad

210 1543 411 1618 Ecclesiam
438 1545 734 1644 Hydruntinam.

211 1699 328 1773 (Anca.
348 1699 433 1774 Ron,
458 1699 583 1758 «Liber
601 1698 635 1758 S.
654 1698 795 1774 Rotae»,
815 1716 847 1758 n.
867 1699 901 1772 2,
917 1707 995 1774 pag.
1014 1699 1099 1772 216).

906 1809 907 1814 ἵ
1432 1825 1531 1883 Anno
1551 1823 1628 1882 1721.

212 1955 424 2030 Referenda
452 1955 600 2029 videtur
627 1956 724 2029 inter
751 1975 836 2030 acta
864 1957 901 2031 S.
933 1955 1146 2030 Tribunalis
1174 1955 1361 2053 promotio
1392 1957 1442 2030 ad
1471 1955 1628 2053 Episco-

127 2099 259 2177 patum
289 2082 450 2156 Abbatis
479 2081 604 2156 Lucae
631 2081 786 2156 Antonii
813 2079 910 2155 della
938 2080 1067 2156 Gatta.
1098 2083 1133 2154 ls
1161 2081 1305 2180 origine
1326 2081 1629 2179 Hydruntinuse

129 2207 268 2304 Regno
296 2206 476 2304 Neapolis
504 2197 587 2281 huic
615 2205 807 2282 Tribunali
848 2223 1011 2304 quatuor
1047 2206 1173 2281 lustris
1202 2206 1393 2280 inservivit
1411 2205 1575 2282 Adiutor
1592 2209 1629 2280 in

128 2331 273 2405 Studiis
315 2330 475 2428 plurium
517 2332 599 2406 RR.
645 2331 712 2404 ΡΡ.
748 2330 987 2418 Auditorum,
1018 2355 1154 2428 nempe
1197 2329 1424 2419 Dell'Olmo,
1465 2329 1626 2415 Omaria,

130 2457 339 2532 Barbadico
366 2474 405 2531 et
433 2457 633 2532 novissime
662 2458 707 2532 R.
738 2457 777 2531 P.
810 2456 857 2532 D.
889 2459 961 2532 mei
990 2457 1155 2543 Foscari,
1185 2471 1292 2533 tanto
1327 2457 1519 2532 doctrinae
1547 2485 1629 2556 spe·

126 2583 271 2667 cimine,
301 2584 493 2680 tantaque
508 2608 653 2657 morum
683 2581 871 2680 probitate
905 2599 945 2656 et
972 2585 1159 2668 comitate,
1190 2599 1232 2657 ut
1268 2581 1357 2657 nulli
1390 2584 1526 2658 charus
1554 2608 1627 2658 non

125 2725 234 2782 esset
259 2726 298 2782 et
326 2708 426 2782 omni
454 2707 596 2782 honore
629 2707 765 2805 dignus
802 2731 874 2782 non
902 2708 1104 2782 videretur.
1144 2707 1275 2807 ltaque
1312 2706 1394 2782 eius
1430 2709 1628 2783 virtutibus
1734 2679 1739 2696 ¹

125 2833 280 2931 agnitis,
311 2832 451 2908 SSrirus
480 2832 529 2908 D.
560 2831 607 2908 N.
639 2831 740 2930 Papa
776 2832 1013 2906 Innocentius
1041 2831 1141 2920 XIII,
1174 2832 1197 2908 f.
1237 2857 1279 2919 r.‚
1317 2859 1404 2907 eum
1439 2832 1628 2908 Ecclesiae

129 2957 345 3032 Bituntinae
373 2956 458 3030 iecit
477 2955 706 3054 Episcopum
727 2955 761 3027 V
781 2955 869 3030 Idus
888 2955 1008 3030 iunias
1027 2981 1167 3055 magno
1188 2957 1302 3032 totius
1323 2957 1460 3032 Curiae
1482 2957 1628 3056 plausu.

837 3294 929 3373 405.

130 3441 321 3522 Lancrtta,
349 3447 474 3524 mente,
497 3447 656 3537 propter
680 3439 831 3526 scudem,
852 3436 1028 3534 infirmus
1045 3437 1203 3536 officium
1221 3449 1257 3514 et
1271 3441 1486 3516 exercitium
1505 3440 1629 3515 Audi·

212 3573 355 3640 teratur
381 3572 418 3637 et
441 3563 656 3637 Decanatus
684 3561 802 3638 Rotas
827 3563 1046 3641 intermittit.
1062 3607 1081 3621 -
1101 3563 1239 3640 Oritur
1255 3565 1501 3640 controverstir
1518 3577 1631 3664 super

211 3687 430 3763 assecutione
448 3687 664 3762 Decanatus
685 3689 783 3761 inter
800 3688 1098 3773 Aldrovandum,
1121 3689 1442 3778 Locumtenentem,
1464 3699 1500 3763 et
1515 3691 1630 3765 sentir-

210 3841 288 3888 rem
316 3813 549 3888 Auditorem.

200 3970 315 4043 (Auen.
334 3969 422 4042 Rom,
445 3967 635 4028 «Drbrr'um
656 3969 878 4040 Camarum).

593 4150 752 4226 Veneris
786 4175 832 4242 19
862 4133 1160 4246 Novtffi'1723.

211 4313 265 4388 Ut
310 4311 483 4411 superius
521 4311 712 4394 adnotavi,
753 4312 847 4385 Rrirs
891 4312 1075 4387 Lancetta
1112 4312 1290 4386 Decanus
1327 4336 1451 4408 neque
1488 4313 1524 4385 in
1561 4314 1630 4388 hac

127 4441 230 4515 Rota
257 4437 465 4524 intervenit,
498 4461 619 4534 neque
648 4435 807 4533 amplius
846 4437 1079 4521 interveniet,
1110 4437 1198 4533 quia
1232 4436 1409 4512 Summus
1448 4437 1627 4522 Pontifex,

126 4565 257 4642 habita
284 4563 414 4639 notitia
442 4563 545 4660 quod
572 4577 730 4659 propter
756 4561 912 4645 senium,
932 4561 1018 4635 licet
1035 4587 1194 4659 corpore
1213 4587 1337 4646 sanus,
1360 4579 1486 4638 mente
1505 4579 1630 4638 tamen

126 4691 294 4766 infirmus
322 4703 436 4775 esset,
464 4689 559 4761 itaut
595 4711 726 4760 sanum
764 4687 937 4760 iudicium
966 4687 1002 4760 in
1030 4688 1151 4761 causis
1179 4686 1356 4762 adhibere
1393 4712 1466 4790 non
1499 4702 1631 4785 posset

127 4813 248 4917 (quod
279 4814 352 4888 iam
380 4813 415 4886 in
445 4811 559 4886 Curia
586 4811 731 4911 vulgari
758 4816 949 4907 coeperat)
976 4837 1044 4908 per
1071 4837 1255 4908 organum
1283 4813 1378 4887 illius
1403 4812 1630 4888 Confessarii

126 4966 235 5016 suam
263 4939 495 5014 voluntatem
523 4937 556 5011 ei
586 4937 845 5023 manifestavit,
875 4937 978 5035 quod
1006 4960 1029 5008 a
1056 4938 1169 5010 studii
1201 4936 1389 5012 laboribus
1426 4939 1633 5014 abstineret

127 5083 167 5143 et
193 5065 408 5140 exercitium
436 5061 632 5136 Auditoris
662 5062 784 5137 Rotae
812 5061 1084 5148 intermitteret,
1116 5087 1207 5136 suae
1235 5062 1436 5136 valetudini
1455 5089 1523 5162 per
1550 5067 1631 5139 ocia

126 5189 337 5275 consulens,
368 5189 398 5261 si
427 5187 524 5261 forte
552 5185 687 5260 mentis
715 5185 928 5260 firmitatem
955 5211 1179 5282 recuperare
1206 5203 1348 5283 posset.
1379 5185 1493 5280 Quod
1531 5189 1628 5262 Pon-

129 5317 235 5391 tificis
264 5313 455 5389 oraculum
483 5313 564 5407 ipse
600 5311 872 5408 imperturbato
905 5312 1030 5385 animo
1066 5311 1211 5408 accepit
1247 5327 1286 5386 et
1319 5313 1430 5409 aequi
1468 5314 1630 5412 bonique

1 5457 2 5466 ’
129 5439 324 5526 consuluit,
367 5434 697 5534 promptissimam,
729 5451 770 5510 ut
810 5461 880 5534 par
920 5455 1013 5524 erat,
1055 5437 1306 5512 obedientiam
1346 5438 1547 5514 exhibens:
1582 5464 1630 5515 eo
