3720 5914
797 311 891 372 Sixto
908 312 931 371 J
936 312 965 373 V
1572 316 1626 376 207

121 507 223 580 curie
253 505 452 603 plurimum
481 504 734 588 elaborarunt,
765 519 802 578 et
831 503 1030 601 presertim
1060 504 1158 579 circa
1184 505 1489 581 reformationem
1527 508 1627 582 Rote

121 648 162 706 ct
189 656 389 705 causarum
418 631 512 705 sacri
539 629 666 726 palatii
693 627 900 727 apostolici,
924 655 970 702 ne
998 629 1132 726 aliquis
1159 631 1422 706 admitteretur
1448 634 1484 706 in
1513 635 1626 709 Audi·

122 774 256 843 torem,
279 755 348 830 nisi
374 755 534 830 servatis
562 754 758 830 servandis
785 769 826 828 et
851 754 1059 828 eorundem
1087 755 1304 852 pontificum
1328 757 1627 834 ordinationibus

123 882 325 979 diligenter
351 878 572 966 observatis,
602 878 774 953 videlicet
802 879 898 953 inter
926 893 1069 955 cetera:
1101 879 1155 954 Ut
1181 906 1265 956 cum
1293 879 1428 978 aliquis
1463 883 1513 957 ad
1550 881 1627 957 offi-

123 1007 222 1080 cium
259 1005 521 1080 Auditoriatus
557 1019 824 1091 assumeretur,
862 1019 978 1092 esset,
1008 1018 1048 1078 et
1074 1029 1161 1080 esse
1189 1004 1357 1094 deberet,
1387 1006 1500 1082 homo
1528 1008 1627 1083 bone

123 1131 241 1217 lame;
271 1132 430 1204 honeste
457 1129 771 1217 conversationis;
801 1128 949 1203 Doctor
977 1128 1161 1215 famosum
1190 1130 1255 1226 qui
1272 1156 1340 1227 per
1359 1130 1487 1227 plures
1506 1157 1628 1206 annos

124 1253 313 1328 ordinarie
339 1251 498 1352 legisset
524 1253 561 1327 in
589 1251 716 1326 studio
743 1239 931 1351 generali}
960 1253 997 1325 in
1025 1250 1233 1327 redditibus
1254 1279 1451 1338 „summam
1488 1255 1628 1330 ducen-

125 1397 251 1454 torum
279 1379 504 1454 florenorum
532 1379 614 1452 auri
641 1378 690 1452 de
720 1377 882 1451 Camera
909 1377 1050 1453 habere
1069 1378 1238 1466 deberet,
1259 1403 1305 1454 ne
1324 1379 1417 1455 alias
1436 1381 1630 1456 videretur

122 1529 310 1580 onerosus
337 1503 589 1602 litigantibus;
619 1519 658 1576 et
685 1503 722 1576 in
749 1503 932 1599 principio
951 1503 1058 1578 fieret
1085 1503 1133 1578 de
1161 1503 1271 1589 lama,
1292 1506 1459 1580 moribus
1485 1522 1527 1580 et
1553 1506 1628 1581 lor-

125 1645 216 1704 tuna
243 1629 323 1702 sive
350 1629 458 1703 bonis
485 1627 685 1725 inquisitio.
717 1627 878 1715 Deinde,
908 1627 940 1701 si
974 1627 1059 1702 talis
1095 1630 1335 1725 reperiretur,
1365 1631 1630 1706 admitteretur

121 1755 174 1828 ad
207 1753 469 1850 repetitionem
506 1752 654 1849 publice
689 1751 850 1826 fiendam
888 1753 937 1826 de
965 1768 1115 1849 puncto,
1152 1754 1221 1828 sibi
1258 1778 1327 1851 per
1363 1755 1628 1851 paternitatem

123 1893 291 1952 vestram
320 1877 686 1952 Reverendissimam
715 1899 899 1952 unacum
928 1876 1077 1952 duobus
1103 1893 1170 1950 aut
1196 1878 1365 1975 pluribus
1396 1903 1445 1953 ex
1472 1879 1627 1954 Audito·

126 2005 229 2078 ribus
256 2002 425 2078 eiusdem
452 2000 582 2100 palatii
609 2002 815 2101 assignato,
845 2001 882 2074 in
917 2003 1109 2098 presentia
1136 2003 1373 2078 dominorum
1401 2002 1627 2080 Auditorum

126 2146 167 2203 et
192 2129 289 2204 sacri
317 2128 540 2204 Consistorii
576 2129 862 2202 Advocatorum
891 2150 1036 2202 necnon
1072 2128 1417 2205 Protonotariorum
1456 2154 1629 2206 numera-

125 2255 279 2328 riorum.
309 2252 396 2348 Qua
424 2251 604 2328 relatione
631 2255 679 2328 de
706 2252 827 2348 prima
860 2252 1098 2349 inquisitione
1126 2268 1166 2326 et
1193 2255 1406 2329 successive
1442 2257 1629 2331 servanda

124 2377 386 2454 informatione
412 2375 657 2453 Sanctissimo
685 2377 837 2452 domino
865 2393 997 2452 nostro
1017 2403 1115 2476 pape
1135 2401 1203 2452 nec
1221 2379 1399 2454 intimatis
1418 2403 1486 2454 nee
1508 2381 1626 2466 factis,

125 2503 336 2600 paternitas
363 2516 492 2576 vestra
520 2503 664 2576 Revrina
692 2502 865 2576 dominos
893 2501 1100 2577 Auditores
1127 2501 1177 2577 ad
1204 2528 1245 2577 se
1273 2505 1399 2578 vocari
1427 2505 1629 2592 mandavit,

126 2645 176 2716 et,
197 2645 241 2702 ut
267 2629 460 2713 asseritur,
481 2629 529 2702 de
556 2628 738 2703 mandato
757 2627 990 2702 Sanctissimi
1009 2627 1150 2704 domini
1178 2629 1296 2702 nostri
1320 2653 1429 2726 pape,
1451 2644 1491 2703 et
1509 2631 1629 2716 Audi·

124 2753 271 2828 toribus
299 2741 390 2850 ipsis
418 2776 545 2828 coram
573 2752 799 2849 paternitate
826 2769 953 2826 vestra
974 2753 1304 2828 Reverendissima
1331 2755 1572 2850 presentibus
1590 2771 1630 2829 et

125 2877 478 2965 contradicentibus,
517 2876 664 2952 cuidam
707 2877 908 2952 Francisco
950 2875 1096 2965 Brevio,
1136 2876 1287 2952 clerico·
1311 2894 1353 2952 ut
1393 2877 1630 2976 pretenditur

124 3019 277 3088 veneto,
308 3003 370 3099 qui
398 3017 529 3079 contra
558 3001 859 3080 Constitutiones
895 3002 1141 3099 supradictas,
1172 3016 1214 3076 ut
1240 3001 1385 3091 dicitur,
1416 3005 1567 3102 repetiit
1593 3005 1630 3078 in

125 3129 300 3204 absentia
326 3127 554 3202 Auditorum
582 3144 622 3202 et
648 3151 723 3202 non
751 3125 843 3202 dato
870 3128 940 3202 sibi
977 3143 1127 3225 puncto,
1160 3127 1263 3202 iuxta
1290 3127 1449 3202 sormam
1478 3129 1630 3204 Consti-

126 3253 326 3340 tutionum,
356 3277 425 3327 nec
451 3253 596 3328 doctori
623 3253 780 3340 famoso,
811 3251 942 3326 necin
971 3253 1079 3327 bonis
1107 3252 1258 3328 habenti
1286 3267 1429 3327 utnon
1464 3255 1513 3328 sit
1538 3277 1631 3328 one·

126 3403 240 3453 rosus
266 3375 497 3476 litigantibus
525 3392 565 3453 et
591 3378 656 3474 qui
684 3401 759 3452 non
787 3375 880 3477 legit
907 3401 976 3451 nec
1004 3375 1148 3452 studuit
1173 3377 1277 3452 iuxta
1304 3377 1462 3453 formam
1483 3378 1631 3452 Consti-

126 3503 326 3587 tutionum,
356 3527 425 3576 nec
453 3501 542 3578 talis.
564 3502 662 3576 lame
689 3518 729 3577 et
753 3502 968 3599 oppinionis
996 3519 1109 3599 prout
1141 3501 1337 3600 postulant
1363 3519 1403 3578 et
1434 3503 1631 3602 requirunt

128 3627 433 3703 Constitutiones
460 3641 500 3702 et
534 3627 626 3702 alias
647 3627 844 3716 ⁸diminute
880 3627 1033 3702 scientie
1070 3643 1112 3702 ut
1148 3652 1222 3702 non
1259 3629 1309 3704 sit
1343 3645 1449 3704 tanto
1487 3628 1631 3704 honore

127 3752 268 3852 dignus
295 3768 337 3827 ut
362 3751 545 3828 efficiatur
575 3752 726 3828 auditor
759 3752 855 3828 sacri
890 3752 1029 3849 palatii,
1060 3768 1099 3827 et
1133 3752 1224 3827 alias
1261 3753 1448 3828 immerito
1481 3751 1631 3828 violatis

128 3875 469 3952 Constitutionibus
497 3892 537 3951 et
563 3877 888 3952 observationibus
917 3876 1160 3951 sanctissimis
1188 3892 1228 3951 et
1254 3880 1350 3953 bene
1385 3903 1469 3952 cum
1501 3876 1632 3952 labore

127 4001 346 4100 pontificum
372 4001 489 4090 lactis,
520 4019 700 4098 punctum
728 4001 798 4076 sibi
826 4018 1012 4077 secretum
1041 4026 1111 4099 pro
1140 4018 1289 4076 secreto
1316 4002 1489 4077 examine
1526 4001 1632 4077 dedit

128 4141 170 4200 et
195 4127 413 4225 assignavit,
444 4127 523 4204 sive
549 4128 642 4202 dare
679 4143 719 4201 et
752 4127 948 4225 assignare
984 4127 1232 4201 comminatus
1268 4145 1338 4202 est.
1370 4127 1483 4202 Unde
1511 4129 1631 4202 Audi-

127 4266 235 4326 tores
261 4253 430 4327 eiusdem
459 4251 587 4350 palatii
612 4277 636 4326 a
663 4253 771 4326 vobis
798 4268 837 4326 et
865 4277 1046 4350 processu
1074 4269 1216 4338 vestro,
1237 4278 1320 4326 cum
1358 4252 1459 4329 omni
1486 4252 1631 4326 honore

127 4391 169 4450 et
195 4377 415 4465 reverentia,
443 4375 657 4465 humillime,
686 4377 751 4451 Ad
779 4375 1063 4451 Sanctissimum
1091 4375 1283 4450 dominum
1312 4393 1482 4451 nostrum
1511 4375 1631 4450 domi-

128 4525 219 4575 num
240 4501 385 4576 Sixtum
404 4527 543 4599 papam
563 4517 740 4599 quartum
760 4501 892 4578 melius
911 4501 1195 4590 informandum,
1217 4517 1427 4598 provocant
1444 4517 1483 4576 et
1500 4501 1631 4598 appel·

126 4627 217 4712 lant,
249 4641 288 4700 et
315 4627 511 4724 apostolos
540 4625 671 4725 primo,
702 4627 871 4701 secundo
906 4643 946 4701 et
983 4626 1104 4713 tertio,
1135 4651 1179 4700 ac
1207 4625 1402 4712 instanter,
1432 4625 1631 4699 instantius

125 4765 168 4826 et
195 4751 464 4827 instantissime
492 4753 561 4827 sibi
589 4752 670 4826 dari
697 4767 738 4826 et
764 4750 918 4826 concedi
946 4767 1091 4848 petunt.

211 4876 326 4952 Salvo
354 4878 432 4953 iure
459 4877 623 4954 addendi
650 4885 721 4954 etc.

210 5001 260 5078 Et
287 5018 544 5100 protestantes
572 5018 644 5080 etc.
