3718 5918
104 259 148 378 ο
256 337 311 398 492
873 335 1009 397 Saeculo
1029 336 1152 398 XVIII

1330 438 1458 446 ...--
1656 435 1740 444 ...-

256 533 339 608 loco
367 533 509 630 copiae,
539 533 649 608 liceat
678 533 844 607 Notarlis
873 531 970 607 ultra
998 533 1209 607 mercedem
1239 532 1398 629 regestrl
1427 531 1643 604 eorumdem
1676 531 1748 602 suis

255 657 349 742 loco,
379 673 419 732 et
447 672 618 754 tempore
647 681 889 753 consequen,
928 657 1080 755 exigere
1107 657 1326 730 'mercedem
1361 679 1516 752 quoque
1554 655 1749 748 requisitae

257 781 397 878 copiae,
428 783 567 856 scilicet
595 785 665 857 ob:
696 797 842 878 septem
870 805 955 856 cum
985 781 1137 855 dimidio
1157 805 1226 876 pro
1255 781 1424 876 qualibet
1442 795 1557 861 carta,
1581 803 1646 851 seu
1667 776 1750 852 lolio
1839 789 1840 800 ’

255 933 276 980 a
316 908 487 981 Partibus
522 908 714 1002 requisito,
746 907 915 1005 regulan.
951 921 992 980 ut
1028 929 1279 1003 unaquaeque
1312 906 1426 979 facies
1465 904 1539 979 lolii
1566 909 1751 981 contineat

254 1031 371 1106 lineas
404 1055 462 1125 24,
493 1047 532 1106 et
561 1055 813 1129 unaquaeque
841 1031 937 1104 linea
966 1031 1137 1128 Syllabas
1166 1015 1384 1104 duodecim.¹

338 1157 409 1230 Pro
437 1155 810 1252 qualibet·Sessione
836 1156 1018 1230 examinis
1047 1155 1229 1241 Testium,
1259 1179 1359 1252 quae
1387 1154 1574 1250 completa
1612 1155 1752 1228 dicatur

255 1298 459 1377 postquam
488 1281 627 1377 scripta
655 1279 791 1354 luerint
818 1296 982 1377 quatuor
1009 1279 1105 1366 lolia,
1137 1305 1204 1354 seu
1235 1279 1385 1364 Cattae,
1411 1293 1452 1352 et
1469 1280 1585 1374 quod*
1601 1281 1638 1352 in
1666 1305 1749 1376 qua·

254 1405 345 1480 libet
372 1404 464 1480 lacie
491 1406 566 1480 lolil
595 1407 856 1480 contineantur
883 1405 1001 1478 lineae
1029 1405 1159 1503 viginti
1186 1419 1361 1500 quatuor,
1395 1419 1436 1478 et
1462 1405 1498 1476 in
1526 1427 1750 1500 unaquaque

255 1530 350 1604 linea
380 1529 554 1628 Syllabae
581 1529 790 1616 duodecim,
832 1530 862 1603 si
899 1529 1037 1604 Testes
1064 1529 1265 1604 examinati
1303 1527 1437 1602 suerint
1466 1529 1501 1602 in
1530 1529 1679 1615 Officio,
1717 1543 1754 1601 et

259 1653 373 1731 Domi
401 1655 547 1729 Notarii
575 1655 680 1729 obul:
711 1655 864 1752 triginta
892 1669 1039 1751 septem
1068 1677 1151 1728 curn
1180 1651 1334 1726 dimldio
1388 1713 1394 1728 .
1453 1709 1461 1726 .
1519 1677 1568 1728 sc.
1592 1695 1643 1710 -
1664 1653 1752 1754 37¹),

339 1781 378 1854 Si
414 1795 521 1854 extra
563 1779 749 1864 Officium,
792 1796 832 1853 et
868 1780 1022 1853 domum
1061 1779 1207 1852 Notat-ii
1244 1779 1316 1853 ob:
1359 1779 1602 1876 septuaginta
1650 1779 1753 1874 quin·

256 1929 332 2000 que
348 1961 824 1981 ........
866 1911 867 1918 ’
885 1961 1428 1980 .........
1473 1923 1495 1977 ·.
1554 1929 1604 1978 sc.
1637 1947 1690 1962 -
1708 1925 1750 1996 75

266 2057 269 2062 ¹
313 2031 384 2104 Pro
411 2031 588 2127 qualibet.
620 2030 746 2118 Carta,
776 2054 844 2104 seu
872 2029 959 2104 lolio
987 2029 1196 2114 Summarii,
1228 2055 1294 2102 seu
1316 2027 1437 2123 Copia
1467 2028 1753 2124 Depositionum

257 2155 439 2242 Testium,
470 2171 547 2230 tam
576 2157 611 2228 in
641 2155 765 2242 Curia,
797 2179 911 2252 quam
939 2155 975 2228 in
1005 2154 1175 2227 Partibus
1203 2155 1499 2227 examinatorum
1520 2152 1690 2251 regulan.
1709 2153 1754 2226 ad

257 2279 386 2363 lineas.
416 2296 455 2354 et
483 2280 666 2377 Syllabas,
696 2296 739 2353 ut
758 2304 845 2354 mox
873 2279 1012 2354 dictum
1045 2292 1106 2352 est
1138 2275 1185 2351 de
1220 2260 1471 2382 sessionibus,
1503 2279 1572 2354 ob:
1609 2293 1752 2374 septem

259 2429 342 2478 cum
372 2406 525 2479 dimidio
577 2462 1055 2480 ........
1102 2404 1104 2406 ’
1114 2461 1455 2481 ......
1514 2427 1565 2476 sc.
1597 2400 1755 2503 -07¹,l²

340 2531 412 2604 Pro
449 2529 600 2604 Litteris
637 2527 961 2615 executorialibus,
999 2528 1107 2602 liceat
1147 2527 1300 2624 exigere
1343 2527 1508 2602 Notariis
1546 2543 1653 2601 scuta
1691 2528 1757 2600 tria

258 2669 445 2740 monetae,
475 2671 589 2748 prout
616 2652 829 2728 huiusmodi
858 2677 1003 2727 summa
1037 2653 1137 2752 exigi
1172 2652 1271 2726 solet
1305 2675 1376 2748 pro
1408 2677 1650 2748 quocumque
1687 2652 1756 2726 alio

259 2780 440 2854 mandato
468 2779 569 2853 iuxta
599 2779 743 2853 Taxam
772 2777 962 2852 Paulinam
969 2833 1513 2855 .........
1570 2801 1621 2852 sc.
1683 2819 1755 2853 .-

340 2906 410 2978 Pro
438 2921 571 2979 tenore
600 2927 920 3001 quarumcumque
955 2901 1245 2998 Expeditionum
1278 2900 1610 2987 Remissorialium,
1653 2903 1758 2975 Man·

259 3031 444 3115 datorum,
474 3045 513 3102 et
540 3029 708 3111 aliorum,
739 3044 781 3102 ut
814 3027 906 3101 inira
942 3029 1236 3126 designatorum,
1276 3047 1375 3123 quae
1410 3025 1579 3122 expediri
1616 3029 1758 3100 contin·

258 3155 384 3256 gerint
411 3171 488 3228 tam
516 3178 642 3228 coram
679 3154 986 3228 Eminentissimo
1019 3153 1246 3250 Signaturae
1277 3151 1458 3239 Iustitiae,
1487 3152 1565 3224 sive
1604 3151 1758 3225 Gratiae

262 3282 465 3368 Praefecto,
494 3295 533 3355 et
561 3281 606 3356 R.
638 3279 676 3355 Ρ.
709 3279 755 3353 D.
787 3279 972 3352 Auditore
1001 3278 1245 3363 Sanctissimi,
1274 3293 1314 3351 et
1343 3277 1389 3353 R.
1420 3277 1459 3351 P.
1489 3275 1538 3356 D.
1574 3277 1758 3350 Auditore
1839 3311 1840 3328 .

260 3405 486 3505 Signaturae
506 3405 732 3501 praedictae,
755 3428 868 3501 quam
887 3425 1014 3477 coram
1035 3404 1118 3476 RR.
1141 3403 1208 3478 ΡΡ.
1232 3402 1320 3475 DD.
1343 3401 1481 3476 Sacrae
1502 3402 1625 3476 Rotae
1641 3401 1761 3475 Audi·
1839 3405 1840 3480 Ϊ

260 3529 414 3617 toribus,
446 3544 618 3604 servetur
646 3529 765 3616 Taxa,
795 3545 836 3602 ut
863 3529 958 3602 infra
986 3527 1209 3609 modificata,
1240 3525 1431 3602 videlicet:

342 3655 413 3728 Pro
442 3671 573 3728 tenore
599 3653 850 3748 expeditionis
883 3652 1093 3738 Citationis,
1133 3651 1364 3725 Inhibitionis
1401 3666 1443 3724 et
1479 3649 1763 3746 Compulsoria-
1839 3685 1840 3702 π

260 3781 349 3854 lium
376 3777 619 3876 generalium,
658 3779 739 3850 sive
775 3778 906 3851 unitim
944 3778 1022 3851 sive
1059 3783 1264 3874 separatim
1292 3776 1429 3850 dentur
1463 3777 1763 3870 compraehensa
1839 3751 1840 3808 l

261 3902 434 3978 mercede
463 3901 604 3975 decreti
633 3899 823 3975 relationis
851 3926 921 3997 pro
949 3902 1119 3998 quolibet
1161 3957 1502 3976 ......
1560 3923 1610 3974 sc.
1643 3943 1696 3954 --
1713 3907 1761 3973 60

343 4029 414 4101 Pro
434 4045 565 4100 tenore
583 4026 831 4122 expeditionis
849 4026 1057 4100 litterarum
1073 4023 1425 4121 Compulsorialium
1446 4023 1664 4120 specialium
1679 4047 1763 4096 cum

263 4131 573 4249 subdelegatione
602 4151 735 4225 Iudicis
755 4207 1500 4227 ............
1557 4175 1608 4224 sc.
1640 4191 1694 4208 -
1714 4171 1759 4242 75

370 4277 440 4350 Pro
469 4292 600 4350 tenore
628 4275 876 4373 expeditionis
905 4277 1172 4371 cuiuscumque
1201 4275 1521 4374 subdelegationis
1558 4274 1695 4347 Iudicis
1729 4276 1762 4346 in

265 4403 435 4476 Partibus
463 4402 512 4474 ad
541 4425 801 4499 quoscumque
829 4401 985 4476 eflectus
1023 4457 1500 4476 ........
1559 4425 1609 4471 sc.
1643 4439 1693 4455 -
1714 4421 1759 4492 75

345 4527 416 4599 Pro
444 4541 576 4600 tenore
603 4526 854 4623 expeditionis
882 4525 1120 4622 praefixionis
1158 4525 1303 4599 termini
1323 4524 1390 4598 ‘ad
1427 4526 1763 4620 transportandum

263 4668 358 4736 acta,
388 4667 427 4725 et
454 4651 503 4724 ad
531 4651 624 4725 alios
653 4675 915 4748 quoscumque
943 4651 1100 4724 effectus
1117 4707 1529 4725 .......
1560 4675 1610 4724 sc.
1641 4691 1696 4705 -
1714 4671 1763 4741 50

345 4777 415 4850 Pro
444 4793 575 4850 tenore
603 4775 851 4873 expeditionis
879 4775 1148 4849 moderationis
1179 4773 1410 4850 Inhibitionis
1446 4775 1497 4846 ob
1534 4797 1606 4846 non
1646 4790 1766 4847 trans

232 4895 515 4998 ¹portationem
544 4918 713 4975 actorum
742 4901 789 4974 ad
819 4918 946 4996 partes
975 4902 1045 4974 ob:
1078 4922 1138 4992 50.
1169 4901 1209 4972 ln
1238 4899 1352 4972 Curia
1383 4897 1503 4970 Nihil.
1561 4923 1612 4973 sc.
1643 4941 1694 4955 -
1714 4921 1763 4992 50
1839 4973 1840 4976 ,

342 5026 413 5100 Pro
441 5043 573 5102 tenore
601 5023 852 5122 expeditionis
881 5025 1071 5099 Monitorii
1100 5026 1135 5097 in
1166 5025 1280 5098 Curia
1307 5026 1356 5098 ad
1384 5047 1646 5120 quoscumque
1674 5022 1765 5096 efle-

262 5169 343 5224 ctus
348 5207 1498 5228 ..................
1558 5173 1609 5220 sc.
1643 5189 1693 5204 --
1716 5169 1764 5239 15·

342 5276 413 5348 Pro
442 5292 573 5350 tenore
601 5277 850 5373 expeditionis
880 5274 1073 5348 Monitorii
1106 5291 1213 5348 extra
1243 5269 1395 5348 Curiam
1425 5273 1473 5346 ad
1502 5295 1765 5369 quoscumque

263 5399 418 5474 effectus
423 5454 1502 5483 .................
1561 5423 1612 5474 sc.
1643 5439 1691 5454 -
1708 5403 1762 5469 60
