3718 5918
677 285 855 348 Benedt‘clo
873 285 965 346 XIII
976 287 1020 361 (t)
1545 285 1598 346 481

184 479 314 577 2⁰·qui
342 481 377 554 in
406 480 595 555 erectione
624 479 783 578 Collegii
812 481 976 555 Archivii
1004 506 1075 577 per
1101 478 1230 552 lulium
1263 503 1281 552 2
1314 478 1412 554 lacta
1432 495 1595 566 cavetur,

107 623 145 680 ut
181 605 326 678 Notarii
355 604 518 678 Archivii
556 604 630 678 sint
666 603 800 680 notarii
837 605 1001 680 omnium
1039 605 1343 680 commissionum
1381 605 1599 678 commissa-

106 731 240 804 riorum
267 745 308 804 et
336 729 597 828 delegatorum
625 729 790 803 ludicum
822 728 959 804 Curiae
986 730 1192 814 Romanae,
1213 728 1381 826 exceptis
1405 731 1599 825 perpetuis

105 852 331 942 officialibus,
362 869 402 928 et
430 854 544 928 Urbis
571 877 615 928 ac
645 855 851 930 Romanae
868 853 1005 930 Curiae
1032 853 1279 930 tribunalibus
1298 869 1338 928 et
1364 851 1465 937 soris,
1487 853 1599 928 etsie

103 995 262 1075 excepto
281 978 472 1054 Tribunali
501 979 635 1054 Rotae.
666 979 717 1052 Et
743 1005 858 1054 causa
884 979 1084 1054 erectionis
1103 978 1269 1054 Archivii
1287 977 1355 1054 fuit
1378 977 1598 1075 providendi

104 1105 150 1178 de
186 1102 334 1178 notario
374 1103 482 1176 dictis
520 1103 705 1178 ludicibus
744 1101 1031 1190 Commissariis,
1070 1104 1134 1200 qui
1171 1128 1245 1177 non
1283 1102 1472 1176 habebant
1510 1127 1597 1198 pro·

105 1228 206 1324 prios
233 1228 409 1314 notarios,
431 1253 531 1324 quae
550 1226 715 1324 provisio
734 1251 809 1302 non
828 1243 956 1325 potest
975 1227 1114 1302 habere
1132 1225 1255 1303 locum
1275 1241 1461 1324 respectu,
1482 1228 1598 1302 Audi·

104 1368 224 1426 torum
253 1351 388 1437 Rotae,
418 1351 483 1449 qui
510 1352 685 1450 proprios
713 1352 892 1426 Notarios
919 1368 1008 1425 tunc
1035 1352 1234 1438 habebant,
1264 1367 1304 1424 et
1331 1376 1427 1426 nunc
1445 1351 1596 1428 habent.

183 1476 403 1558 Praemissis
437 1499 513 1550 non
547 1478 676 1552 obstat
712 1476 816 1573 quod
851 1477 946 1552 istae
983 1499 1120 1552 causae
1161 1476 1442 1550 committantur
1478 1477 1599 1551 Audi-

102 1603 243 1675 toribus
281 1601 404 1676 Rotae
437 1601 490 1675 uti
527 1601 698 1677 Praelato
735 1616 842 1676 extra
877 1601 1016 1677 Rotam
1052 1616 1092 1676 et
1126 1603 1272 1698 absque
1312 1601 1597 1698 participatione

103 1725 235 1800 Rotae.

181 1851 223 1924 Ρο
237 1853 325 1948 quia
341 1875 414 1926 non
434 1867 634 1948 propterea
647 1851 790 1926 tollitur
802 1867 948 1940 natura,
964 1868 1005 1926 et
1018 1851 1180 1948 qualitas
1194 1851 1400 1940 Auditoris,
1421 1875 1520 1948 quae
1539 1868 1599 1942 est

101 1975 216 2072 ipsius
244 1975 508 2052 Auditoratus:
538 1994 577 2051 et
604 1978 776 2073 quamvis
804 1975 978 2062 Auditor,
1008 1977 1067 2050 cui
1094 1989 1208 2051 causa
1235 2001 1319 2052 cum
1339 1976 1449 2050 dictis
1466 1977 1599 2052 rescri-

100 2102 174 2196 ptis
207 2101 451 2176 committitur
483 2103 531 2176 sit
563 2103 676 2176 etiam
706 2101 919 2188 Praelatus;
947 2101 1093 2176 attendi
1125 2119 1252 2176 tantm
1286 2103 1402 2176 debet
1437 2101 1599 2198 qualitas

98 2226 351 2300 Auditoratus
387 2242 566 2322 tanquam
601 2227 723 2325 magis
760 2225 943 2323 specialis,
973 2243 1088 2321 prout
1122 2225 1158 2300 in
1186 2225 1294 2300 simili
1322 2225 1465 2315 dicitur,
1496 2226 1600 2324 quod

100 2352 254 2446 quando
282 2353 551 2448 praetenditur,
582 2368 624 2426 ut
651 2374 765 2426 causa
793 2351 971 2450 cognosci
999 2352 1136 2426 debeat
1163 2353 1198 2424 in
1228 2376 1304 2425 uno
1331 2350 1390 2426 vel
1427 2350 1501 2425 alio
1540 2353 1621 2426 tri-¹

98 2477 233 2564 bunali,
256 2476 474 2563 attenditur,
495 2476 674 2554 Tribunal
692 2476 813 2573 magis
832 2474 1006 2572 speciale.
1023 2476 1169 2552 Aretin.
1190 2499 1293 2552 cons.
1315 2479 1376 2569 83,
1398 2496 1434 2550 n.
1451 2500 1486 2569 4,
1507 2491 1597 2554 ets.

179 2611 218 2674 2⁰
248 2601 337 2699 quia
365 2601 465 2676 dicta
493 2600 658 2678 clausula
684 2601 889 2698 apponitur
915 2599 964 2676 ad
992 2600 1165 2676 effectum
1185 2617 1227 2675 nt
1245 2601 1451 2676 Auditores
1475 2598 1599 2678 Rotae

97 2748 171 2797 non
199 2742 387 2824 cogantur
414 2749 567 2800 oausam
595 2727 631 2799 in
652 2711 984 2822 Rota'proponere
1013 2721 1043 2800 'si
1071 2724 1199 2812 nolint,
1222 2727 1395 2822 quamvis
1418 2727 1530 2801 etiam
1551 2728 1599 2802 de

97 2851 194 2945 stylo
223 2853 394 2946 ipsorum
429 2851 488 2936 sit,
521 2866 561 2924 ut
589 2873 724 2924 causas
759 2850 907 2924 etiamsi
943 2851 1058 2926 modo
1095 2851 1281 2948 premisso
1308 2853 1529 2926 commissas
1562 2853 1598 2926 in

95 2971 201 3050 Rota
229 2991 457 3072 proponant.

84 3133 85 3136 ¹
175 3099 298 3172 Immo
336 3115 429 3195 puto
462 3102 565 3197 quod
594 3101 667 3174 ista
702 3100 869 3174 clausula
897 3099 1007 3174 luerit
1042 3101 1193 3174 inventa
1230 3117 1319 3196 post
1346 3099 1598 3197 supradictam

96 3221 421 3300 Constitutionem
451 3225 502 3298 Pii
530 3222 666 3317 Quarti
697 3249 745 3316 29
771 3227 809 3328 in
839 3225 1003 3300 bullario
1031 3223 1093 3302 sol.
1127 3247 1196 3320 771
1236 3225 1272 3298 in
1309 3249 1407 3301 vers.
1438 3227 1601 3302 Auditor

95 3361 235 3436 tamen,
279 3349 316 3422 in
356 3372 431 3444 qua
469 3365 618 3424 cautum
657 3349 724 3422 luit
761 3367 803 3423 ut
841 3350 1003 3423 Auditor
1038 3351 1162 3424 Rotae
1200 3373 1273 3424 non
1312 3353 1527 3446 pronuntiet
1564 3353 1600 3425 in

94 3497 213 3548 causa
253 3475 322 3548 nisi
356 3472 455 3548 illam
491 3477 528 3547 in
570 3475 671 3549 Rota
707 3491 894 3572 proponat
928 3491 968 3548 et
1004 3473 1140 3549 habitis
1178 3477 1276 3550 votis
1313 3473 1598 3562 Coauditorum,

94 3599 165 3672 nisi
192 3599 305 3674 aliter
332 3623 356 3672 a
383 3600 552 3695 partibus
580 3624 806 3674 consensum
834 3599 954 3678 suerit,
992 3615 1034 3672 et
1069 3599 1121 3674 sie
1150 3603 1312 3674 nonest
1339 3601 1508 3675 facienda
1542 3602 1600 3676 vis

92 3721 130 3796 in
160 3725 282 3798 verbo
310 3723 363 3796 uti
392 3721 575 3810 Praelato‚
600 3725 688 3821 quia
722 3722 810 3797 illud
846 3725 1001 3798 verbum
1036 3747 1109 3798 non
1138 3724 1302 3799 creditur
1334 3724 1524 3799 inventum
1558 3742 1600 3800 ut

92 3873 211 3922 causa
241 3848 291 3922 sit
317 3849 419 3942 apud
449 3847 646 3923 Notarium
674 3847 850 3935 Archivii,
879 3847 948 3922 sed
974 3848 1024 3922 ad
1040 3829 1173 3946 ¹magis
1201 3848 1300 3923 clare
1323 3851 1599 3925 ostendendum

91 3971 200 4068 quod
230 3974 268 4046 in
301 3995 415 4046 causa
443 3972 606 4046 Auditor
640 3988 768 4047 votum
800 3974 949 4058 habeat,
986 3989 1026 4046 et
1056 3973 1179 4046 Iacere
1211 3972 1335 4048 valeat
1370 3973 1483 4048 etiam
1521 3975 1600 4051 sine

92 4097 439 4171 communicatione
458 4111 497 4170 et
515 4121 590 4171 non
608 4098 804 4193 proposita
823 4121 938 4170 eausa
958 4097 992 4168 in
1013 4096 1123 4184 Rota,
1140 4113 1185 4170 ut
1202 4097 1430 4193 praecipitur
1447 4100 1483 4171 in
1502 4100 1602 4174 dicta

92 4222 395 4299 Constitutione.

178 4347 283 4424 Nihil
303 4363 484 4444 operatur
501 4345 712 4420 exadverso
731 4344 894 4446 allegata
913 4348 1097 4445 scriptura
1116 4347 1214 4421 sacta
1232 4373 1298 4443 per
1319 4349 1363 4423 R.
1382 4348 1420 4424 P.
1438 4347 1486 4424 D.
1510 4347 1601 4423 Coc-

90 4477 233 4559 cinum,
267 4475 304 4546 in
332 4497 407 4568 qua
435 4471 568 4544 dicitur
595 4471 773 4570 distingui
803 4489 925 4546 status
944 4473 1182 4560 Auditorum,
1212 4489 1252 4546 et
1277 4475 1413 4548 modus
1433 4475 1602 4548 commit-

89 4600 201 4675 tendi
241 4621 378 4672 causas
415 4595 556 4669 eisdem
595 4597 649 4668 uti
685 4595 877 4684 Praelatis,
916 4612 955 4670 et
991 4597 1027 4670 in
1064 4596 1201 4692 quibus
1239 4597 1401 4672 scribere
1438 4597 1602 4673 debeant

93 4723 253 4800 Notarii
281 4723 416 4808 Rotae,
447 4723 535 4820 quia
563 4721 624 4794 illa
653 4745 726 4795 non
755 4736 816 4796 est
843 4721 983 4796 decisio
1011 4721 1168 4807 Rotalis,
1199 4723 1267 4796 sed
1299 4737 1446 4796 tantum
1474 4725 1601 4819 opinio

87 4851 215 4950 ipsius
236 4847 366 4922 forsan
382 4871 455 4922 non
471 4846 657 4920 informati
672 4846 721 4919 de
738 4843 940 4942 privilegiis
959 4845 1178 4920 eorumdem
1195 4845 1449 4934 Notariorum,
1466 4849 1603 4943 quibus

87 5001 167 5051 non
195 4988 331 5071 potest
358 4973 616 5070 praeiudicare
644 4994 824 5067 peream
853 4996 937 5044 cum
966 4972 1015 5044 sit
1042 4993 1211 5056 erronea,

175 5097 283 5192 Quia
302 5095 585 5170 commissiones
604 5119 703 5191 quae
722 5095 1006 5167 committuntur
1019 5094 1266 5168 Auditoribus
1282 5095 1404 5169 Rotae
1423 5095 1474 5168 uti
1495 5095 1600 5170 Prae·

85 5226 177 5300 latis
209 5222 250 5294 in
279 5219 414 5295 ellectu
443 5243 517 5294 non
536 5219 748 5317 diriguntur
765 5219 822 5292 eis
839 5217 893 5292 uti
912 5217 1103 5293 extraneis
1123 5218 1303 5292 Praelatis
1323 5220 1391 5293 sed
1412 5220 1464 5293 uti
1483 5219 1598 5295 Audi-

84 5352 243 5426 toribus
260 5346 395 5429 Rotae,
412 5344 500 5440 quia
514 5359 642 5441 partes
662 5367 761 5440 quae
780 5343 851 5417 hoc
866 5359 1012 5440 petunt,
1030 5343 1151 5441 magis
1171 5345 1361 5419 confidunt
1380 5344 1416 5418 in
1431 5344 1602 5422 doctrina

1489 5535 1517 5572 st
