3720 5916
211 290 266 350 340
843 290 979 350 soeculo
998 290 1104 351 XVII

213 485 417 559 officiorum
438 483 615 570 Decreta,
635 500 674 556 et
693 483 979 578 dispositionem
999 483 1192 568 habentes,
1213 507 1283 580 pro
1306 509 1354 556 eo
1376 497 1546 581 tempore
1566 500 1709 558 tantum

213 634 290 706 quo
318 609 453 682 fuerint
483 607 627 681 Notarii
655 625 694 681 et
722 607 842 680 officia
869 607 1061 702 praedicta
1088 607 1327 694 obtinuerint,
1359 623 1399 682 et
1426 633 1499 682 non
1528 607 1636 692 ultra,
1663 608 1711 681 ad

213 760 345 809 omnes
362 732 643 828 requisitionem
663 734 698 807 d.
721 733 841 806 nostri
858 732 1099 806 Thesaurarii
1118 732 1327 808 Generalis.
1348 733 1423 806 Alii
1441 759 1532 807 vero
1552 733 1709 814 Notarii,

213 876 253 933 et
282 859 534 932 Reservatarii
564 881 803 931 successores
822 858 859 930 in
879 857 1009 931 officiis
1036 858 1249 954 praedictis,
1271 875 1472 954 antequam
1500 857 1549 932 ad
1572 859 1709 932 dictum

214 983 375 1058 officium
413 999 451 1056 et
484 981 581 1055 illius
612 983 829 1056 exercitium
858 982 926 1080 ipsi
957 981 1100 1056 Notarii
1128 981 1394 1056 admittantur¹
1425 1008 1613 1080 personae
1642 1008 1711 1080 pro

214 1125 384 1203 tempore
398 1106 655 1180 admittendae
672 1110 721 1181 ab
739 1108 932 1194 Auditore,
949 1107 1053 1180 cuius
1075 1107 1220 1181 Notarii
1238 1133 1325 1182 esse
1343 1108 1551 1195 debuerint,
1571 1132 1710 1204 appro-

214 1234 294 1308 bari
323 1230 495 1314 debeant,
525 1233 574 1305 ed
601 1233 759 1318 admitti,
792 1247 833 1304 et
864 1256 905 1304 se
933 1232 1102 1330 obligare
1134 1232 1308 1320 debeant,
1335 1247 1374 1306 et
1401 1233 1611 1318 insolidum,
1642 1259 1713 1330 pro

214 1356 400 1431 solutione
419 1379 626 1430 annuarum
645 1358 941 1452 praestationum
960 1357 1226 1453 praelatarum,
1242 1374 1285 1430 ut
1302 1383 1427 1453 supra,
1444 1373 1484 1432 et
1502 1358 1712 1453 respective

214 1482 473 1578 unusquisque
493 1506 561 1578 pro
581 1506 622 1554 se
641 1483 726 1580 ipso
745 1483 793 1554 de
807 1484 904 1556 bene
923 1482 1080 1557 fideliter
1093 1498 1133 1556 et
1152 1481 1350 1581 diligenter
1368 1483 1486 1557 dictas
1506 1483 1713 1580 scripturas

213 1607 391 1692 similiter,
422 1607 582 1680 durante
609 1609 877 1701 cuiuscumque
910 1607 1077 1703 ipsorum
1111 1607 1232 1681 osficio
1269 1607 1489 1702 respective,
1520 1620 1559 1680 et
1590 1607 1713 1683 donec

216 1733 361 1806 Notarii
380 1731 539 1828 praelati
556 1728 785 1818 extiterint;²
802 1731 896 1804 itaut
914 1748 1002 1806 ante
1022 1731 1159 1806 dictam
1176 1731 1488 1828 approbationem
1516 1748 1556 1805 et
1573 1731 1712 1806 dictam

213 1857 493 1956 obligationem,
515 1855 727 1930 nullatenus
746 1856 891 1930 admitti
908 1857 1066 1952 possint,
1088 1871 1128 1930 et
1146 1857 1177 1930 si
1204 1857 1253 1930 de
1271 1855 1369 1931 sacto
1391 1855 1545 1930 admissi
1563 1857 1711 1944 fuerint,

216 1987 298 2083 ipsa
311 1983 504 2068 admissio,
520 1998 699 2079 tanquam
715 1980 863 2054 nulliter
876 1996 917 2054 et
929 1995 1124 2068 attentata,
1141 2005 1381 2079 nequaquam
1393 1981 1448 2056 eis
1467 1981 1711 2080 suffragetur;

216 2135 338 2208 neque
367 2108 480 2182 ullum
509 2108 566 2180 ius
594 2107 630 2180 in
658 2105 835 2202 petitorio
863 2106 923 2179 vel
959 2107 995 2180 in
1024 2108 1262 2202 possessorio
1297 2108 1426 2203 quoad
1461 2108 1561 2181 dicta
1592 2107 1713 2182 officia

216 2237 366 2320 tribuat,
386 2248 425 2306 et
452 2233 489 2305 in
507 2249 684 2305 eventum
704 2231 896 2305 vacantiae
925 2231 1190 2327 cuiuscumque
1208 2256 1256 2304 ex
1284 2231 1412 2305 officiis
1432 2232 1621 2328 praefatis,
1642 2257 1714 2330 pro

215 2378 388 2455 tempore
415 2357 678 2454 contingentis,
701 2356 846 2429 interim
865 2355 985 2430 donec
1004 2356 1124 2430 officia
1142 2381 1213 2452 pro
1236 2373 1407 2452 tempore
1433 2360 1604 2431 vacantia
1633 2356 1714 2432 aliis

216 2508 395 2559 concessa
423 2506 498 2556 non
526 2481 672 2566 luerint,
702 2496 743 2553 et
769 2480 915 2554 illorum
943 2481 1121 2554 admissio
1157 2480 1327 2576 praelata
1354 2482 1451 2556 lacta
1478 2505 1553 2557 non
1589 2481 1712 2568 luerit,

217 2609 360 2683 ³olficia
380 2606 590 2681 huiusmodi
608 2607 780 2680 vacantia
800 2630 868 2702 per
881 2605 1021 2679 dictum
1035 2606 1232 2704 collegium
1246 2606 1454 2681 eorundem
1469 2606 1711 2681 Notariorum

214 2731 464 2808 administrari
501 2747 541 2803 et
575 2728 721 2802 illorum
757 2729 1012 2803 emolumenta
1048 2731 1187 2827 percipi
1224 2731 1417 2816 deberent,
1456 2747 1495 2804 et
1531 2756 1601 2829 pro
1638 2733 1712 2806 isto

215 2858 339 2932 medio
358 2873 540 2952 tempore,
561 2854 757 2953 collegium
778 2856 1009 2953 praedictum
1034 2871 1207 2931 teneatur
1235 2856 1381 2930 solvere
1410 2882 1480 2954 pro
1508 2873 1590 2930 rata
1616 2871 1713 2930 tem-

216 2983 318 3080 poris
337 2984 386 3056 ad
404 3005 566 3054 annuam
581 2981 879 3075 praestationem
899 3005 1014 3075 super
1031 2980 1292 3055 emolumentis
1311 2981 1502 3078 praelatis,
1525 2997 1567 3055 ut
1584 3005 1710 3078 supra,

215 3106 399 3202 impositis
426 3121 466 3177 et
501 3103 714 3200 assignatis
753 3103 996 3199 Depositario
1033 3105 1120 3177 dicti
1149 3105 1290 3179 Montis
1312 3130 1382 3202 pro
1416 3105 1602 3180 solutione
1636 3105 1714 3178 fru-

215 3248 341 3305 ctuum
369 3231 457 3304 dicti
487 3229 629 3302 Montis
664 3227 699 3300 in
729 3230 897 3302 terminis
934 3229 1122 3324 praelatis,
1152 3245 1192 3304 et
1219 3230 1409 3304 residuum
1447 3231 1503 3305 cui
1536 3231 1583 3304 de
1612 3232 1712 3314 iure;

215 3351 286 3428 *ac
313 3355 465 3450 insuper
489 3377 559 3448 pro
586 3352 730 3425 meliori
757 3352 842 3426 dicti
865 3353 1007 3427 Montis
1025 3368 1065 3427 et
1082 3352 1177 3428 illius
1197 3353 1434 3428 Creditorum
1457 3356 1612 3442 cautela,
1636 3371 1715 3430 sta-

215 3483 353 3554 tuimus
381 3495 419 3551 et
448 3479 695 3564 decernimus,
717 3478 821 3572 quod
850 3501 925 3551 non
954 3476 1074 3552 solum
1103 3479 1227 3551 omnia
1253 3495 1293 3552 et
1321 3505 1580 3576 quaecumque
1609 3505 1715 3554 emo-

214 3606 380 3679 lumenta
408 3603 595 3677 ordinaria
629 3619 668 3675 et
700 3603 999 3676 extraordinaria
1026 3603 1209 3676 dictorum
1237 3601 1440 3677 officiorum
1470 3604 1713 3678 Notariorum

214 3729 343 3804 Palatii
371 3727 581 3826 Apostolici
608 3745 646 3800 et
673 3728 817 3801 illarum
847 3728 1112 3823 scripturarum
1139 3727 1205 3814 eis,
1227 3743 1269 3800 ut
1297 3754 1422 3826 supra,
1448 3755 1714 3804 concessarum

214 3879 346 3928 verum
382 3853 494 3927 etiam
532 3853 657 3925 omnia
692 3869 732 3925 et
770 3853 917 3950 singula
953 3867 993 3925 et
1029 3857 1287 3947 quaecumque
1324 3854 1396 3928 alia
1427 3856 1525 3928 bona
1560 3870 1601 3928 et
1632 3855 1714 3928 iura

215 3980 276 4054 dd.
309 3977 550 4051 Notariorum
569 3993 609 4051 et
626 3975 773 4050 illorum
795 3977 1143 4051 Reservatariorum
1172 4003 1241 4072 pro
1260 3993 1431 4073 tempore
1458 3979 1714 4066 existentium,

213 4104 366 4178 ubilibet
394 4102 646 4188 consistentia,
683 4102 899 4196 praesentia
931 4115 970 4174 et
1002 4103 1136 4188 futura,
1167 4127 1237 4198 pro
1270 4115 1440 4198 tempore
1477 4103 1540 4198 qui
1576 4103 1716 4178 luerint

213 4227 360 4303 Notarii
387 4244 426 4300 et
455 4227 706 4300 Reservatarii
740 4226 931 4322 praedicti,
962 4227 1159 4323 prodicta
1196 4251 1342 4300 summa
1378 4227 1478 4302 dicto
1507 4228 1639 4316 Monti,
1670 4247 1716 4304 ut

212 4376 337 4449 supra,
376 4352 558 4425 solvenda
586 4353 832 4447 personaliter
859 4365 899 4424 et
933 4351 1131 4424 insolidum
1158 4352 1207 4426 ad
1243 4335 1407 4426 lavorem
1445 4353 1531 4427 dicti
1569 4353 1715 4428 Montis

214 4478 380 4574 obligata
400 4493 439 4550 et
458 4476 709 4573 hypothecata
737 4477 811 4548 sint
837 4489 878 4548 et
903 4499 990 4548 esse
1018 4491 1253 4560 censeantur,
1275 4493 1388 4573 prout
1415 4503 1461 4550 ex
1487 4479 1715 4553 auctoritate

214 4621 252 4676 et
272 4617 403 4675 tenore
423 4601 632 4697 praesentis
651 4599 949 4697 hypothecamus
969 4616 1009 4674 et
1026 4599 1250 4698 obligamus,
1270 4618 1310 4674 et
1332 4603 1367 4674 in
1388 4601 1507 4676 forma
1527 4602 1714 4679 Camerae

294 4827 303 4862 ¹
324 4825 445 4885 Notarii
468 4840 543 4886 ante
561 4827 792 4886 admissionem
804 4826 923 4885 debent
940 4828 1113 4902 approbari
1126 4828 1168 4886 ab
1177 4827 1336 4886 Auditore
1354 4835 1386 4886 et
1398 4843 1435 4886 se
1446 4829 1594 4904 obligare
1607 4831 1717 4890 insoli-

213 4916 291 4974 dum
310 4931 370 4991 pro
390 4917 549 4976 solutione
567 4931 752 4975 annuarum
771 4917 1024 4989 praestationum
1042 4915 1273 4975 Reservatarii.

293 5005 304 5040 ²
324 5003 447 5063 Notarii
466 5013 541 5063 ante
559 5005 824 5078 approbationem
843 5012 874 5062 et
892 5005 1124 5080 obligationem
1141 5006 1268 5064 admitti
1287 5023 1352 5064 non
1371 5017 1512 5080 possunt.

293 5093 304 5128 ³
324 5091 507 5167 Collegium
516 5091 723 5152 Notariorum
737 5093 832 5152 debet
840 5094 1070 5153 administrare
1081 5093 1184 5152 officia
1195 5095 1344 5152 vacantia
1355 5094 1457 5154 donec
1469 5096 1550 5154 alias
1561 5113 1716 5158 concessa

213 5182 332 5240 luerint
349 5189 381 5240 et
400 5183 528 5240 solvere
546 5197 690 5240 annuam
709 5183 959 5256 praestationem
977 5199 1037 5257 pro
1056 5193 1126 5242 rata
1143 5183 1183 5242 de
1201 5185 1430 5242 emolumentis
1448 5185 1662 5258 Depositario.

293 5273 304 5307 ⁴
325 5271 553 5345 Quaecumque
572 5272 657 5330 bona
674 5273 857 5345 praesentia
876 5280 908 5330 et
926 5273 1033 5332 lutura
1051 5273 1257 5332 Notariorum
1276 5283 1307 5332 et
1326 5274 1633 5335 Reservatariorum
1650 5277 1715 5336 sint

213 5361 356 5434 obligata
374 5361 473 5419 etiam
493 5361 525 5418 in
545 5359 647 5419 forma
664 5360 823 5420 Camerae
842 5377 901 5436 pro
919 5362 1077 5420 solutione
1095 5361 1257 5421 fructuum
1275 5363 1358 5422 dicto
1375 5362 1487 5422 Monti.
