3686 5916
249 323 304 380 586
686 353 689 360 ι
868 317 1005 376 Soeculo
1023 317 1143 378 XVIII

249 511 436 585 Cardinali
466 509 732 606 Elephantutio
762 525 987 606 nuncupat0,
1018 527 1057 582 et
1086 509 1263 586 Cornelio
1284 512 1505 586 Sanctorum
1527 510 1685 584 Cosmae
1704 525 1741 582 et

249 636 433 722 Damiani,
465 638 634 710 eiusdem
662 635 701 710 S.
733 636 778 710 R.
811 637 854 712 E.
887 635 1057 710 Diacono
1086 635 1277 709 Cardinali
1305 635 1485 733 Caprara,
1515 637 1626 710 etiam
1653 659 1742 708 nun·

246 776 386 857 cupato
414 785 458 833 ac
486 759 630 834 dilectis
648 761 761 833 etiam
789 759 871 832 liliis
900 757 1089 832 modernis
1110 759 1293 834 Camerae
1314 760 1558 856 Apostolicae
1577 759 1741 832 Thesau-

249 885 347 958 rario
376 885 561 970 Generali,
583 901 622 958 et
647 885 831 959 Auditore
861 884 1013 970 Nostr0,
1035 910 1079 958 ac
1108 884 1265 981 praelati
1287 884 1471 958 Auditorii
1493 885 1658 968 Decano,
1678 908 1741 956 nec

251 1034 325 1084 non
362 1011 529 1086 eiusdem
568 1009 753 1083 Gamerae
790 1009 1059 1082 Commissario
1094 1009 1282 1098 Generali,
1312 1034 1357 1082 ac
1393 1011 1522 1084 itidem
1561 1009 1740 1107 Magistro

251 1135 366 1208 Paulo
396 1135 592 1208 Francisco
620 1135 843 1219 Antamoro,
866 1133 1091 1230 Signaturae
1120 1133 1283 1207 Nostrae
1312 1134 1477 1207 iustitiae
1502 1132 1668 1207 Votante
1694 1131 1742 1203 uti

252 1259 568 1358 Congregationis
587 1257 799 1332 huiusmodi
818 1258 1031 1332 Secretario
1051 1277 1349 1353 componeretur,
1367 1256 1544 1332 articulos
1563 1258 1741 1353 quosdam

252 1385 537 1490 Resolutionum
566 1399 606 1456 et
633 1382 931 1469 Ordinationum,
954 1399 996 1454 ut
1023 1382 1116 1456 infra
1144 1383 1383 1456 coordinatos
1411 1397 1450 1455 et
1478 1383 1658 1480 digestos,
1680 1407 1741 1478 per

253 1534 322 1583 nos
350 1509 630 1606 approbandos
659 1507 869 1604 proposuit.

333 1636 475 1708 Primo.
496 1634 764 1708 Absolvendos
792 1657 878 1705 esse
909 1629 1087 1704 Notarios
1115 1632 1163 1705 ab
1191 1631 1331 1706 omissa
1351 1633 1607 1731 Regestornm
1627 1633 1744 1706 conse-

238 1760 385 1842 ctione,
407 1785 450 1832 ac
477 1761 589 1832 etiam
618 1783 641 1831 a
671 1758 842 1855 neglecta
870 1756 1051 1843 custodia,
1074 1756 1132 1829 vel
1160 1758 1443 1852 recuperatione
1472 1756 1742 1852 Scripturarum

253 1885 397 1979 absque
435 1899 560 1958 tamen
596 1883 759 1956 Partium
795 1880 1034 1976 praeiudici0,
1070 1881 1111 1967 si,
1147 1897 1186 1954 et
1222 1899 1334 1977 prout
1371 1883 1458 1956 iuris
1494 1881 1625 1956 suerit:
1660 1882 1743 1955 Item

254 2033 488 2085 communem
519 2010 685 2082 Massam
715 2008 811 2080 inter
833 2007 937 2102 ipsos
956 2006 1004 2079 ab
1027 2029 1125 2080 anno
1145 2029 1285 2081 nucem
1305 2008 1486 2081 hactenus
1505 2007 1654 2093 factam,
1676 2033 1745 2079 ces-

254 2152 363 2208 sante
381 2133 537 2230 proinde
557 2135 592 2206 in
613 2131 907 2230 Collitigantium
926 2131 1176 2217 commodum,
1197 2133 1476 2205 occurrentibus
1495 2131 1612 2204 Turni
1633 2148 1746 2204 muta-

255 2259 429 2344 tionibus
450 2259 674 2330 necessitate
697 2272 782 2330 acta
809 2259 858 2331 ab
886 2280 961 2328 uno
989 2255 1038 2328 ad
1066 2254 1178 2328 alium
1207 2257 1404 2330 Notarium
1423 2255 1627 2344 deferendi,
1650 2257 1745 2329 dein-

254 2409 346 2479 ceps
373 2409 526 2481 quoque
555 2383 829 2456 observandam
859 2407 955 2456 esse.

335 2509 506 2583 Secundo.
537 2508 684 2581 Novam
714 2507 931 2582 methodum
961 2532 1092 2581 recens
1120 2508 1237 2580 totius
1266 2506 1402 2580 Curiae
1430 2507 1563 2602 plausu
1584 2509 1746 2582 introdu-

253 2649 362 2719 ctam,
395 2633 578 2707 scribendi
606 2633 801 2707 cuiuslibet
829 2657 964 2706 causae
993 2649 1077 2706 acta
1105 2631 1310 2706 secundum
1331 2632 1499 2706 ordinem
1521 2633 1554 2704 in
1576 2633 1744 2705 seiunctis

254 2759 349 2833 loliis
376 2759 492 2856 vulgo
525 2757 726 2847 Quintemz'
749 2783 848 2854 quae
875 2773 1010 2832 exacto
1037 2781 1135 2830 anno
1162 2758 1199 2828 in
1226 2756 1340 2830 libros
1370 2757 1480 2830 etiam
1510 2757 1626 2856 vulgo
1653 2757 1744 2830 Pro-

253 2884 380 2970 tncollz',
410 2901 449 2958 et
482 2881 681 2956 Brolz'ardi
705 2897 950 2978 nuncupatos
983 2907 1066 2955 cum
1095 2881 1279 2955 distinctis
1307 2881 1490 2954 indicibus
1515 2883 1741 2978 rediguntur,
1830 2877 1831 2884 '

255 3032 368 3103 quam
397 3008 595 3106 diligenter
622 3032 708 3081 esse
744 3006 1049 3082 continuandam:
1080 3007 1137 3078 Ac
1171 3007 1207 3078 in
1240 3008 1283 3079 iis
1315 3031 1384 3103 per
1410 3021 1607 3079 extensum
1636 3005 1743 3080 Com·

255 3133 452 3206 missiones
480 3157 622 3218 omnes,
653 3132 766 3206 etiam
796 3131 1097 3230 Subrogatorias,
1130 3131 1347 3214 sententias,
1370 3129 1534 3204 Decreta
1553 3131 1745 3215 definitiva,

255 3257 537 3354 appellationes,
560 3257 869 3340 renunciationes,
894 3255 1100 3340 citationes,
1131 3255 1393 3342 intimationes,
1419 3255 1743 3353 interpellationes,

256 3409 299 3457 ac
327 3384 364 3456 id
392 3407 513 3470 omne,
544 3383 647 3478 quod
675 3381 836 3456 adacta
872 3397 911 3455 et
945 3381 1070 3456 ludicii
1102 3380 1270 3454 ordinem
1307 3383 1451 3466 attinet,
1483 3380 1745 3456 describendas

256 3534 353 3584 esse.

344 3633 382 3706 Τ
375 3635 476 3708 artri).
510 3633 747 3707 Documenta
780 3650 819 3705 et
856 3633 940 3705 Iura
969 3633 1152 3728 producta
1180 3631 1365 3705 servanda
1391 3655 1478 3704 esse
1506 3632 1542 3703 in
1571 3633 1744 3705 distinctis

256 3756 448 3842 fasciculis,
479 3757 576 3830 sacta
611 3782 726 3853 super
752 3757 796 3830 iis
823 3757 938 3842 brevi,
969 3781 1099 3829 eorum
1136 3780 1235 3852 quae
1270 3755 1470 3839 continent,
1501 3756 1744 3852 inscriptione,

256 3909 300 3956 ac
327 3885 439 3957 etiam
468 3883 605 3956 mensis
632 3899 673 3956 et
700 3883 799 3955 Anni
837 3907 915 3978 quo
941 3882 1091 3955 suerunt
1123 3883 1328 3976 producta:
1367 3879 1527 3973 Quoties
1565 3907 1656 3955 vero
1693 3882 1746 3954 illa

257 4007 356 4080 Parti
393 4007 544 4079 instanti
583 4008 858 4081 commodando
896 4007 1028 4091 forent,
1073 4008 1109 4080 id
1143 4007 1298 4080 vetitum
1333 4007 1391 4092 sit,
1436 4007 1504 4079 nisi
1545 4006 1746 4080 causidicus

256 4133 450 4228 requirens
479 4131 637 4204 Notario
665 4132 774 4205 luerit
801 4134 920 4227 probe
948 4148 1060 4206 notus
1089 4131 1181 4205 etin
1209 4131 1303 4204 libro
1323 4131 1649 4204 Accomodatorum
1666 4156 1746 4227 pro-

256 4259 338 4353 prio
367 4259 581 4331 charactere
613 4255 736 4331 lassus
769 4256 879 4330 luerit
910 4257 969 4330 illa
1002 4257 1190 4353 recepisse
1224 4257 1295 4329 sub
1332 4255 1577 4330 restitutionis
1606 4256 1744 4330 debito:

256 4380 372 4474 Quod
392 4382 422 4455 si
440 4409 570 4456 eorum
590 4383 720 4478 copiae
740 4395 884 4454 tantum
904 4381 1192 4477 requirerentur,
1215 4380 1299 4454 illae
1318 4379 1572 4454 emolumento
1587 4381 1623 4453 in
1639 4381 1745 4452 Taxis

257 4509 499 4604 praescripto,
530 4523 569 4581 et
599 4533 622 4580 a
651 4505 847 4580 Clemente
875 4505 946 4578 XlI
977 4506 1271 4581 praedecessore
1301 4504 1442 4579 Nostro
1470 4507 1504 4578 in
1533 4505 1616 4578 eius
1644 4505 1746 4578 refor-

257 4635 419 4706 matione
446 4634 670 4729 approbat0,
702 4633 854 4704 concedi
883 4631 1057 4705 debeant.

341 4757 495 4846 Quarto.
527 4755 723 4852 Expeditis
751 4757 885 4842 causis,
906 4756 999 4828 inlra
1027 4755 1205 4828 bimestre
1233 4768 1323 4850 post
1351 4769 1523 4827 exactum
1548 4755 1746 4849 quemlibet

257 4883 421 4964 Annum,
453 4883 681 4978 completum
709 4905 795 4954 esse
824 4883 962 4954 debeat
991 4881 1200 4978 Regestum
1234 4880 1444 4975 incipiendo
1477 4903 1500 4950 a
1536 4895 1747 4975 praesenta·

258 5009 359 5082 tione
388 5005 672 5081 Commissionis
700 5006 898 5102 usquead
927 5005 1151 5079 sententiam
1180 5020 1219 5078 et
1237 5003 1527 5100 appellationem
1545 5004 1606 5077 vel
1626 5027 1747 5076 renun-

259 5133 455 5208 ciationem
471 5130 657 5218 inclusive,
675 5132 820 5227 absque
834 5155 880 5203 eo
896 5145 1031 5214 tamen,
1049 5128 1152 5225 quod
1171 5144 1256 5202 acta
1274 5128 1454 5201 iudicialia
1473 5153 1541 5224 per
1558 5144 1746 5202 extensum

261 5257 479 5339 reserantur,
496 5257 563 5328 sed
584 5255 781 5329 indicando
800 5254 920 5328 solum
940 5254 1235 5336 commissiones,
1253 5253 1459 5338 citationes,
1477 5251 1745 5349 productiones,

255 5381 559 5479 protestationes,
581 5379 781 5475 omniaque
807 5379 889 5463 alia,
913 5376 1065 5452 relative
1092 5378 1141 5450 ad
1168 5376 1254 5450 folia
1285 5377 1478 5463 Broliardi,
1500 5403 1566 5451 seu
1594 5377 1747 5451 Broliar-
