3748 5914
814 313 928 374 Paulo
949 315 978 375 V
1592 315 1648 376 325

226 511 383 585 Necnon
420 509 541 607 possit
576 507 739 582 Auditor
772 508 982 606 praefigere
1024 510 1223 583 terminum
1259 509 1309 583 ad
1351 509 1562 584 docendum
1599 512 1647 586 de

143 636 411 734 appellatione,
431 651 470 709 et
487 635 569 708 eius
587 632 754 732 legitima
781 635 1046 732 prosecutione
1074 635 1123 708 ad
1150 635 1324 709 eflectum
1343 634 1572 731 procedendi
1599 637 1648 710 ad

142 761 404 836 executionem
425 757 633 832 sententiae
651 758 750 831 latae
769 760 804 832 in
833 783 947 833 causa
966 757 1188 857 appellabili,
1210 761 1247 832 in
1274 785 1350 856 qua
1377 759 1648 835 condemnatus

144 910 221 961 non
247 883 464 982 appellavit.
519 901 521 904 ·

226 1012 394 1107 Insuper,
423 1024 462 1083 et
491 1024 641 1104 tempus
669 1007 903 1105 quadriennii
922 1010 958 1082 in
987 1008 1110 1084 causis
1140 1009 1386 1084 restitutionis
1405 1009 1440 1082 in
1459 1010 1647 1108 integrum

144 1135 269 1232 possit
295 1135 461 1209 Auditor
487 1155 696 1232 prorogare
724 1133 879 1208 arbitrio
907 1159 988 1210 suo.

226 1261 277 1332 Et
304 1275 380 1333 tam
408 1258 558 1342 dictam,
579 1280 694 1352 quam
713 1282 846 1333 omnes
873 1259 967 1334 alias
996 1258 1193 1333 facultates
1213 1259 1280 1333 sibi
1300 1259 1443 1356 vigore,
1465 1257 1525 1332 vel
1544 1260 1648 1333 lnno·

143 1386 348 1470 centianae,
378 1383 437 1456 vel
466 1381 744 1457 constitutionis
772 1383 825 1455 Pii
844 1381 991 1476 Quarti,
1010 1401 1077 1458 aut
1102 1383 1257 1458 aliorum
1288 1383 1526 1458 Summorum
1556 1383 1649 1458 Pon·

143 1509 282 1582 tificum
311 1506 647 1606 praedecessorum
667 1521 881 1581 nostrorum
902 1524 1162 1605 competentes
1181 1508 1430 1593 extendimus,
1451 1523 1492 1581 et
1510 1507 1650 1583 habere

143 1633 269 1707 locum
306 1632 563 1718 decernimus,
601 1631 713 1706 etiam
752 1633 787 1706 in
825 1632 948 1706 causis
985 1632 1136 1708 cuilibet
1173 1634 1295 1708 Rotae
1330 1633 1505 1707 Auditori
1542 1648 1649 1708 extra

145 1760 286 1834 Rotam
313 1758 536 1834 commissis.

227 1881 521 1983 Prorogationes
547 1901 674 1958 autem
701 1883 880 1970 fatalium,
912 1885 1074 1981 saepius,
1106 1897 1146 1957 et
1177 1883 1319 1979 passim
1352 1907 1427 1956 non
1454 1884 1649 1970 concedat,

145 2008 214 2082 sed
252 2023 398 2082 tantum
436 2034 484 2082 ex
519 2008 644 2106 aliqua
681 2009 840 2084 honesta
873 2033 998 2094 causa,
1037 2034 1082 2082 ac
1119 2009 1270 2105 praevia
1303 2007 1400 2082 illius
1436 2007 1649 2107 cognitione

145 2141 300 2216 arbitrio
329 2141 465 2216 Rotae.

226 2266 392 2340 Auditor
419 2281 544 2340 tamen
572 2267 607 2340 in
637 2267 763 2364 aliqua
790 2289 914 2352 causa,
944 2265 1024 2338 sive
1061 2265 1199 2364 magni,
1231 2266 1309 2338 sive
1337 2264 1443 2361 parvi
1471 2262 1649 2337 momenti

145 2391 295 2476 existat,
325 2390 472 2465 etiamsi
500 2391 580 2466 eius
609 2391 749 2466 decisio
768 2390 854 2464 clari
883 2389 972 2463 iuris
999 2415 1086 2465 esse
1114 2389 1295 2475 videatur,
1317 2387 1547 2464 diffinitivam
1568 2409 1650 2460 sen-

144 2516 316 2601 sentiam,
338 2516 398 2589 vel
417 2516 733 2593 interlocutoriam
752 2517 826 2590 vim
847 2514 1062 2589 diffinitivae
1081 2514 1283 2589 habentem
1304 2513 1399 2588 [erre
1419 2537 1493 2588 non
1513 2510 1648 2598 valeat,

145 2641 216 2715 nisi
235 2665 348 2714 causa
367 2641 403 2714 in
423 2641 524 2715 Rota
544 2641 751 2738 proposita,
773 2657 812 2715 et
830 2641 965 2715 habitis
990 2641 1088 2714 votis
1119 2638 1401 2722 Coauditorum,
1423 2639 1493 2717 nisi
1521 2650 1648 2735 partes

144 2767 183 2840 in
201 2767 295 2838 actis
314 2789 495 2862 expresse
514 2766 772 2840 consenserint
791 2765 895 2863 quod
914 2789 1028 2839 causa
1048 2765 1127 2839 sine
1145 2779 1236 2840 voto
1260 2766 1465 2838 eorundem
1483 2760 1650 2860 expediri

145 2891 282 2987 possit.

225 3014 406 3112 Idemque
425 3015 460 3087 in
480 3014 561 3089 aliis
579 3017 776 3114 quibusvis
789 3014 1114 3112 praeiudicialibus
1129 3013 1294 3090 decretis
1307 3015 1448 3088 servari
1463 3012 1646 3099 volumus,

146 3139 180 3212 si
206 3154 323 3225 actor,
343 3138 402 3213 vel
421 3164 520 3224 reus
551 3157 593 3214 ut
616 3142 810 3240 negotium
840 3143 876 3214 in
904 3141 1016 3238 plena
1044 3141 1145 3214 Rota
1173 3157 1426 3239 cognoscatur
1453 3137 1647 3212 insteterit.

227 3265 331 3348 Item,
362 3266 572 3339 sententiae
600 3265 701 3340 latae
728 3292 797 3364 per
829 3265 1047 3352 Auditores,
1077 3283 1191 3362 prout
1219 3267 1255 3340 in
1284 3265 1427 3349 cedula,
1457 3280 1499 3338 ut
1536 3264 1649 3336 moris

144 3405 215 3475 est,
246 3388 307 3463 vel
334 3413 403 3486 per
430 3389 527 3464 viam
556 3391 701 3464 termini
731 3417 800 3488 pro
829 3408 989 3476 servato,
1021 3391 1313 3474 subscribantur,
1343 3404 1383 3462 et
1414 3389 1651 3484 publicentur

144 3515 182 3587 in
209 3513 302 3588 actis
330 3514 428 3587 intra
456 3514 667 3612 qulndecim
688 3517 778 3600 dies,
810 3531 850 3590 et
875 3517 911 3589 in
941 3515 1059 3589 ultimi
1086 3518 1171 3588 anni
1201 3513 1399 3599 audientia,
1430 3513 1523 3586 infra
1551 3537 1651 3586 men·

146 3663 239 3724 sem,
259 3639 424 3733 alioquIn
451 3641 793 3736 pronunciationes,
813 3657 854 3714 et
876 3641 1023 3714 termini
1050 3639 1263 3714 huiusmodi
1291 3665 1361 3735 pro
1388 3637 1650 3712 circumductis

147 3763 369 3838 habeantur.

227 3887 392 3961 Termini
411 3887 524 3961 etiam
544 3913 615 3984 pro
634 3887 793 3960 servatis
812 3887 938 3974 habiti,
956 3901 995 3960 et
1013 3885 1167 3961 cedulae
1181 3888 1346 3984 ipsarum
1367 3887 1647 3971 sententiarum,

145 4037 245 4110 quae
274 4010 460 4086 interdum
496 4037 566 4109 per
600 4010 712 4085 alium
745 4011 942 4099 notarium,
974 4035 1087 4109 quam
1126 4013 1330 4086 actuarium
1369 4011 1487 4108 ipsius
1514 4035 1650 4086 causae

145 4139 196 4212 ad
233 4137 469 4212 referendum
506 4136 622 4233 accipi
659 4154 946 4223 consueverunt,
986 4137 1196 4210 referantur
1223 4138 1294 4235 ipsi
1326 4137 1473 4212 notario
1501 4159 1647 4221 causae,

146 4265 281 4338 eadem
314 4262 374 4336 vel
411 4262 585 4359 sequenti
621 4262 683 4336 die
711 4287 787 4359 qua
816 4262 1057 4359 recipiuntur:
1087 4262 1122 4335 in
1151 4262 1289 4336 ultimis
1320 4287 1413 4336 vero
1439 4261 1647 4346 audientiis,

147 4390 282 4463 saltem
302 4385 394 4462 inira
422 4387 599 4462 triduum.
620 4386 671 4458 Et
698 4387 729 4459 si
753 4385 928 4473 Auditor,
948 4387 1012 4483 qui
1040 4387 1300 4483 pronunciavit
1318 4400 1431 4484 prout
1449 4387 1485 4459 in
1504 4386 1647 4469 cedula,

145 4511 206 4588 vel
234 4513 431 4586 terminum
459 4509 590 4584 habuit
608 4534 678 4606 pro
698 4527 860 4595 servat0,
883 4511 1076 4585 retinuerit
1095 4511 1308 4586 citationem
1334 4534 1452 4607 penes
1477 4537 1530 4595 se,
1550 4508 1649 4583 illam

147 4637 294 4712 notario
323 4661 437 4710 cause
465 4635 634 4709 similiter
662 4636 758 4709 intra
785 4635 978 4732 predictos
1005 4636 1088 4709 dies
1119 4635 1344 4735 consignare
1371 4635 1527 4722 debeat;
1557 4634 1650 4708 alias

146 4761 293 4836 termini
322 4761 537 4836 huiusmodi
565 4760 806 4834 circumducti
832 4775 873 4834 et
900 4760 991 4832 irriti
1018 4777 1254 4838 censeantur.

230 4889 393 4962 Auditor
419 4913 512 4961 vero
539 4913 614 4962 non
641 4888 865 4984 pronunciet
902 4889 937 4960 in
974 4911 1088 4962 causa
1116 4889 1185 4962 nisi
1213 4887 1380 4986 perfecto
1408 4887 1581 4984 registr0,
1611 4899 1651 4960 et

147 5013 209 5088 illo
237 5012 287 5086 ad
315 5013 453 5087 Rotam
481 5011 608 5086 delato
636 5037 710 5085 una
746 5037 831 5086 cum
869 5012 978 5085 dictis
1006 5013 1171 5100 testium,
1201 5011 1349 5108 illisque
1374 5036 1419 5085 ac
1446 5010 1586 5084 iuribus
1613 5010 1650 5083 in

147 5138 282 5212 eadem
310 5137 423 5222 Rota,
451 5151 567 5233 prout
594 5161 655 5210 res
683 5135 865 5234 exegerit,
895 5134 1014 5212 lectis.

228 5262 269 5334 In
297 5259 427 5335 ultima
444 5286 537 5335 vero
554 5261 640 5334 anni
668 5261 857 5349 audentia,
877 5274 916 5334 et
943 5261 1257 5356 quandocumque
1277 5274 1414 5358 agetur
1431 5260 1479 5334 de
1499 5258 1651 5334 serenda

147 5386 398 5462 declaratoria
417 5400 548 5460 contra
567 5401 837 5473 contumacem,
859 5385 972 5459 etiam
1000 5385 1164 5484 registro
1193 5409 1265 5459 non
1295 5385 1473 5483 perlecto,
1495 5383 1652 5458 exactis
