3684 5920
783 637 874 716 518.

83 783 241 856 Adiutor
267 807 291 856 a
317 781 451 856 studiis
480 781 626 854 Decani
653 781 737 854 iure
764 781 974 880 potr'cbatur
1008 748 1155 878 legendi
1187 781 1471 855 constituttbncm
1505 779 1577 854 Ur-

157 907 246 980 bani
279 907 384 981 VIII
402 908 443 979 in
472 907 572 981 Rota
599 907 818 981 Iurammti.

146 1061 260 1136 (Anca.
280 1060 366 1135 Ror.¹
391 1061 518 1122 «Liber
536 1061 569 1122 S.
588 1061 694 1122 Rotae
712 1078 745 1122 n.
764 1063 827 1136 4»,
849 1069 928 1137 pag.
947 1060 1126 1134 252-253).

561 1262 634 1336 Die
669 1273 711 1355 1'7
744 1217 969 1336 Novembris
1004 1265 1116 1336 1828.

156 1421 278 1496 Vetus
305 1422 410 1496 Sacri
438 1421 567 1497 Nostri
597 1421 752 1496 Ordinis
779 1422 1014 1496 consuetudo
1042 1421 1214 1510 firmavit,
1234 1438 1277 1496 ut
1296 1423 1358 1519 qui
1379 1421 1578 1497 Adiutoris

77 1571 99 1620 a
126 1545 268 1622 Studiis
296 1572 452 1643 operam
481 1549 637 1644 praebet
665 1547 764 1621 Rriro
794 1547 832 1622 P.
864 1547 910 1622 D.
944 1546 1112 1632 Decan0‚
1133 1546 1393 1644 Apostolicam
1424 1546 1579 1621 Consti*

77 1671 259 1745 tutionem
287 1687 326 1746 et
353 1672 554 1746 iuramenti
574 1671 769 1747 formulam
789 1673 947 1770 legatio
967 1672 1068 1746 Rota
1087 1697 1201 1768 quam
1222 1673 1349 1746 dicunt
1364 1672 1574 1748 iuramenti.

77 1795 151 1870 Sed
180 1821 265 1870 cum
294 1797 405 1872 hodie
432 1796 655 1872 valetudinis
684 1821 799 1871 causa
835 1797 932 1873 Adv.
974 1795 1105 1871 Petrus
1139 1797 1301 1884 Cerioni,
1340 1801 1404 1894 qui
1442 1823 1579 1870 munus

76 1921 288 1996 huiusmodi
315 1948 433 2019 penes
461 1949 521 1996 me
541 1923 665 2022 (Alex.
688 1923 827 2019 Spada,
851 1917 1062 2028 Decanum)
1080 1938 1233 1997 exercet
1251 1946 1431 2019 preaesse
1451 1923 1579 2018 nequi·
1683 1961 1688 1974 ·

76 2047 179 2134 verit,
209 2064 295 2123 orta
322 2065 382 2121 est
410 2047 606 2134 dubitatio,
627 2049 684 2121 ius
712 2044 862 2146 legendi
883 2046 1199 2121 Constitutionem
1219 2063 1259 2121 et
1278 2047 1479 2121 Iuramenti
1506 2047 1575 2120 sor·

75 2170 172 2244 mula
200 2187 308 2246 esset
336 2196 452 2247 necne
481 2173 704 2246 translatum
733 2173 768 2246 in
797 2173 1021 2246 Adiutorem
1050 2198 1073 2246 a
1101 2171 1244 2247 Studiis
1273 2173 1319 2247 R.
1341 2174 1379 2248 P.
1402 2172 1451 2245 D.
1479 2171 1579 2245 Sub-

75 2297 217 2384 decani,
249 2300 309 2371 vel
338 2299 464 2393 potius
492 2313 597 2372 esset
624 2299 875 2372 exercendum
904 2299 952 2370 ab
979 2298 1099 2372 altero
1127 2325 1174 2372 ex
1215 2297 1259 2372 iis
1287 2297 1351 2395 qui
1387 2299 1423 2371 in
1452 2297 1581 2372 studio

75 2419 287 2497 Causarum
316 2447 429 2520 opem
457 2423 503 2498 R.
536 2420 572 2498 P.
606 2422 653 2498 D.
686 2422 841 2496 Decano
869 2425 1056 2519 praebent
1082 2439 1121 2496 et
1150 2423 1292 2498 Secreti
1327 2422 1574 2520 appellantur.

75 2549 230 2645 Anceps
261 2548 401 2624 decisio
429 2549 578 2634 mansit,
608 2565 722 2623 etue
750 2548 910 2622 molesta
938 2573 1043 2624 mora
1071 2550 1301 2637 succederet,
1330 2573 1399 2645 per
1425 2547 1579 2623 modum

74 2672 302 2766 provisionis
345 2676 562 2748 mandatum
604 2673 672 2747 fuit
708 2674 908 2748 Advocato
944 2673 1107 2770 Iosepho
1146 2672 1300 2760 Belloni,
1331 2699 1417 2747 meo
1458 2673 1582 2769 primo

73 2795 240 2887 Secret0,
274 2816 316 2871 ut
337 2798 653 2873 Constitutionem
673 2815 713 2873 et
730 2799 932 2872 iuramenti
951 2799 1146 2873 formulam
1168 2823 1236 2895 pro
1257 2825 1303 2873 ca
1322 2799 1402 2872 vice
1421 2799 1578 2897 legeret,

73 2945 131 2994 me
159 2923 307 2997 interea
334 2923 409 2997 alte
438 2939 685 3020 protestante,
716 2922 753 2996 id
781 2907 859 2997 fieri
886 2922 1025 2997 debere
1055 2923 1133 2997 sine
1162 2923 1391 3021 praeiudicio
1418 2923 1578 2999 aliorum

73 3045 313 3130 Adiutorum,
345 3049 376 3121 si
404 3047 494 3121 illud
527 3050 562 3121 in
593 3065 784 3145 posterum
823 3047 1078 3145 detegeretur.
1120 3047 1229 3142 Quae
1266 3048 1492 3144 protestatio
1530 3049 1582 3122 ab

71 3173 245 3246 omnibus
276 3173 539 3268 praesentibus
567 3172 727 3247 libenter
754 3189 916 3270 excepta
943 3172 1023 3248 suit.

786 3503 876 3582 519.

72 3643 152 3718 Uni
174 3643 340 3730 Decumo,
371 3645 435 3720 ubi
458 3645 513 3720 ad
540 3599 823 3720 Cardinalatum
836 3649 1052 3745 promoueri
1065 3648 1296 3744 contingeret,
1318 3649 1478 3722 visitatio
1504 3649 1575 3724 col-

145 3769 300 3867 legialis
322 3771 581 3866 gratulatorio
610 3773 837 3846 Auditorum
865 3781 1054 3846 reseruata
1081 3783 1173 3848 erat.

146 3925 272 3997 (Anca.
291 3921 379 3998 Rom,
398 3924 529 3984 «ther
547 3927 581 3984 S.
600 3925 707 3984 Rotae
725 3941 757 3984 n.
776 3926 840 3999 4»,
855 3932 934 4002 pag.
953 3926 1129 4000 253·254).

554 4125 626 4199 Die
661 4128 705 4199 18
736 4125 959 4201 Decembris
994 4128 1105 4200 1828.

147 4287 277 4362 ....Κ
316 4285 356 4358 Ρ.
388 4285 435 4362 D.
481 4285 611 4360 Marco
651 4313 676 4382 y
719 4287 876 4360 Catalan
888 4344 950 4362 .....
994 4289 1030 4360 in
1072 4285 1308 4364 Concistorio
1351 4291 1478 4365 habito
1507 4291 1579 4364 hac

64 4437 179 4486 mane
189 4469 257 4487 .....
288 4409 498 4485 Cardinalis
526 4426 675 4486 creatus
703 4428 763 4486 est
773 4469 835 4488 .....

146 4537 189 4610 ln
221 4534 416 4632 sequelam
445 4536 555 4610 huius
582 4536 791 4623 creationis,
813 4537 1025 4636 quaesitum
1053 4555 1113 4611 est
1132 4538 1289 4613 deberet
1308 4563 1376 4613 nec
1396 4565 1442 4612 ne
1463 4539 1578 4615 Sacra

61 4663 166 4736 Aula
197 4662 251 4734 ad
280 4657 627 4736 Eminentissimum
664 4661 794 4736 Virum
831 4663 1013 4736 accedere
1051 4661 1173 4758 Eique
1211 4666 1377 4761 pandere
1414 4664 1582 4740 laetitiae

58 4791 187 4885 signa.
207 4785 287 4860 Sed
316 4786 488 4860 omnibus
516 4788 612 4859 bene
632 4787 785 4871 rimatis,
809 4788 1074 4883 veteribusque
1095 4787 1239 4862 collatis
1258 4789 1452 4884 exemplis,
1474 4791 1578 4865 inno·

57 4914 143 4998 tuit,
178 4911 367 4985 honorem
397 4927 552 4994 tautum,
584 4913 645 4984 uni
675 4915 783 4987 Rriro.
816 4911 854 4986 P.
886 4912 933 4987 D.
958 4912 1114 4987 Decano
1132 4939 1220 4987 esse
1240 4932 1473 4989 reservatum
1494 4941 1579 4991 cum

56 5039 109 5111 ad
142 5034 418 5110 Cardinalatus
447 5035 636 5133 fastigium
665 5039 870 5132 perveniat.
