3686 5916
690 316 858 376 Clemente
878 315 971 376 XIII
1525 313 1580 372 567

82 525 156 584 tum
193 510 271 596 suit,
302 509 460 606 Nosque
496 509 567 606 ipsi
605 510 657 585 sic
693 534 732 600 a¹
749 509 867 585 Vobis
903 513 1096 608 propositi,
1128 535 1197 608 per
1227 511 1287 586 fel.
1319 536 1391 584 rec.
1424 507 1580 582 Benedi-

81 652 178 708 ctum
207 634 294 707 XIII
321 635 456 708 Iuimus
484 636 532 708 ad
560 634 742 709 eiusmodi
770 660 905 709 munus
934 635 1080 711 adlecti.
1112 636 1333 734 Pergratum
1357 635 1472 732 igitur
1499 633 1578 708 sore

80 760 193 834 Vobis
225 761 393 835 arbitrati
430 786 571 847 sumus,
604 759 764 834 Vestrae
807 761 1050 858 Reipublicae
1087 761 1293 861 gloriosum
1336 761 1578 856 Nostraeque

79 886 220 983 accepti
255 885 424 961 beneficii
461 887 669 960 Memoriae
704 887 815 961 valde
853 905 1162 975 consentaneum,
1194 889 1225 960 si
1261 887 1420 962 eandem
1457 886 1577 982 ipsam

79 1012 290 1086 facultatem
319 1012 436 1085 Vobis
465 1012 741 1107 impertiremur
767 1013 803 1086 in
831 1013 955 1087 Rotae
991 1014 1128 1088 Veneti
1159 1013 1355 1087 Auditoris
1387 1035 1579 1107 nuncupa-

80 1137 189 1223 tione,
220 1162 296 1234 qua
323 1136 466 1211 Summi
496 1137 635 1235 Reges,
667 1138 924 1212 Romanorum
953 1163 1088 1235 nempe
1117 1139 1152 1211 in
1183 1138 1396 1223 Germania,
1421 1135 1579 1210 Franco-

79 1288 157 1334 rum
185 1263 222 1336 in
250 1261 391 1346 Galliis,
416 1259 682 1358 Hispaniarum
710 1263 748 1336 in
776 1263 852 1336 suis
871 1261 1057 1359 aliquibus
1086 1265 1231 1362 Regnis
1259 1289 1306 1336 ex
1334 1261 1579 1358 Apostolicae

80 1387 323 1485 Benignitatis
351 1385 583 1484 indulgentia
610 1386 793 1460 fruuntur.
825 1385 906 1463 Nos
935 1387 1062 1484 itaque
1094 1388 1431 1484 praeclarissimum
1449 1377 1579 1458 'Ordi-

80 1536 161 1583 nem
189 1509 369 1584 Vestrum
398 1511 478 1606 pari
505 1535 550 1583 ac
577 1509 661 1583 illos
689 1511 726 1583 in
755 1510 898 1584 honore
930 1511 1000 1586 hac
1029 1512 1064 1585 in
1102 1512 1160 1585 Re
1197 1512 1337 1586 habere
1370 1511 1575 1608 cupIenteS,

77 1653 115 1708 et
142 1635 371 1708 Carissimae
399 1633 545 1709 Patriae
573 1635 763 1733 singulare
790 1635 944 1732 aliquod
972 1637 1125 1711 Amoris
1158 1637 1288 1711 Nostri
1324 1635 1577 1710 testimonium

77 1760 212 1857 largiri,
244 1759 402 1857 Vosque
429 1741 533 1856 ipsos
563 1757 787 1856 specialibus
814 1761 946 1858 gratiis
974 1763 1153 1860 prosequi
1180 1777 1285 1836 motu
1315 1760 1480 1858 proprio,
1502 1769 1577 1832 no'n

77 1885 123 1956 ad
161 1883 341 1960 Vestrum
378 1909 445 1958 seu
486 1883 641 1958 alterius
678 1908 749 1981 pro
787 1884 905 1960 Vobis
943 1911 1057 1982 super
1094 1888 1166 1961 hoc
1202 1886 1353 1961 oblatae
1387 1883 1578 1981 petitionis

77 2010 303 2094 Instantiam,
325 2011 393 2084 sed
421 2035 469 2082 ex
493 2024 595 2083 certa
615 2010 779 2097 scientia,
804 2028 841 2084 et
860 2026 1007 2085 matura
1027 2011 1306 2094 deliberatione,
1328 2009 1453 2106 deque
1475 2011 1579 2106 Apo-

77 2135 227 2209 stolicae
258 2135 460 2208 Potestatis
489 2133 719 2230 plenitudine
739 2134 922 2220 volumus,
955 2136 1165 2220 statuimus,
1192 2136 1240 2210 ad
1269 2134 1514 2219 declaramus,
1536 2146 1579 2204 ut

77 2261 254 2357 deinceps
282 2259 476 2356 perpetuis
513 2259 646 2333 suturis
682 2260 928 2355 temporibus,
967 2275 1006 2334 et
1041 2261 1355 2359 quotiescumque
1391 2256 1580 2333 vacaverit

79 2384 271 2460 Romanae
300 2385 423 2458 Rotae
451 2383 586 2458 Veneti
615 2384 810 2458 Auditoris
839 2385 1068 2472 subsellium,
1091 2386 1194 2482 quod
1226 2400 1431 2480 occupatur
1463 2383 1577 2457 modo

77 2535 144 2606 per
172 2509 362 2583 Dilectum
396 2507 529 2582 Filium
567 2509 793 2607 Magistrum
826 2510 1003 2584 Ioannem
1042 2510 1269 2598 Cornelium,
1309 2533 1384 2583 non
1418 2506 1579 2603 amplius

77 2651 239 2732 quatuor
276 2635 301 2710 I.
333 2633 381 2707 U.
412 2633 611 2719 Doctores,
647 2649 688 2708 ut
728 2649 839 2709 antea
877 2660 1090 2732 proponere
1131 2635 1314 2722 debeatis,
1353 2633 1420 2706 sed
1464 2657 1577 2706 unum

77 2762 272 2834 dumtaxat
312 2784 361 2832 ex
402 2758 599 2833 Nobilibus
641 2758 805 2844 Civibus,
836 2757 895 2836 vei
931 2786 978 2833 ex
1019 2761 1188 2835 honestis
1217 2759 1380 2834 Familiis
1418 2758 1578 2831 Vestrae

78 2884 364 2971 Dominationis,
394 2883 486 2956 Iuris
524 2882 733 2980 Utriusque
775 2885 922 2959 Laurea
957 2861 1097 2982 parstr
1133 2887 1325 2972 donatum,
1354 2884 1503 2982 eligatis
1539 2896 1580 2956 et

75 3011 273 3084 nominetis
301 3009 365 3105 qui
393 3007 615 3105 Cappellani
636 3007 775 3095 Nostri,
798 3026 837 3083 et
856 3009 1067 3119 Causarum
1088 3009 1215 3085 Palatii
1235 3009 1444 3106 Apostolici
1463 3009 1578 3082 Audi-

75 3135 162 3208 toris
191 3159 348 3208 munere
385 3134 573 3232 iungatur.
614 3133 731 3207 Cuius
768 3134 921 3231 quidem
958 3133 1160 3209 Electionis
1198 3161 1265 3208 seu
1303 3133 1577 3207 Nominationis

77 3259 194 3334 Nobis
232 3277 273 3334 et
306 3260 485 3334 Romanis
515 3258 754 3333 Pontificibus
791 3258 1080 3335 successoribus
1117 3259 1267 3334 Nostris
1299 3286 1321 3335 a
1354 3258 1473 3333 Vobis
1510 3283 1579 3355 per

75 3383 201 3460 literas
230 3384 391 3458 Vestras
419 3383 620 3468 faciendae,
638 3383 811 3458 volumus
840 3385 969 3459 haberi
996 3387 1180 3459 rationem
1199 3410 1298 3482 quae
1326 3386 1509 3458 hactenus
1530 3385 1579 3458 ab

76 3510 298 3606 Apostolica
327 3510 427 3584 Sede
455 3509 503 3584 de
530 3510 610 3582 aliis
637 3507 893 3597 electionibus,
924 3535 991 3584 seu
1019 3509 1344 3598 nominationibus,
1370 3534 1468 3606 quae
1486 3508 1581 3583 fiunt

74 3637 121 3708 ad
149 3635 336 3710 eiusmodi
364 3636 560 3709 Romanae
589 3635 711 3708 Rotae
738 3635 925 3710 Auditorii
953 3635 1130 3711 subsellia
1167 3637 1377 3732 respective
1408 3635 1580 3710 vacantia

74 3784 96 3832 a
132 3760 300 3836 Summis
339 3759 509 3858 Regibus
546 3760 719 3857 superius
752 3761 979 3847 memoratis,
1011 3784 1162 3856 semper
1201 3760 1330 3834 haberi
1371 3759 1576 3835 consuevit.

75 3883 337 3960 Decernentes
372 3901 593 3980 praesentes
630 3884 758 3958 literas
791 3884 953 3958 Nostras
995 3910 1146 3982 semper
1182 3885 1320 3973 firmas,
1358 3886 1502 3959 validas
1539 3901 1580 3958 et

73 4011 246 4085 efficaces
282 4010 446 4084 existere
487 4025 526 4083 et
567 4010 657 4096 iore,
697 4034 865 4108 suosque
906 4009 1095 4107 plenarios
1132 4027 1172 4086 et
1213 4011 1382 4110 integros
1424 4009 1578 4084 effectus

74 4135 208 4223 sortiri,
239 4150 280 4210 et
308 4134 478 4209 obtinere
507 4135 658 4220 debere,
688 4135 872 4230 vobisque
900 4136 937 4207 in
965 4136 1148 4223 omnibus,
1179 4151 1218 4209 et
1245 4160 1314 4232 per
1346 4133 1470 4210 omnia
1498 4132 1578 4231 ple-

74 4260 226 4334 nissime
256 4259 464 4357 suffragari.
495 4259 581 4332 Non
618 4259 857 4358 obstantibus
895 4259 1247 4349 Constitutionibus,
1286 4277 1326 4335 et
1363 4259 1579 4334 Ordinatio-

73 4386 182 4459 nibus
225 4383 467 4482 Apostolicis,
512 4383 723 4481 ceterisque
764 4385 959 4459 contrariis
1001 4387 1310 4483 quibuscumque.
1351 4387 1580 4460 Benedictus

74 4510 182 4584 Deus
212 4511 330 4586 totius
358 4509 625 4584 consolationis
653 4525 694 4583 et
720 4511 824 4606 pacis
844 4509 988 4608 repleat
1007 4509 1087 4584 Vos
1106 4512 1205 4585 omni
1234 4511 1374 4608 gaudio
1402 4511 1580 4606 omnique

73 4635 362 4732 Rempuincam
391 4635 567 4710 Vestram
603 4635 855 4732 prosperitate
892 4635 1067 4722 cumulet,
1106 4638 1230 4731 sitque
1267 4636 1376 4709 huius
1410 4635 1577 4732 auspicii,

72 4777 110 4833 et
151 4760 436 4835 amantissimae
472 4759 675 4834 voluntatis
712 4760 876 4835 Nostrae
905 4761 1153 4836 certissimum
1183 4761 1320 4859 pignus
1356 4760 1578 4857 Apostolica

74 4883 307 4971 Benedictio,
336 4909 449 4983 quam
486 4883 618 4972 Vobis,
649 4885 785 4960 Dilecti
822 4885 902 4959 Filii
939 4885 1095 4960 Nobiles
1124 4885 1213 4972 Vin',
1244 4887 1469 4960 totocorde
1506 4886 1579 4961 lar-

73 5011 212 5108 gimur.

155 5133 301 5208 Datum
330 5133 486 5219 Romae,
516 5133 619 5232 apud
647 5133 684 5209 S.
715 5135 874 5209 Mariam
903 5135 1096 5220 Maiorem,
1127 5135 1188 5210 die
1213 5160 1257 5211 10
1284 5136 1438 5212 ianuarii
1463 5144 1574 5230 1761,

74 5258 319 5334 Pontificatus
347 5257 478 5332 Nostri
506 5259 619 5334 Anno
646 5259 789 5334 Tertio.

1110 5387 1278 5464 Thomas
1307 5388 1468 5462 Emaldi.
