3720 5916
741 311 908 371 Clemente
926 309 958 368 X

810 659 900 738 315.

111 807 240 882 Oratio
265 807 306 880 in
332 803 512 904 aperteira
550 805 667 878 Rotae
699 803 880 903 spectabat
902 812 977 900 per
1004 811 1157 875 tnrnnm
1185 801 1368 875 Aude'torz'
1400 799 1468 897 qni
1495 825 1602 874 num-

184 957 297 1030 quam
323 931 420 1004 oleos
447 938 631 1004 oraverat.

187 1088 304 1162 (Accu.
323 1087 410 1158 Rom,
434 1085 623 1146 ‹Dtarz'um
643 1084 754 1144 Iacoor'
770 1083 958 1158 Emona).
1088 1145 1091 1154 Δ

577 1267 735 1342 Veneris
768 1292 786 1341 2
819 1267 999 1342 Octobris
1034 1272 1144 1361 1671.

189 1455 250 1526 73.
281 1431 369 1506 Fuit
396 1431 516 1527 prima
544 1431 645 1504 Rota
673 1429 710 1502 in
739 1429 882 1502 Palatio
902 1427 1097 1503 Vaticano.
1130 1487 1137 1502 .
1170 1489 1177 1503 .
1210 1485 1218 1502 .
1248 1427 1479 1513 Notandum,
1500 1426 1603 1524 quod

110 1555 174 1632 tuit
214 1557 438 1643 dubitatum,
480 1579 528 1630 an
570 1568 762 1653 spectaret
801 1553 849 1628 ad
878 1551 925 1629 R.
955 1551 993 1628 P.
1032 1551 1080 1628 D.
1125 1552 1399 1637 Rondaninum‚
1439 1553 1517 1627 sive
1554 1551 1602 1626 ad

111 1683 152 1759 R.
183 1682 220 1758 P.
253 1683 301 1759 D.
334 1681 528 1756 Castillum
566 1705 686 1767 orare,
726 1695 931 1776 utsupra:
971 1695 1010 1752 et
1052 1677 1119 1753 luit
1161 1677 1311 1766 dictum,
1356 1693 1527 1776 spectare
1555 1678 1604 1751 ad

111 1807 153 1882 R.
183 1807 221 1883 P.
253 1809 302 1884 D.
333 1807 608 1892 Rondaninum‚
629 1807 720 1902 quia
745 1805 832 1880 licet
858 1803 969 1878 suerit
996 1802 1099 1900 prius
1126 1803 1162 1877 in
1182 1803 1282 1877 Rota
1302 1818 1486 1900 receptus,
1507 1818 1605 1878 atta-

111 1955 193 2004 men
220 1932 342 2006 oratio
372 1946 519 2027 spectat
545 1956 614 2028 per
640 1929 810 2005 Turnum
838 1930 887 2004 ad
916 1928 1017 2003 illurn
1046 1929 1108 2026 qui
1137 1952 1340 2024 numquam
1360 1927 1453 2001 alias
1471 1928 1602 2002 oravit.

815 2263 906 2342 316.

111 2407 217 2508 Papa
249 2409 425 2484 Clemente
453 2409 505 2484 X.
536 2451 562 2464 -
590 2406 767 2481 Redncte'o
794 2406 997 2502 officiorum
1029 2408 1277 2482 Nolanorum
1318 2407 1432 2482 Sacri
1461 2407 1608 2483 Palatii

187 2534 400 2634 Apostolici.

187 2691 307 2762 (Ancn.
326 2689 416 2763 Ros,
440 2715 452 2740 ‹
472 2687 706 2748 Ordinationes
725 2713 751 2759 »,
765 2694 854 2763 part.
873 2686 919 2759 II,
937 2686 989 2747 De
1007 2685 1167 2758 Notart'r's,
1189 2705 1223 2748 n.
1242 2688 1351 2762 XIII).

1155 2852 1234 2926 1671,
1254 2853 1393 2912 octobris
1410 2853 1455 2927 Β,
1473 2853 1606 2916 Romae.

666 2965 843 3040 Clemens
873 2965 973 3061 Papa
1002 2965 1051 3041 X.

188 3129 298 3206 Motu
328 3127 491 3226 propriu,
521 3143 593 3202 etc.
614 3127 808 3201 Romanus
826 3125 1003 3214 Pontifex
1021 3125 1057 3198 in
1077 3148 1256 3222 supremo
1288 3125 1480 3225 dignitatis
1499 3130 1607 3225 Apo-

110 3253 263 3330 stolicae
292 3253 459 3340 culmine,
492 3253 628 3328 Divina
664 3252 889 3350 disponente
924 3251 1130 3340 clementia,
1169 3251 1408 3341 constitutus,
1441 3253 1531 3328 illud
1571 3257 1608 3330 in

110 3377 237 3474 primis
266 3377 467 3475 propensis
494 3393 534 3452 et
560 3376 758 3452 indefessis
785 3377 920 3452 studiis
947 3400 1089 3462 curare,
1118 3392 1158 3450 et
1185 3377 1413 3475 excogitare,
1434 3394 1476 3452 ut
1504 3379 1608 3454 nimi·

111 3528 189 3578 rum
218 3505 298 3582 suis
316 3503 429 3579 etiam
447 3501 581 3578 futuris
596 3502 841 3600 temporibus,
863 3500 968 3597 quod
987 3527 1061 3575 non
1082 3500 1203 3575 solum
1222 3501 1468 3578 incommodis
1487 3505 1609 3602 publi-

60 3673 63 3682 ·
110 3629 171 3715 cis,
201 3629 412 3704 sedetiam
441 3627 665 3727 litigantium
691 3628 870 3725 expensis
897 3653 941 3702 ac
967 3627 1311 3725 delatigationibus,
1351 3627 1387 3701 in
1425 3645 1608 3726 quantum

110 3751 187 3826 fieri
215 3769 356 3852 potest,
385 3743 604 3828 consulatur
635 3769 675 3828 et
701 3752 884 3839 obvietur,
914 3768 953 3826 et
982 3752 1042 3826 illa
1069 3751 1255 3826 interdum
1275 3778 1374 3850 quae
1401 3777 1424 3826 a
1453 3753 1610 3829 Praede-

112 3879 327 3954 cessoribus
354 3878 444 3964 suis,
475 3893 688 3975 temporum
716 3893 756 3952 et
783 3901 907 3952 rerum
942 3876 1125 3973 qualitate
1163 3876 1200 3949 id
1236 3891 1324 3950 tunc
1365 3896 1606 3973 exposcente,

111 4002 266 4095 provide
294 4027 363 4099 pro
383 4002 568 4078 Camerae
587 4019 739 4076 nostrae
759 4002 1003 4098 Apostolicae
1022 4003 1170 4084 lucium,
1192 4002 1405 4076 reddituum
1424 4020 1464 4078 et
1490 4005 1610 4078 bono-

112 4150 193 4201 rum
222 4145 327 4204 recto
354 4145 393 4202 et
429 4128 535 4202 firmo
564 4127 754 4225 regimine,
776 4143 815 4201 et
842 4127 1105 4202 nonnullorum
1125 4126 1235 4200 Sedis
1255 4128 1500 4224 Apostolicae
1520 4128 1610 4202 Offi-

111 4249 255 4327 cialium
294 4251 536 4326 indemnitate
565 4267 603 4326 et
630 4251 761 4326 maiori
788 4275 1035 4348 personarum
1062 4251 1111 4324 ad
1140 4251 1349 4326 Romanam
1370 4250 1521 4326 Curiam
1540 4278 1610 4350 pro

110 4374 252 4453 lustitia
272 4376 539 4472 consequenda
552 4375 818 4452 confluentium
833 4375 1087 4450 sublevamine
1106 4389 1147 4448 et
1172 4375 1440 4452 commoditate
1468 4379 1611 4451 sancita

112 4515 210 4588 sunt,
247 4502 353 4576 novis
380 4500 663 4598 emergentibus
692 4501 911 4585 rationibus,
940 4523 1118 4574 revocare
1145 4516 1184 4574 et
1215 4499 1424 4589 immutare,
1462 4502 1611 4598 aliaque

112 4623 278 4724 desuper
304 4626 507 4722 disponere
533 4640 573 4700 et
600 4626 774 4700 ordinare
802 4625 1006 4710 consuevit,
1033 4641 1156 4720 prout,
1179 4651 1304 4699 rerum
1332 4641 1371 4700 et
1398 4641 1610 4723 temporum

112 4751 355 4846 qualitatibus
383 4751 509 4826 debite
537 4752 716 4846 pensatis,
734 4749 916 4848 conspicit
944 4751 981 4825 in
1011 4748 1175 4824 Domino
1193 4749 1394 4825 salubriter
1420 4753 1609 4849 expedire.

193 4874 361 4964 Dudum,
391 4875 588 4971 siquidem,
618 4873 677 4950 sel.
708 4901 781 4950 rec.
812 4874 948 4948 Sixtus
968 4875 1070 4970 Papa
1089 4873 1152 4962 IV,
1183 4874 1457 4950 Praedecessor
1484 4893 1613 4950 noster

112 5015 316 5096 postquam
345 5023 413 5098 per
440 4999 625 5096 quasdam
654 5025 743 5074 suas
770 4999 926 5082 litteras,
948 5014 1051 5074 motu
1080 4999 1233 5095 proprio
1252 5015 1357 5074 etex
1375 5016 1478 5074 certa
1498 5003 1613 5074 scien·

113 5123 175 5208 tia,
205 5125 429 5222 Apostolica
448 5125 683 5210 auctoritate,
704 5140 889 5198 statuerat
903 5139 943 5197 et
956 5124 1207 5210 ordinaverat,
1228 5125 1331 5219 quod
1351 5125 1454 5199 Sacri
1484 5123 1613 5199 Palatii

115 5247 325 5345 Apostolici
353 5273 550 5324 causarum
579 5248 806 5324 Auditorum
835 5265 874 5324 et
911 5273 1042 5324 eorum
1083 5247 1391 5323 Locatenentium
1421 5274 1610 5336 numerus,

117 5373 179 5467 qui
208 5390 296 5448 tunc
323 5372 663 5469 quatuordenarius
698 5389 790 5460 erat,
822 5399 869 5447 ex
905 5389 993 5447 tune
1027 5371 1204 5470 deinceps
1245 5373 1499 5449 duodenarius
1534 5373 1613 5447 exi-
