3720 5916
232 291 289 352 ⁴24
860 291 998 352 Soeculo
1016 290 1122 352 XVII

315 485 371 558 Ac
400 500 612 582 propterea,
642 509 739 572 cum,
775 499 865 580 post
900 483 1209 581 suppressionem
1246 498 1286 556 et
1316 482 1556 558 abolitionem
1587 480 1727 580 collegii

233 607 556 684 Subdiaconorum
587 606 892 704 Apostolicorum
921 622 1222 703 nuncupatorum
1249 631 1273 680 a
1300 606 1494 702 praedicto
1514 604 1730 680 Alexandro

231 733 538 828 praedecessore¹
556 733 684 818 factas,
702 721 811 806 idem
831 731 1057 818 Alexander,
1080 731 1364 828 praedecessor,
1386 729 1507 806 dictos
1526 729 1730 804 Auditores

234 857 493 932 Subdiaconos
522 857 767 954 Apostolicos
795 855 934 942 lecerit,
950 856 1145 938 creaverit,
1167 855 1400 930 constituerit
1418 871 1458 930 et
1477 854 1729 940 declaraverit,

233 981 434 1079 ipsumque
462 979 716 1078 praelatorum
745 979 971 1056 Auditorum
1000 977 1212 1080 Collegium
1240 980 1277 1054 in
1305 978 1631 1054 Subdiaconorum
1669 1003 1731 1074 per

233 1129 329 1186 eum,
362 1120 403 1178 ut
434 1103 644 1202 praefertur
671 1129 964 1202 suppressorum
993 1120 1033 1178 et
1058 1104 1295 1190 abolitorum,
1316 1129 1398 1178 cum
1427 1104 1563 1178 eodem
1582 1103 1731 1178 omnino

232 1255 347 1305 onere
383 1231 584 1305 assistendi
620 1245 660 1304 et
695 1229 921 1306 inserviendi
959 1229 1080 1304 Nobis
1116 1246 1156 1304 et
1188 1253 1258 1326 pro
1287 1245 1457 1326 tempore
1483 1228 1730 1302 existentibus

235 1353 415 1430 Romanis
445 1355 683 1430 Pontificibus
717 1355 754 1428 in
791 1355 987 1452 quibusvis
1024 1353 1274 1429 functionibus
1303 1353 1512 1436 Pontificiis,
1542 1353 1592 1426 ad
1632 1352 1731 1449 quod

234 1483 321 1556 dicti
335 1479 561 1555 Subdiaconi
580 1499 669 1554 ante
687 1479 891 1555 officiorum
907 1505 1060 1554 suorum
1080 1479 1387 1577 suppressionem
1402 1494 1443 1553 et
1455 1479 1729 1562 extinctionem,

235 1622 276 1680 ut
304 1606 523 1702 praefertur,
554 1605 672 1680 lactas
701 1603 987 1700 quomodolibet
1013 1605 1239 1678 tenebantur
1272 1620 1313 1678 et
1345 1604 1501 1702 obligati
1538 1620 1658 1686 erant,
1679 1616 1733 1676 et

234 1755 317 1805 cum
346 1731 519 1804 omnibus
546 1744 585 1802 et
614 1730 771 1827 singulis
806 1729 1025 1814 honoribus,
1060 1730 1345 1828 praerogativis,
1385 1727 1661 1825 praecedentiis
1696 1743 1732 1800 et

237 1855 538 1951 praeeminentiis
557 1879 655 1951 quae
675 1855 722 1928 de
742 1855 821 1928 iure
847 1868 888 1927 et
912 1875 967 1928 ex·
981 1853 1323 1928 Constitutionibus
1340 1870 1380 1928 et
1398 1853 1550 1928 indultis
1568 1854 1732 1950 Aposto

234 1979 324 2064 licis,
354 1976 489 2052 velex
516 2003 587 2052 usu
615 1993 655 2052 et
681 1977 964 2065 consuetudine,
1001 1996 1041 2052 et
1075 1977 1156 2052 aliis
1184 1977 1538 2075 quomodocumque
1575 1976 1732 2052 Subdia·

235 2104 338 2177 conis
366 2103 608 2200 Apostolicis,
638 2119 680 2178 ut
707 2101 928 2200 praefertur,
950 2103 1164 2200 suppressis
1183 2119 1223 2177 et
1240 2101 1400 2186 abolitis,
1422 2101 1646 2198 illorumque
1664 2099 1732 2173 col·

234 2225 332 2326 legio
360 2245 448 2302 ante
477 2226 784 2325 suppressionem
802 2243 842 2301 et
859 2227 1101 2302 abolitionem
1121 2227 1334 2314 huiusmodi
1353 2227 1632 2323 competebant,
1651 2224 1732 2319 qvi·

234 2353 362 2428 busvis
390 2371 516 2428 tamen
544 2353 751 2428 redditibus
778 2367 819 2425 et
846 2351 1108 2427 emolumentis
1136 2351 1316 2448 exceptis,
1346 2368 1451 2426 motu
1481 2375 1551 2428 suo
1580 2348 1731 2446 proprio

236 2478 470 2552 substituerit
505 2495 545 2552 et
581 2478 855 2575 subrogaverit,
897 2478 1062 2574 indeque
1102 2477 1247 2552 eisdem
1286 2477 1533 2552 Auditoribus
1569 2500 1660 2550 cura
1694 2491 1732 2548 et

236 2603 407 2676 custodia
435 2603 645 2690 Palliorum,
674 2627 774 2698 quae
800 2601 848 2676 de
876 2627 1036 2698 corpore
1066 2603 1191 2676 Sancti
1221 2593 1320 2676 Pelri
1349 2617 1501 2698 sumpta
1529 2603 1563 2674 in
1603 2599 1730 2674 Consi·

236 2728 352 2800 sterio
381 2725 612 2812 Patriarchis,
644 2727 947 2823 Archiepiscopis
984 2743 1023 2801 et
1057 2725 1319 2801 nonnullorum
1357 2727 1610 2800 Ecclesiasum
1646 2725 1731 2798 insi·
1836 2739 1837 2800 3

234 2851 363 2950 gnium
394 2877 463 2926 usu
493 2851 614 2926 Palliis
642 2851 854 2926 huiusmodi
880 2852 1123 2950 gaudentium
1154 2851 1352 2948 Episcopis
1389 2851 1561 2925 distribui
1599 2837 1726 2934 solent,
1836 2905 1837 2910 ,

235 2975 434 3062 incumbat,

315 3100 409 3174 ratio
437 3100 615 3196 postulet,
649 3116 689 3172 ut
716 3099 779 3193 qui
808 3100 922 3174 sentit
941 3123 1036 3173 onus
1056 3098 1194 3174 sentiat
1213 3113 1252 3172 et
1270 3098 1521 3183 commodum,
1544 3097 1626 3172 Nos
1645 3121 1727 3193 pro·

234 3224 415 3298 visionem
436 3240 627 3298 scutorum
646 3241 733 3298 octo
753 3243 938 3309 monetae,
960 3249 1060 3321 quae
1079 3225 1178 3298 idem
1198 3223 1426 3310 Alexander,
1448 3223 1726 3320 praedecessor,

234 3351 367 3424 intuitu
396 3376 506 3425 curae
534 3353 574 3423 el
603 3349 808 3424 Custodiae
837 3350 1089 3446 praefatarum
1117 3373 1240 3443 usque
1262 3348 1311 3422 ad
1330 3373 1439 3422 suum
1459 3347 1728 3444 beneplacitum

236 3474 434 3549 Canonicis
463 3475 656 3548 Altaristis
689 3475 727 3550 S.
759 3475 857 3548 Petri
895 3499 964 3570 pro
1000 3491 1172 3570 tempore
1206 3475 1453 3550 existentibus
1490 3474 1526 3546 in
1565 3473 1728 3572 singulos

233 3625 385 3675 menses
411 3599 681 3696 assignaverat,
711 3623 883 3674 exnunc
913 3597 1085 3698 Collegio
1114 3598 1339 3673 Auditorum
1368 3597 1623 3696 praelatorum
1648 3621 1729 3694 per-

235 3740 351 3822 petuo
379 3725 627 3821 assignamus,
665 3723 897 3819 applicamus
925 3741 964 3797 et
990 3724 1293 3820 appropriamus,
1323 3723 1552 3798 Mandantes
1590 3721 1730 3796 dilectis

235 3849 316 3924 filiis
346 3849 603 3923 Provisoribus
631 3849 773 3924 Montis
802 3849 965 3936 Pietatis,
994 3866 1034 3923 et
1060 3848 1240 3946 deinceps
1269 3851 1558 3947 inperpetuum
1596 3847 1729 3922 dictam

235 3975 484 4070 provisionem
503 3989 589 4047 octo
609 3990 798 4048 scutorum
819 3973 975 4070 singulis
995 3975 1187 4049 mensibus
1206 3975 1310 4048 iuxta
1328 3972 1486 4048 sormam
1505 3992 1545 4048 et
1564 3989 1729 4048 tenorem
1834 3997 1835 4038 1

236 4099 485 4197 Chirographi
506 4098 592 4172 dicti
611 4099 825 4183 Alexandri,
844 4100 1158 4195 praedecessoris,
1176 4101 1247 4174 sub
1261 4099 1322 4173 die
1336 4099 1481 4174 decima
1495 4123 1594 4174 nona
1611 4097 1731 4172 Martii

235 4223 334 4296 Anni
374 4221 559 4296 Millesimi
596 4222 856 4297 sexcentesimi
894 4225 1195 4320 quinquagesimi
1232 4223 1365 4308 octavi,
1395 4222 1569 4319 illiusque
1603 4223 1731 4298 confir·

234 4348 406 4422 mationis
436 4349 610 4445 (quarum
647 4367 817 4422 tenorem
843 4347 1118 4443 ‘praesentibus
1156 4372 1225 4444 pro
1253 4347 1446 4444 expressis
1475 4346 1605 4421 haberi
1630 4347 1733 4422 volu-

234 4475 332 4570 mus)
358 4488 628 4572 emanatorum,
659 4495 733 4546 non
761 4471 921 4568 amplius
952 4471 1151 4546 Canonicis
1180 4471 1372 4547 Altaristis
1400 4471 1527 4546 Sancti
1548 4472 1648 4546 Petri
1666 4497 1732 4569 pro

235 4613 405 4692 tempore
434 4596 691 4676 existentibus,
721 4599 790 4670 sed
819 4595 990 4694 Collegio
1020 4595 1247 4670 Auditorum
1276 4595 1554 4694 praedictorum
1575 4597 1731 4680 solvant,

234 4721 285 4795 ita
313 4737 355 4794 ut
381 4720 573 4794 Altaristis
602 4738 796 4794 menstrua
824 4721 991 4817 provisio
1019 4721 1273 4817 praelatorum
1306 4735 1394 4796 octo
1432 4737 1624 4795 scutorum
1663 4745 1733 4794 non

234 4842 393 4939 amplius
421 4845 628 4939 proveniat,
658 4867 727 4916 nec
754 4846 803 4918 ab
832 4845 924 4940 ipsis
953 4844 1097 4918 ratione
1125 4871 1237 4918 curae
1265 4860 1305 4918 et
1324 4843 1518 4920 custodiae
1538 4843 1732 4918 Palliorum

234 4971 521 5076 praedictorum,
554 4971 611 5042 vel
640 4971 710 5044 sub
738 4969 873 5065 quovis
900 4969 974 5045 alio
1002 4986 1202 5067 praetextu
1232 4989 1298 5044 aut
1326 4972 1463 5056 colore,
1485 4970 1659 5067 pretendi
1678 4967 1732 5042 vel

234 5093 333 5191 exigi
362 5095 493 5190 possit,
523 5094 592 5168 sed
621 5093 780 5192 collegio
808 5095 1038 5170 Auditorum
1067 5097 1322 5191 praelatorum
1342 5097 1520 5172 obveniat
1546 5113 1585 5170 et
1613 5095 1728 5176 cedat,
1832 5137 1833 5174 1

234 5217 360 5314 illique
387 5235 574 5315 perpetuo
601 5220 805 5316 assignata,
836 5219 1024 5316 applicata
1052 5237 1092 5294 et
1118 5223 1365 5317 appropriata
1393 5221 1443 5294 sit
1469 5237 1508 5294 et
1534 5245 1622 5296 esse
1650 5243 1730 5294 cen-

235 5360 371 5428 seatur,
403 5359 533 5417 tenore
562 5344 827 5439 praesentium,
849 5369 917 5440 per
945 5369 1041 5440 quas
1068 5343 1283 5420 Venerabili
1310 5345 1412 5420 fratri
1432 5361 1564 5420 nostro
1584 5343 1728 5418 Archie·
