3748 5914
755 349 922 409 Clemente
942 348 1007 409 VIl
1572 346 1627 406 269

129 567 291 638 cumque
304 541 576 617 ordinariorum
596 541 775 629 locorum,
794 558 861 615 aut
879 539 1153 615 Canonicorum
1174 540 1548 637 Metropolitanarum
1568 537 1628 612 vel

129 666 283 742 aliarum
304 666 586 741 Cathedralium
613 665 866 754 ecclesiarum,
895 691 963 740 seu
990 665 1144 741 aliarum
1167 691 1414 762 personarum
1442 665 1478 738 in
1507 663 1626 761 digni-

131 807 208 868 tate
235 791 488 866 ecclesiastica
515 792 800 865 constitutarum
820 791 926 865 adid
945 816 1013 887 per
1039 817 1106 865 eos
1125 791 1384 890 eligendorum
1412 789 1471 862 vel
1489 787 1627 885 eligen-

130 916 262 990 darum
291 917 461 990 manibus
488 933 594 990 extra
623 916 833 989 Romanam
863 915 1025 1000 Curiam,
1056 914 1199 1012 prefate
1236 915 1336 988 sedis
1372 914 1431 986 vel
1464 912 1626 987 cuiusvis

129 1043 281 1116 alterius
299 1041 444 1116 licentia
473 1067 588 1138 super
605 1041 677 1114 hoc
705 1042 854 1114 minime
874 1041 1052 1136 requisita
1072 1040 1296 1138 resignandi,
1317 1054 1357 1112 et
1384 1037 1624 1118 commendis.

127 1191 272 1240 necnon
298 1166 367 1239 iuri
395 1182 434 1240 et
464 1167 770 1241 concessionibus
797 1167 909 1239 etiarn
938 1166 1054 1239 literis
1088 1165 1303 1261 apostolicis
1341 1187 1414 1238 non
1452 1161 1627 1238 confectis

130 1291 290 1366 cedendi
307 1317 351 1366 ac
370 1291 606 1366 dissolutioni
625 1291 803 1365 unionum
823 1291 1036 1365 huiusmodi
1058 1289 1313 1365 consentiendi
1332 1290 1499 1386 ipsisque
1519 1287 1628 1362 Ordi-

129 1417 252 1502 nariis,
284 1415 481 1490 Canonicis
509 1431 548 1489 et
576 1417 750 1511 personis
777 1416 813 1488 in
841 1414 1023 1514 dignitate
1051 1413 1263 1488 constitutis
1288 1413 1561 1511 resignationes
1589 1426 1628 1484 et

128 1541 320 1614 cessiones
352 1539 565 1615 huiusmodi
592 1541 641 1614 ab
666 1539 809 1614 eisdem
837 1539 1084 1613 Auditoribus
1111 1554 1150 1612 et
1178 1537 1504 1624 Locatenentibus
1540 1535 1628 1610 sirn-

128 1664 272 1761 plicitcr
299 1664 358 1738 vel
385 1689 433 1738 ex
460 1664 593 1738 eadem
624 1687 737 1742 causa
765 1666 878 1737 etiam
904 1663 1205 1760 permutantibus
1241 1663 1414 1758 personis
1447 1686 1495 1734 ex
1530 1662 1628 1734 dicta

129 1815 245 1864 causa
259 1787 457 1863 dumtaxat
474 1805 581 1862 extra
599 1791 757 1863 eandem
778 1787 929 1862 Curiam
948 1789 1171 1864 auctoritate
1190 1787 1357 1884 predicta
1376 1785 1577 1882 recipiendi
1590 1800 1630 1858 et

128 1914 364 2000 admittendi,
393 1938 437 1988 ac
465 1915 633 2001 uniones,
655 1914 884 1988 annexiones
912 1929 952 1987 et
980 1914 1301 2010 incorporatioues
1327 1912 1540 2008 praedictas
1559 1909 1629 1984 dis·

132 2040 312 2115 solvendi.
335 2039 416 2114 Nec
444 2064 517 2113 non
546 2064 593 2114 ea
621 2064 694 2136 que
724 2038 938 2136 simpliciter
971 2039 1245 2138 resignaverint
1271 2055 1311 2112 et
1341 2063 1501 2134 quorum
1531 2061 1627 2111 com·

129 2165 288 2252 mendis,
310 2181 375 2240 aut
401 2165 472 2238 iuri
498 2182 537 2240 et
566 2165 870 2239 concessionibus
893 2165 1085 2248 cesserint,
1107 2189 1173 2239 seu
1199 2164 1375 2238 unionum
1394 2162 1628 2237 dissolutioni

130 2291 389 2364 consenserint
429 2314 603 2386 persone,
635 2315 701 2363 seu
741 2289 913 2387 personis
948 2289 1096 2385 ydonee
1132 2288 1189 2363 vel
1219 2289 1376 2385 ydoneis
1403 2290 1452 2362 ad
1489 2288 1526 2360 id
1559 2311 1629 2383 per

132 2415 236 2512 ipsos
264 2415 471 2490 Auditores
499 2433 538 2490 et
566 2415 842 2490 Locatenentes
870 2413 1104 2503 nominande,
1140 2439 1207 2488 seu
1236 2413 1481 2501 nominandis,
1517 2413 1627 2488 etiam

129 2564 371 2638 quecumque
387 2555 644 2636 quotcumque
668 2555 708 2613 et
735 2540 1023 2634 qualiacumque
1050 2539 1226 2614 beneficia
1253 2538 1504 2613 ecclesiastica
1531 2537 1629 2612 obti-

129 2665 314 2753 nentibus,
346 2680 385 2738 et
410 2665 708 2761 expectantibus,
730 2664 865 2760 quibus
884 2679 925 2737 et
951 2688 1026 2737 non
1054 2663 1134 2738 aliis
1153 2665 1265 2738 etiam
1294 2663 1326 2737 si
1343 2679 1431 2738 ante
1459 2664 1628 2760 resigna·
1712 2691 1715 2697 ·

130 2791 252 2864 tiones
280 2813 347 2864 seu
382 2790 575 2864 cessiones
611 2788 822 2864 huiusmodi
860 2813 927 2886 per
959 2812 1028 2863 eos
1064 2789 1251 2863 nominate
1285 2790 1430 2875 fuerint,
1469 2787 1629 2863 conferri

129 2915 289 3013 possint,
318 2932 359 2988 et
376 2939 450 3010 que
478 2939 526 2988 ex
555 2915 689 2988 eadem
716 2938 829 2989 causa
857 2939 940 2988 cum
978 2915 1033 2988 eis
1069 2914 1379 3011 permutantibus.
1415 2913 1502 3008 Que
1537 2937 1628 2988 vero

128 3043 212 3137 ipse
256 3057 604 3136 compermutantes
644 3064 806 3136 persone
855 3039 1128 3137 resignaverint
1172 3039 1350 3114 beneficia
1394 3039 1626 3126 huiusmodi,

128 3164 292 3250 etiamsi,
330 3181 371 3237 ut
409 3162 606 3260 prefertur,
641 3163 862 3260 qualificata,
900 3179 939 3236 et
976 3189 1058 3236 cunr
1096 3165 1388 3260 permutantium
1416 3163 1628 3237 huiusmodi

127 3288 287 3363 similem
325 3287 538 3362 facultatem
579 3312 651 3362 non
686 3288 900 3362 habentium
936 3287 1116 3363 beneficia
1150 3288 1364 3362 huiusmodi
1395 3287 1628 3384 dispositioni

125 3413 337 3510 apostolice
371 3414 597 3512 generaliter
633 3430 826 3486 reservata
863 3438 930 3486 seu
959 3411 1091 3487 affecta
1118 3413 1265 3499 fuerint,
1295 3413 1438 3487 eisdem
1467 3412 1628 3486 Audito-

126 3541 230 3614 ribus
258 3554 299 3613 et
326 3538 644 3614 Locatenentibus
668 3537 897 3624 conserendi,
928 3541 1042 3612 etde
1071 3537 1140 3612 illis
1166 3538 1280 3612 etiam
1308 3519 1540 3636 providendi.
1570 3537 1628 3612 Ac

123 3665 253 3740 omnia
281 3679 321 3738 et
348 3664 501 3762 singula¹
523 3662 594 3737 elia
631 3663 667 3735 in
697 3662 891 3758 premissis
918 3680 958 3737 et
984 3666 1081 3737 circa
1108 3688 1153 3737 ea
1181 3663 1403 3750 necessaria,
1439 3689 1505 3737 scu
1538 3686 1628 3757 quo·

125 3788 338 3864 modolibet
365 3805 578 3885 opportuna
606 3785 772 3872 faciendi,
793 3803 834 3861 et
860 3789 1071 3884 exequendi
1090 3787 1252 3884 plenam,
1272 3803 1312 3861 et
1329 3788 1483 3863 liberam
1503 3802 1629 3861 aucto·

124 3913 239 3988 ritate
268 3928 307 3986 et
334 3928 465 3986 tenore
492 3911 669 4008 predictis
697 3928 802 3985 motu
832 3911 939 3984 simili
966 3910 1180 3987 facultatem
1208 3912 1458 3988 concedimus
1601 3991 1605 3998 ,

210 4037 268 4110 Ac
311 4035 454 4110 eisdem
492 4035 739 4108 Auditoribus
772 4051 811 4108 et
847 4035 1174 4124 Locatenentibus,
1222 4051 1262 4110 et
1280 4062 1433 4130 ,eorum
1474 4036 1630 4135 singulis

120 4163 241 4238 etiam
269 4161 433 4239 indicta
462 4159 585 4247 Curia,
615 4174 683 4234 aut
708 4141 836 4256 aliquo
872 4161 1133 4234 beneficiorum
1168 4161 1514 4249 ecclesiasticorum,
1545 4187 1628 4236 cum

121 4314 217 4362 cura
246 4302 286 4360 et
313 4287 393 4360 sine
421 4309 510 4359 cura
541 4310 611 4384 per
646 4309 714 4358 eos
750 4309 819 4381 pro
852 4300 1024 4381 tempore
1061 4287 1303 4361 obtentorum
1342 4285 1553 4370 residendo,
1592 4288 1628 4359 in
1712 4287 1714 4292 ’

121 4414 209 4487 aliis
239 4412 428 4487 beneficiis
465 4409 728 4484 ecclesiasticis
765 4409 934 4484 similiter
969 4435 1038 4506 per
1065 4435 1132 4484 eos
1169 4413 1205 4484 in
1239 4412 1433 4508 quibusvis
1463 4411 1630 4486 ecclesiis

120 4540 205 4612 sive
235 4535 328 4611 locis
356 4561 426 4634 pro
454 4544 627 4632 ternpore
655 4535 820 4610 obtentis
849 4536 1015 4609 residere
1043 4536 1192 4610 minime
1211 4551 1421 4624 teneantur,
1438 4562 1505 4610 nec
1523 4537 1573 4610 ad
1592 4537 1631 4611 id

120 4663 232 4738 inviti
261 4660 433 4758 compelli
461 4661 618 4758 possint.
650 4661 699 4733 Et
728 4659 985 4735 nichilominus
1019 4685 1163 4748 omnes,
1192 4677 1231 4736 et
1268 4660 1437 4760 singulos
1473 4661 1628 4747 fructus

120 4787 313 4874 redditus
341 4803 380 4860 et
408 4800 625 4883 proventus,
657 4785 922 4859 beneficiorum
955 4785 1221 4881 predictorum,
1251 4801 1293 4859 ut
1323 4787 1520 4882 prefertur,
1541 4810 1632 4882 qua·

118 4913 350 4988 lificatorum
379 4936 463 4984 cum
491 4935 537 4984 ea
564 4910 781 5007 integritate
810 4907 1064 5007 (Quotidianis
1093 4911 1415 4985 distributionibus
1436 4913 1632 4986 dumtaxat

119 5037 313 5134 exceptis)
339 5036 454 5110 libere
481 5036 674 5132 percipere
709 5035 870 5121 valeant,
908 5061 993 5109 cum
1027 5061 1102 5132 qua
1138 5033 1220 5110 illos
1256 5035 1504 5131 perciperent,
1534 5037 1566 5110 si
1593 5037 1628 5109 in

118 5165 272 5239 eisdem
287 5158 474 5235 beneficiis
488 5157 736 5255 personaliter
755 5160 975 5246 residerent,
997 5160 1181 5256 dictisque
1199 5159 1387 5235 beneficiis
1405 5185 1475 5256 per
1494 5161 1630 5258 Capel-

119 5291 235 5364 lanos
267 5311 333 5360 seu
367 5285 537 5359 Vicarios
565 5285 735 5380 ydoneos
769 5286 817 5359 ad
851 5311 983 5359 eorum
1012 5300 1142 5358 nutum
1175 5285 1395 5360 amovibiles
1431 5285 1468 5358 in
1496 5285 1629 5360 divinis

28 5437 29 5516 j
119 5411 334 5498 deservire,
363 5425 403 5485 et
429 5409 636 5483 animarum
673 5435 799 5484 curam
837 5411 907 5485 illis
945 5412 1197 5486 imminentem
1230 5436 1422 5498 exercere;
1455 5437 1499 5486 ac
1536 5436 1628 5508 que-
