3708 5918
719 311 871 370 Iohanne
889 311 996 372 XXII
1583 313 1622 372 73

124 516 311 598 nequeant
338 517 424 575 acta
451 501 634 576 redimere
663 527 732 576 sue
758 526 884 587 cause,
905 503 1111 576 Auditores
1139 527 1230 577 suos
1258 503 1484 599 compellant
1512 519 1621 578 nota·

122 627 205 712 rios
236 626 446 700 scribentes
473 627 509 699 in
534 626 630 701 actis
667 627 822 718 eisdem,
851 627 901 700 ad
933 627 1206 701 restituendum
1234 629 1378 727 gratius
1407 627 1619 703 huiusmodi

121 767 288 828 actorum
315 751 463 847 copiam
491 752 598 848 parti,
630 752 777 826 solvere
807 753 863 850 (ut
887 752 1127 850 premittitur)
1158 754 1372 850 nequeunti,
1395 754 1426 827 si
1444 754 1619 829 Auditori

121 901 232 950 cause
260 876 358 950 illius
386 893 592 973 paupertas
624 875 795 951 notabilis
829 876 1011 952 vtdeatur.
1158 957 1165 972 ,

199 1003 218 1098 §
252 1025 310 1094 13.
340 1002 444 1086 Item,
466 999 569 1098 quod
588 1001 710 1075 nullus
728 1002 948 1076 eorumdem
968 1001 1194 1078 Auditorum
1223 1002 1258 1074 in
1288 1005 1410 1076 causis
1438 1028 1513 1099 que
1533 1019 1621 1078 sunt

124 1125 157 1198 in
184 1125 286 1200 dicto
313 1124 463 1222 palatio,
493 1124 554 1220 vel
587 1125 624 1200 in
651 1126 755 1200 brevi
793 1142 992 1221 sperantur
1029 1126 1204 1212 existere,
1232 1126 1424 1200 consilium
1453 1151 1522 1200 nec
1553 1151 1622 1224 per

125 1275 173 1334 se,
213 1273 282 1324 nec
318 1274 388 1345 per
421 1250 680 1345 interpositam
719 1275 931 1346 personam,
966 1250 1137 1346 partibus
1174 1252 1341 1346 prebeat,
1373 1275 1440 1326 nec
1468 1251 1621 1347 aliquod

12 1455 13 1460 ,
124 1376 367 1472 patrocinium
404 1391 560 1472 prestet,
601 1375 670 1450 nisi
703 1399 818 1450 cause
845 1376 1009 1472 proprie,
1038 1375 1098 1450 vel
1127 1401 1281 1450 suorum
1320 1401 1441 1472 usque
1468 1378 1517 1450 ad
1546 1394 1623 1451 ter·
1750 1477 1753 1482 Ι

124 1500 211 1574 tium
231 1500 394 1598 gradum
412 1501 761 1599 consanguinitatis,
781 1501 840 1575 vel
859 1500 1107 1588 dominorum,
1129 1515 1196 1574 aut
1209 1499 1439 1576 familiarium
1455 1525 1620 1586 suorum,

124 1651 187 1700 seu
216 1625 459 1701 ecclesiarum
497 1625 697 1723 inquibus
725 1626 969 1700 beneficiatus
1004 1626 1111 1710 soret,
1141 1627 1356 1702 existerent.
1388 1626 1437 1700 Et
1469 1627 1506 1700 in
1536 1651 1622 1722 pre·

123 1749 402 1826 missisultimis
430 1751 577 1826 casibus
596 1750 646 1824 ad
673 1752 932 1826 coauditorum
961 1777 1116 1826 suorum
1144 1750 1297 1826 consilia
1324 1751 1474 1827 minime
1493 1750 1624 1826 admit·

123 1891 242 1950 tatur:
285 1875 467 1972 quodque
506 1875 578 1949 hoc
620 1874 787 1950 revelare
838 1892 1020 1962 teneatur,
1060 1875 1093 1950 si
1126 1876 1305 1950 existeret
1345 1875 1383 1950 id
1422 1875 1620 1950 occultum.

122 2000 223 2086 Item,
245 2001 351 2098 quod
378 1998 500 2074 nullus
519 1999 746 2074 Auditorum
775 2000 942 2094 ipsorum
970 2024 1122 2074 causam
1143 2000 1298 2096 recipiat
1325 1999 1562 2087 audiendam,
1591 1999 1623 2074 si

121 2125 376 2199 committatur
411 2125 546 2209 eidem,
576 2126 614 2198 in
640 2149 716 2221 qua
748 2125 942 2200 consilium
979 2123 1139 2210 dederit,
1178 2126 1247 2198 sed
1283 2123 1332 2198 ad
1364 2123 1623 2200 cancellariam

120 2249 241 2346 ipsam
269 2248 510 2323 incontinenti
538 2249 706 2324 remittat
732 2249 839 2322 alteri
867 2247 1226 2324 committendam*

198 2376 218 2471 5
254 2397 311 2466 14.
346 2373 450 2460 Item,
481 2373 585 2470 quod
612 2373 831 2448 eorumdem
861 2373 1086 2448 Auditorum
1117 2373 1281 2460 consilia,
1310 2397 1383 2468 que
1421 2375 1625 2470 prebentur

120 2498 154 2570 in
191 2497 330 2584 causis,
359 2499 569 2573 scribantur
602 2523 671 2595 per
713 2481 898 2572 notarium
935 2497 1031 2572 illius
1050 2524 1192 2583 ·cause,
1231 2499 1266 2571 in
1304 2523 1379 2594 qua
1411 2499 1625 2574 huiusmodi

118 2622 274 2698 consilia
301 2623 578 2719 impenduntur,
609 2637 649 2695 et
676 2639 822 2698 secreta
850 2647 1048 2698 causarum
1076 2639 1115 2698 et
1134 2622 1371 2698 consiliorum
1390 2624 1621 2710 eorumdem,

118 2763 195 2822 tam
231 2772 301 2845 per
327 2749 431 2846 ipsos
451 2749 658 2824 Auditores
686 2750 869 2823 dictarum
898 2773 1107 2835 causarum,
1138 2772 1251 2843 quam
1279 2772 1347 2844 per
1374 2747 1559 2824 notarium
1588 2749 1623 2822 in

118 2872 173 2947 eis
201 2875 439 2960 scribentem,
471 2876 543 2947 sub
570 2872 692 2971 sigillo
719 2873 908 2948 credentie
936 2851 1145 2948 teneantur.
1603 2872 1608 2882 ’

197 3001 218 3095 §
246 3020 303 3092 15.
325 2997 429 3082 Item,
448 3000 551 3094 quod
570 3000 723 3094 quando
743 3013 862 3072 testes
882 2999 956 3072 sint
973 2998 1034 3072 vel
1048 2999 1185 3072 luerint
1197 2998 1433 3072 examinandi
1447 2997 1482 3071 in
1498 2997 1623 3086 Curia,

118 3121 153 3195 in
173 3123 314 3210 causis,
336 3148 411 3219 que
438 3123 473 3196 in
493 3122 595 3197 dicto
613 3124 754 3221 palatio
771 3123 1007 3210 ventilantur,
1028 3123 1283 3221 presertimiri
1309 3123 1457 3219 punctis
1485 3122 1623 3209 arduis,

118 3249 279 3324 eosdem
309 3264 429 3323 testes
456 3273 527 3344 per
555 3273 597 3322 se
629 3247 716 3325 dicti
749 3250 963 3324 examinent
990 3248 1210 3322 Auditores.

580 3445 744 3519 Robrica
772 3446 820 3519 de
849 3445 1003 3520 notariis
1031 3443 1170 3540 palatii.

196 3626 217 3722 ᾖ
254 3628 313 3696 16.
345 3621 405 3696 De
433 3619 657 3719 supradictis
685 3645 839 3717 quoque
866 3621 1019 3694 notariis
1046 3621 1516 3696 eorumdem-Auditorum
1535 3621 1626 3694 scri-

117 3749 297 3823 bentibus
325 3748 360 3820 in
398 3747 520 3820 causis
547 3747 617 3820 illis
649 3745 871 3831 commissis,
909 3745 1079 3820 similiter
1112 3744 1314 3822 statuendo
1340 3763 1380 3820 et
1415 3746 1626 3822 ordinando

118 3873 394 3972 subjungimus,
416 3873 521 3967 quod
548 3871 747 3970 diligentes
767 3885 806 3943 et
832 3870 966 3943 attenti
993 3871 1157 3946 existant
1184 3872 1219 3944 in
1248 3871 1449 3946 commisso
1468 3870 1522 3945 eis
1545 3869 1625 3945 olli-

116 3997 172 4072 cio
192 3998 331 4072 notarii
350 3995 554 4093 prelibato;
575 3995 755 4092 quodque
768 3993 927 4068 fideliter
946 4009 986 4068 et
1003 3993 1160 4070 sollicite
1179 3996 1344 4070 scribant
1363 4010 1403 4070 et
1424 4009 1626 4070 exerceant

118 4121 283 4196 officium
312 4121 543 4196 antedictum
571 4135 611 4194 et
638 4119 741 4216 quod
777 4144 800 4193 a
836 4117 1020 4214 partibus,
1057 4119 1117 4194 vel
1153 4120 1278 4216 aliqua
1304 4143 1434 4194 earum
1463 4119 1623 4203 nomine,

119 4247 227 4321 nichil
258 4247 451 4344 recipiant,
487 4245 555 4320 nisi
582 4261 697 4342 prout
727 4261 786 4318 est
822 4243 916 4317 inira
952 4244 1193 4341 descriptum,
1234 4259 1402 4319 taxatum
1437 4259 1476 4318 et
1511 4244 1624 4318 etiam

110 4371 346 4453 ordinatum.
377 4371 617 4447 Contrarium
653 4396 745 4444 vero
773 4369 962 4458 facientes,
994 4370 1149 4468 duplum
1186 4370 1383 4446 restituere
1416 4385 1624 4444 teneantur.

157 4495 160 4502 ’
196 4499 215 4594 5
252 4518 314 4590 17.
334 4496 439 4582 Item,
470 4497 574 4593 quod
603 4495 724 4570 nullus
751 4494 972 4568 eorumdem
1000 4495 1230 4570 notariorum
1259 4494 1294 4567 in
1322 4495 1457 4570 eodem
1487 4494 1627 4589 palatio

119 4621 262 4696 scribat
294 4620 330 4694 in
373 4621 496 4696 causis
532 4645 659 4696 coram
700 4620 827 4716 aliquo
868 4619 986 4718 ipsius
1015 4619 1144 4715 palatii
1179 4601 1378 4705 Auditore,
1415 4619 1486 4692 nisi
1522 4618 1627 4715 prius

119 4771 185 4840 per
212 4743 570 4830 vicecancellarium,
592 4745 651 4820 vel
679 4746 791 4818 alium
820 4746 867 4819 de
896 4745 977 4819 eius
1006 4742 1158 4841 speciali
1189 4745 1378 4828 mandato,
1413 4744 1461 4818 de
1488 4744 1625 4819 littera·

119 4885 201 4946 tura
229 4895 277 4946 ac
307 4869 493 4967 scriptura
520 4869 716 4946 sufficienti
742 4871 791 4946 ad
819 4867 1031 4944 huiusmodi
1058 4869 1267 4944 notariatus
1293 4867 1455 4944 officium
1486 4867 1626 4944 exami-

121 5014 249 5083 natum
272 5011 315 5068 et
332 4993 380 5068 de
416 4995 492 5069 vita
520 5010 559 5069 et
585 4995 870 5070 conversatione
897 4994 1015 5093 ipsius
1052 4993 1263 5067 informatio
1286 5007 1451 5088 recepta,
1482 5017 1626 5068 necnon

119 5121 357 5219 approbatus
384 5118 495 5195 fuerit
518 5143 587 5216 per
614 5121 809 5205 eumdem;
838 5143 882 5193 ac
909 5120 1022 5193 etiam
1051 5118 1299 5192 iuramentum
1327 5118 1363 5189 in
1392 5141 1503 5190 manu
1532 5118 1625 5189 vice-

120 5243 331 5322 cancellarii
359 5244 566 5341 prestiterit
594 5245 629 5318 in
658 5243 727 5318 hac
755 5244 898 5320 forma:

199 5372 219 5466 ᾗ
253 5371 315 5444 18.
345 5367 473 5466 Ego..
503 5368 712 5444 notarius..
740 5367 945 5453 Auditoris,
975 5367 1215 5442 commissum
1244 5365 1332 5438 mihi
1360 5363 1522 5438 officium
1550 5361 1626 5436 sol·
