3720 5914
240 243 295 304 222
885 243 1022 303 Soeculo
1041 243 1109 304 XV

239 436 545 512 intollerabilibus
573 439 759 534 expensis,
791 461 886 533 quas
911 436 992 512 illas
1029 439 1297 534 prosequendo
1324 437 1527 536 perierunt,
1558 437 1738 522 relevare,

240 576 423 659 quantum
453 561 574 637 Nobis
602 561 783 659 possibile
811 579 881 648 est,
911 563 1119 659 cupientes,
1158 563 1227 636 hac
1261 562 1298 636 in
1325 578 1549 660 perpetuum
1581 563 1741 638 valitura

238 687 505 762 constitutione
532 687 745 775 statuimus
774 702 814 760 et
841 688 1071 776 ordinamus,

316 814 335 909 5
369 835 399 886 1.
430 809 546 904 Quod
564 783 603 884 si
614 811 771 886 diversis
799 837 996 888 causarum
1026 811 1153 886 Palatii
1174 812 1421 888 Auditoribus
1450 812 1619 886 diversas
1638 837 1740 887 com-

238 935 434 1010 missiones
462 951 700 1034 presentatas
727 935 907 1011 hactenus
927 935 986 1010 vel
1014 961 1084 1034 pro
1117 951 1288 1034 tempore
1320 936 1472 1034 reperiri
1492 939 1689 1036 contingat
1705 936 1739 1009 in

238 1060 371 1166 eadpm
399 1085 524 1144 causa,
555 1060 724 1135 eiusdem
743 1061 896 1147 tenoris,
925 1059 985 1136 vel
1012 1061 1179 1150 ellectus,
1210 1061 1295 1136 licet
1322 1061 1373 1136 ad
1399 1062 1632 1136 diversarum
1657 1088 1741 1161 per-

240 1209 417 1260 sonarum
455 1187 683 1275 instantiam,
721 1186 887 1260 Auditor
918 1187 978 1261 cui
1013 1188 1116 1283 prius
1153 1187 1369 1262 commissio
1405 1203 1625 1284 presentata
1661 1187 1741 1276 fuit,

237 1309 528 1385 iurisdictionem
547 1313 585 1385 in
603 1311 844 1408 procedendo
862 1328 901 1387 et
920 1310 1117 1386 iudicando
1136 1313 1305 1398 retineat,
1326 1313 1472 1408 absque
1486 1311 1558 1386 alia
1575 1313 1742 1410 desuper

239 1435 514 1523 commissione,
543 1435 701 1511 aliorum
731 1435 1003 1512 Coauditorum
1031 1438 1079 1511 ad
1108 1437 1145 1510 id
1173 1436 1377 1511 accedente
1405 1460 1602 1512 consensu.

320 1562 339 1658 5
362 1587 396 1636 2.
427 1561 477 1636 Et
498 1562 602 1658 quod
626 1561 1059 1636 Auditores·causarum
1087 1561 1352 1659 predictarum,
1372 1562 1537 1636 constito
1554 1562 1610 1636 eis
1639 1564 1744 1660 quod

242 1685 369 1761 citatio
396 1711 465 1782 per
483 1711 551 1759 eos
579 1683 732 1760 decreta
759 1687 795 1758 in
824 1686 948 1760 causis
976 1685 1113 1784 (minus
1141 1701 1266 1761 tamen
1292 1686 1460 1784 legitime
1488 1683 1668 1791 executa)
1695 1686 1744 1761 ad

242 1811 361 1905 partis
389 1810 502 1884 citate
531 1809 699 1885 notitiam
728 1811 952 1906 pervenerit,
983 1825 1071 1885 ante
1098 1812 1341 1885 terminorum
1360 1812 1677 1900 observationem,
1696 1812 1745 1885 ad

240 1933 516 2030 expeditionem
545 1959 743 2008 causarum
761 1935 992 2020 earumdem,
1017 1936 1163 2032 absque
1190 1935 1263 2010 alia
1289 1937 1563 2024 commissione,
1585 1935 1744 2034 perinde

241 2083 284 2131 ac
311 2059 342 2131 si
369 2059 497 2133 citatio
524 2058 690 2158 legitime
718 2061 927 2136 executioni
957 2059 1183 2135 demandata
1211 2061 1317 2148 soret,
1347 2062 1564 2159 procedere.

322 2187 341 2283 5
371 2208 405 2278 3.
427 2183 476 2256 Et
503 2184 540 2257 in
566 2183 773 2268 viduarum,
804 2201 844 2258 et
861 2183 1097 2281 pupillorum,
1121 2209 1266 2260 necnon
1290 2185 1353 2260 ubi
1372 2186 1421 2261 de
1440 2210 1596 2273 summa,
1617 2184 1680 2260 vel
1704 2209 1744 2260 re

239 2311 404 2386 valorem
432 2310 724 2407 quingentorum
751 2309 976 2384 florenorum
1013 2309 1094 2384 auri
1123 2333 1197 2384 nou
1223 2310 1440 2398 excedente,
1470 2326 1661 2409 ageretur,
1697 2335 1744 2384 eo
1841 2359 1842 2366 κ

239 2436 364 2522 modo,
395 2435 534 2532 quoin
573 2433 855 2510 Beneficialibus
892 2433 1026 2521 causis,
1063 2434 1111 2509 de
1150 2433 1424 2510 Coauditorum
1462 2461 1616 2510 suorum
1654 2459 1744 2512 con·

243 2583 368 2648 sensu,
398 2560 510 2632 etiarn
540 2560 760 2656 procedere.

320 2687 338 2782 5
367 2709 402 2778 4.
438 2684 690 2758 Remissorias
718 2685 832 2758 etiam
859 2685 909 2757 ad
936 2701 1075 2780 partes,
1107 2683 1143 2756 in
1172 2683 1294 2757 causis
1321 2708 1449 2758 coram
1477 2683 1542 2772 eis,
1574 2707 1685 2770 nunc,
1706 2697 1744 2757 et

238 2833 309 2905 pro
336 2825 507 2904 tempore
526 2808 787 2904 pendentibus,
819 2809 855 2881 in
874 2809 1006 2904 quavis
1025 2807 1211 2894 instantia,
1243 2832 1427 2882 novemve
1456 2807 1685 2895 dilationem,
1713 2809 1743 2882 si

240 2949 402 3031 petatur,
432 2932 480 3007 de
507 2931 664 3007 aliorum
695 2931 966 3008 Coauditorum
994 2931 1148 3006 consilio
1176 2933 1394 3010 concedere.

321 3061 352 3156 5¹
370 3079 406 3152 5.
427 3058 490 3131 Ad
509 3057 786 3132 reiterationem
805 3082 959 3155 quoque
978 3057 1232 3142 terminorum,
1254 3056 1404 3132 nulliter
1421 3058 1481 3132 vel
1500 3057 1597 3132 male
1616 3060 1745 3132 obser-

240 3197 425 3267 vatorum,
456 3198 598 3278 partes,
629 3207 696 3256 seu
725 3174 987 3281 collitigantes‚
1016 3205 1193 3256 earumve
1226 3199 1501 3278 procuratores,
1530 3181 1742 3256 admittere.

322 3309 398 3404 56.
430 3306 480 3380 Et
507 3305 619 3380 fidem
656 3305 836 3404 registris,
875 3332 1000 3382 coram
1029 3307 1110 3381 aliis
1137 3305 1329 3394 iudicibus,
1359 3308 1472 3382 etiam
1508 3307 1544 3381 in
1572 3309 1744 3404 partibus

244 3433 361 3519 sactis,
381 3429 521 3528 quoad
538 3431 616 3504 iura
631 3432 668 3504 in
682 3433 736 3505 eis
751 3432 952 3529 registrata
971 3433 1168 3505 dumtaxat
1182 3432 1230 3505 de
1250 3431 1357 3505 simili
1380 3431 1534 3508 consilio
1552 3431 1741 3507 adhibere.

323 3559 396 3654 57.
418 3556 542 3654 Super
567 3554 726 3630 articulo
753 3557 991 3656 gravaminis,
1021 3582 1065 3630 ac
1093 3555 1247 3654 negotio
1275 3557 1468 3654 principali
1489 3556 1610 3644 simul,
1639 3573 1683 3631 et
1697 3556 1742 3654 (si

243 3697 404 3779 petatur,
438 3705 482 3754 ac
521 3679 814 3755 Coauditoribus
850 3681 1029 3778 expedire
1065 3680 1264 3780 videbitur)
1300 3680 1448 3756 refectis
1483 3681 1671 3779 expensis,
1708 3681 1742 3753 in

243 3807 377 3881 eodem
404 3805 598 3903 principali
626 3804 791 3904 negotio,
812 3807 954 3881 omisso
980 3805 1244 3903 appellationis
1270 3805 1438 3894 articulo,
1469 3808 1688 3905 procedere.

324 3931 343 4027 5
372 3933 406 4006 8.
438 3927 487 4002 Et
514 3930 604 4003 dum
631 3929 685 4002 eis
721 3930 907 4004 videbitur
937 3929 1125 4028 expedire,
1155 3929 1279 4003 satalia
1305 3930 1342 4002 in
1371 3931 1493 4006 causis
1521 3955 1740 4032 prorogare,

134 4145 137 4159 Ι
245 4051 304 4127 νε]
332 4053 379 4126 de
409 4077 508 4127 novo
537 4051 756 4128 concedere.

324 4182 342 4277 5
378 4203 413 4270 9.
454 4177 503 4250 Et
545 4203 660 4274 super
700 4177 952 4276 appellatione
992 4179 1215 4275 interposita
1248 4203 1271 4254 a
1308 4181 1495 4256 sententia
1537 4178 1738 4265 diffinitiva,

246 4305 406 4378 decurso
433 4301 565 4376 ultimo
586 4319 777 4377 momento
798 4303 990 4400 temporis,
1010 4303 1059 4376 ad
1078 4303 1116 4377 id
1135 4304 1183 4378 de
1202 4305 1281 4379 iure
1299 4304 1430 4403 prefixi
1449 4303 1598 4406 (eadem
1617 4319 1740 4378 tamen

245 4428 305 4502 die
333 4427 449 4501 ultimi
479 4426 673 4525 momenti)
702 4425 858 4524 perinde
886 4452 930 4500 ac
958 4427 990 4501 si
1018 4426 1146 4502 debito
1175 4443 1346 4527 tempore
1380 4429 1601 4525 interposita
1632 4427 1739 4513 foret,

247 4551 424 4626 iustitiam
453 4550 674 4624 ministrare.

326 4679 344 4774 5
379 4700 435 4752 10.
467 4675 517 4749 Et
544 4675 575 4748 si
603 4675 723 4771 prima
749 4675 809 4750 vel
829 4675 995 4750 secunda
1024 4679 1210 4752 sententia
1228 4679 1437 4776 reperiatur
1464 4676 1564 4751 nulla
1582 4701 1631 4750 ex
1648 4675 1741 4749 inor·

247 4801 375 4875 dinato
411 4825 603 4897 processu,
634 4801 693 4873 vel
721 4800 834 4874 etiam
867 4825 915 4873 ex
942 4799 1145 4874 omissione
1172 4802 1369 4877 iuramenti
1397 4825 1513 4898 super
1548 4801 1741 4898 perhorre-

247 4925 398 5012 scentia,
428 4926 531 4999 iuxta
567 4924 871 4999 constitutionem
899 4922 959 5000 iel.
990 4949 1062 5000 rec.
1094 4925 1270 5002 Bonisacii
1299 4927 1399 5024 Pape
1430 4926 1515 5000 Vlll
1547 4925 1740 5024 predeces-

248 5049 344 5124 soris
373 5049 513 5134 Nostri,
551 5074 627 5146 que
663 5048 799 5148 incipit,
831 5049 1034 5138 Statutum,
1064 5049 1270 5125 dummodo
1296 5052 1386 5127 illud
1422 5077 1492 5150 per
1525 5065 1672 5148 partem
1705 5051 1738 5122 in

247 5197 484 5270 quacumque
501 5185 611 5269 parte
639 5172 760 5247 iudicii
778 5189 913 5271 postea
932 5189 1134 5270 prestetur,
1156 5174 1206 5249 ad
1224 5173 1543 5250 confirmationem
1561 5175 1621 5250 vel
1643 5174 1738 5250 infir-

248 5297 460 5384 mationem,
492 5295 638 5371 relectis
666 5299 854 5394 expensis,
883 5299 1100 5396 procedere.
