3718 5918
733 293 900 354 Clemente
918 292 993 353 XII
1560 291 1614 354 495

193 488 265 562 Pro
293 488 461 586 qualibet
480 487 573 563 Fide
600 489 749 586 publica
776 489 1045 584 cuiuscumque
1073 489 1205 575 Actus,
1237 513 1304 561 seu
1334 487 1546 577 citationis,
1575 504 1615 564 et

115 612 252 688 decreti
280 615 351 688 sub
378 611 512 688 diebus
540 612 701 690 diversis
727 612 827 698 iacti,
847 629 887 686 et
914 611 1165 709 reproductae
1185 614 1414 710 respective;
1445 611 1616 712 Sidetur

115 740 161 812 de
187 737 306 822 Actis,
342 753 382 811 et
417 736 669 812 Citationibus
705 736 902 812 Rotalibus
936 735 1035 812 obul.
1076 758 1136 831 75,
1175 760 1246 833 pro
1282 737 1468 832 qualibet;
1497 739 1531 812 si
1566 739 1615 812 de

114 863 229 946 Actis,
251 879 291 936 et
319 861 569 938 Citationibus
598 889 724 937 coram
754 864 800 938 R.
822 863 859 937 P.
882 862 931 936 D.
952 860 1139 936 Auditore
1166 861 1285 947 SSriri,
1305 861 1366 936 vel
1390 863 1615 961 Signaturae

117 1013 185 1085 pro
213 986 381 1084 qualibet
407 990 472 1063 ob:
507 1012 571 1084 45,
600 989 633 1061 si
665 1003 792 1062 tamen
820 987 942 1062 dictae
977 987 1190 1062 Citationes
1226 988 1301 1061 sint
1335 1013 1419 1062 eum
1448 989 1615 1064 Decreto

113 1112 316 1200 diffinitive,
347 1129 387 1187 et
420 1113 752 1213 subdelegationis,
783 1112 841 1188 vel
870 1111 1004 1209 quovis
1040 1111 1113 1187 alio
1142 1111 1256 1188 modo
1283 1111 1495 1210 exequibili,
1527 1130 1615 1187 tunc

114 1235 297 1334 exigatur,
327 1237 388 1312 vel
416 1237 560 1312 ratione
589 1237 831 1312 instrumenti
858 1235 1010 1324 decreti,
1041 1235 1100 1310 vel
1125 1236 1296 1311 Mandati
1314 1253 1428 1334 prout
1455 1237 1615 1312 habetur

114 1363 150 1435 in
177 1361 294 1436 Taxis
320 1364 628 1461 praecedentium
658 1362 993 1440 Reformationum.

194 1488 265 1561 Pro
284 1487 453 1584 quolibet
480 1501 699 1584 transportu
727 1489 913 1564 Actorum
931 1486 1015 1563 loco
1034 1486 1364 1583 transportationis
1392 1489 1462 1564 ob:
1492 1509 1554 1583 45,
1577 1505 1616 1562 et

113 1610 270 1686 totidem
298 1637 369 1710 pro
397 1610 565 1708 qualibet
591 1612 676 1687 lista
703 1636 967 1709 expensarum.
1390 1701 1391 1706 Ἰ

194 1734 266 1810 Pro
294 1736 547 1834 publicatione
566 1736 764 1811 cuiuslibet
793 1734 1015 1823 Decisionis,
1036 1760 1134 1834 quae
1163 1763 1211 1810 ex
1238 1736 1431 1812 voluntate
1452 1737 1614 1812 Partium

112 1861 305 1960 registrari
318 1862 519 1961 contigerit
533 1862 570 1934 in
584 1861 781 1950 mandatis,
794 1875 834 1934 et
847 1861 1161 1936 executorialibus
1177 1861 1375 1937 Rotalibus
1389 1878 1428 1936 et
1443 1879 1616 1962 regestro

112 1983 208 2059 illius
228 1985 328 2062 obul.
350 2002 496 2083 septem
516 2011 601 2060 cum
628 1986 784 2060 dimidio
811 2009 881 2082 pro
901 1985 1069 2084 quolibet
1096 1985 1197 2074 solio,
1218 2010 1284 2060 seu
1310 2002 1413 2060 carta
1433 1987 1613 2087 regulan„

113 2127 155 2185 ut
183 2135 436 2209 unaquaeque
463 2112 576 2186 iacies
603 2110 679 2185 lolii
706 2111 896 2185 contineat
923 2109 1040 2186 lineas
1080 2137 1140 2205 24,
1171 2129 1209 2186 et
1241 2135 1492 2210 unaquaeque
1520 2113 1616 2186 linea

113 2233 280 2333 syllabas
308 2236 517 2312 duodecim.

193 2360 235 2434 ln
263 2360 508 2456 publicandis,
530 2375 570 2433 et
597 2359 791 2434 tradendis
820 2359 930 2434 Votis
959 2359 1155 2435 Rotalibus
1183 2361 1366 2459 exigatur,
1397 2362 1523 2436 utini
1563 2423 1569 2438 .

195 2483 269 2559 Pro
297 2483 545 2582 productione
572 2483 659 2559 fidei
687 2483 875 2581 Rescripti
903 2483 1086 2560 remissivi
1113 2508 1185 2581 pro
1212 2483 1316 2560 Voto
1364 2547 1371 2561 .
1429 2511 1480 2562 se.
1511 2509 1616 2580 -40

194 2609 268 2684 Pro
296 2609 485 2686 Citatione
514 2623 644 2684 contra
672 2610 766 2696 Iura,
797 2611 828 2682 si
856 2634 956 2707 quae
984 2609 1081 2685 sacta
1108 2609 1237 2686 luerit.
1297 2673 1305 2689 .
1363 2667 1372 2684 .
1429 2635 1480 2687 sc.
1517 2635 1548 2687 1.
1564 2653 1615 2670 -

194 2735 269 2810 Pro
292 2735 481 2811 Citatione
504 2736 553 2809 ad
577 2735 780 2810 videndum
803 2735 972 2809 mandari
994 2735 1092 2809 tradi
1114 2733 1256 2809 Votum
1282 2736 1405 2810 Rotae
1428 2759 1478 2811 sc.
1510 2759 1614 2832 -50

195 2863 270 2936 Pro
299 2859 401 2936 Nota
428 2861 570 2936 decreti
598 2858 807 2935 traditionis
837 2857 926 2935 Voti
955 2859 1100 2934 Rotalis
1161 2919 1168 2936 .
1230 2922 1236 2935 .
1295 2920 1302 2936 .
1361 2885 1412 2934 se.
1449 2885 1480 2934 1.
1498 2863 1546 2955 87
1567 2859 1614 2962 Ἰ,

185 2987 260 3061 Pro
290 2985 383 3061 Fide
411 2985 500 3060 Voti
526 2987 675 3061 Rotalis
702 2985 785 3060 loeo
813 2985 1053 3059 instrumenti
1085 2983 1239 3059 decreti.
1296 3043 1304 3059 .
1363 3045 1371 3062 .
1431 3011 1481 3061 sc.
1517 3010 1548 3060 1.
1568 3006 1617 3079 50

194 3111 269 3187 Per
302 3111 553 3206 publicatione
592 3111 859 3207 cuiuscumque
897 3109 1118 3196 Decisionis,
1149 3111 1254 3184 cuius
1281 3110 1413 3209 vigore
1445 3111 1616 3200 traditur,

193 3237 352 3322 Votum,
381 3261 452 3333 pro
480 3234 649 3332 qualibet
694 3290 1371 3313 ...........
1430 3262 1481 3313 sc.
1511 3258 1587 3330 —7
1595 3257 1614 3330 5

191 3362 268 3436 Pro
295 3361 413 3458 copia,
435 3385 501 3434 seu
530 3361 614 3434 loco
636 3343 798 3458 Copiae,
829 3377 895 3434 aut
923 3359 1139 3457 Scripturas
1168 3359 1391 3448 Decisionis,
1412 3386 1481 3435 seu
1509 3360 1619 3436 Deci·

110 3487 274 3572 sionum,
306 3509 404 3581 quae
431 3483 570 3558 dantur
597 3484 804 3580 impressae
822 3483 921 3557 obul.
942 3484 1109 3580 quinque
1136 3507 1208 3580 pro
1236 3466 1405 3580 quolibet
1431 3483 1530 3573 folio,
1551 3509 1618 3558 seu

110 3627 219 3686 carta
249 3610 418 3710 regulae.
440 3609 488 3683 ad
516 3607 646 3696 lineas,
666 3624 706 3684 et
733 3609 908 3706 syllabas,
928 3625 1042 3704 prout
1065 3607 1114 3684 de
1133 3608 1213 3684 aliis
1243 3606 1373 3706 Copiis
1402 3609 1621 3684 dictumest

111 3761 245 3833 supra.

192 3864 270 3937 Pro
298 3861 373 3936 fide
405 3860 613 3936 litterarum
642 3859 974 3949 Remissorialium,
1006 3885 1105 3957 quae
1142 3860 1239 3934 solet
1273 3859 1413 3959 apponi
1450 3861 1485 3935 in
1520 3862 1621 3936 calce

107 3989 324 4064 earundem
353 3987 505 4085 quando
533 3985 783 4082 expediuntur
829 4039 1375 4061 .........
1434 4013 1485 4061 se.
1513 4009 1615 4081 -45

193 4115 271 4188 Pro
301 4112 443 4209 Rogitu
472 4136 649 4185 accessus
677 4126 756 4184 tam
784 4110 819 4184 in
849 4109 974 4196 Curia,
1004 4133 1117 4206 quam
1145 4126 1252 4184 extra
1302 4173 1308 4184 .
1368 4171 1375 4187 .
1434 4135 1484 4186 sc.
1514 4133 1621 4205 -50

193 4240 272 4312 Pro
293 4235 519 4330 Quietantia,
542 4259 608 4310 seu
630 4235 722 4310 Fide
741 4235 917 4321 succinta,
937 4259 1036 4332 quae
1056 4235 1277 4332 relinquitur
1295 4259 1412 4332 penes
1437 4235 1619 4332 Montem,

107 4390 179 4439 seu
222 4365 403 4449 Bancum,
436 4361 588 4457 quando
622 4361 825 4460 exiguntur
861 4361 1044 4434 Pecuniae
1080 4360 1211 4457 vigore
1245 4362 1420 4447 mandati,
1451 4376 1624 4434 servetur

104 4491 233 4577 Taxa,
256 4505 297 4562 et
326 4486 446 4583 stylus
475 4485 716 4560 Notariorum
747 4484 884 4558 Curiae
905 4484 1091 4582 Capitolii,
1113 4499 1227 4582 prout
1246 4487 1293 4559 de
1316 4484 1396 4558 aliis
1425 4487 1620 4584 rugitibus,

103 4631 145 4690 et
177 4613 304 4710 copiis
334 4611 474 4685 dictum
502 4626 563 4684 est
591 4633 717 4706 supra.
783 4613 793 4650 ”

191 4737 288 4832 Quo
329 4761 422 4810 vero
458 4737 508 4810 ad
543 4751 691 4808 caetera
728 4732 799 4807 alia
841 4734 1095 4808 emolumenta
1131 4735 1335 4809 officiorum
1380 4735 1622 4808 Notariorum

102 4865 256 4939 Sacrae
288 4861 412 4935 Rotae
440 4860 497 4933 hic
526 4883 600 4932 non
628 4883 809 4954 expressa
837 4877 1008 4932 servetur
1033 4859 1150 4946 Taxa,
1182 4875 1221 4932 et
1249 4860 1473 4956 dispositum
1493 4861 1527 4932 in
1552 4859 1624 4932 huc

104 5013 237 5086 usque
258 4986 371 5060 editis
400 4985 752 5060 Reformationibus

284 5111 326 5187 C.
360 5110 411 5182 M.
443 5110 676 5206 Sacripante,
707 5109 908 5184 Tesoriere
938 5108 1137 5183 Generale.

284 5236 331 5310 N.
363 5235 477 5320 Lana,
509 5233 791 5310 Commissario.

285 5362 332 5436 G.
364 5361 574 5434 Francesco
603 5357 727 5446 Conti,
757 5359 975 5458 Segretario
1003 5383 1024 5432 e
1052 5358 1282 5434 Cancelliere
1310 5358 1407 5433 della
1437 5361 1482 5433 R.
1505 5358 1548 5433 C.
1574 5360 1621 5434 A.
