3686 5916
738 295 917 356 Benedt'cto
936 295 1023 356 XIV
1572 295 1625 356 521

128 487 265 585 cipum,
295 489 375 562 sive
402 487 537 572 Sacris,
568 489 646 563 sive
675 488 891 585 prophanis
923 489 981 562 vel
1009 470 1144 576 mixtis,
1176 504 1251 562 tam
1290 491 1326 562 in
1354 488 1463 562 Statu
1501 487 1629 562 Eccle-

78 665 79 668 =
129 612 294 695 siastico‚
334 635 447 708 quam
484 629 592 687 extra
620 612 731 698 illum,
767 615 906 710 ubique
942 613 1109 688 locorum
1146 628 1187 686 et
1221 613 1402 711 gentium,
1442 614 1554 688 etiam
1593 614 1627 686 in

129 737 301 812 Romana
330 737 455 822 Curia,
486 763 530 812 ac
557 739 595 810 in
616 738 812 832 quibusvis
832 739 986 836 Regnis,
1009 738 1222 822 Provinciis,
1246 739 1462 836 regionibus
1480 755 1519 812 et
1537 737 1629 813 locis
1653 771 1654 774 ¹

129 881 169 936 et
197 863 437 960 transalpinis
465 878 503 936 et
531 862 792 943 ultramarinis.
822 887 865 938 ac
893 864 1005 938 etiam
1035 865 1070 937 in
1100 888 1169 938 sua
1196 879 1237 938 et
1264 864 1424 938 Romani
1444 863 1630 938 Pontificis

128 1010 199 1083 pro
228 1001 399 1083 tempore
427 988 632 1073 existentis,
662 1013 706 1062 ac
734 988 984 1084 Imperatoris,
1017 987 1176 1086 Regum,
1217 986 1480 1075 Cardinalium,
1516 991 1629 1062 etiam

129 1112 178 1187 de
206 1111 344 1186 latere
372 1113 614 1210 Legatorum,
646 1112 806 1198 Ducum,
849 1111 1069 1208 Principum,
1099 1128 1138 1185 et
1173 1111 1429 1208 quorumlibet
1459 1113 1628 1199 aliorum,

129 1261 366 1333 quacumque
396 1237 586 1312 mundana
612 1252 653 1311 et
681 1235 943 1312 Ecclesiastica
980 1237 1174 1335 dignitate,
1205 1238 1319 1311 etiam
1355 1236 1556 1334 specialem
1592 1254 1631 1312 et

127 1361 357 1436 individuam
386 1364 669 1458 expressionem
699 1363 925 1458 requirente,
956 1362 1188 1461 fulgentium,
1219 1365 1442 1459 praesentia,
1473 1388 1633 1460 conspe-

128 1486 251 1560 ctibus
279 1502 318 1560 et
345 1487 468 1574 curiis,
497 1513 541 1560 ac
578 1488 806 1586 generaliter
834 1488 1060 1584 ubicumque
1094 1513 1219 1562 coram
1257 1489 1555 1584 quibuscumque
1591 1504 1631 1562 et

127 1610 264 1706 quovis
293 1626 466 1707 tempore
496 1613 726 1686 Rocchetum
745 1610 871 1708 palam
891 1612 1050 1696 delerre,
1071 1610 1211 1707 illoque
1229 1612 1348 1686 induti
1368 1611 1514 1708 publice
1534 1615 1632 1686 ince-

129 1737 222 1810 dere
250 1751 290 1810 et
317 1762 538 1833 comparere
565 1737 682 1813 libere
710 1752 750 1810 et
769 1735 866 1810 licite
885 1751 1046 1833 possent
1063 1752 1103 1808 et
1121 1737 1299 1824 valerent,
1323 1736 1433 1833 plena
1451 1752 1490 1812 et
1507 1737 1632 1833 ampla

128 1859 288 1935 facultas
316 1887 361 1936 ac
387 1861 535 1936 licentia
563 1863 782 1937 conceditur
808 1878 925 1959 atque
952 1863 1176 1956 impertitur.

212 1987 412 2062 Praeterea
441 2012 550 2062 usum
579 2007 618 2062 et
644 1987 956 2062 consuetudinem
984 1984 1111 2082 quoad
1148 1987 1380 2061 Rocchetum
1414 1989 1463 2062 ab
1497 1987 1630 2063 iisdem

130 2110 371 2208 Cappellanis
400 2112 648 2187 Auditoribus
676 2113 906 2186 induendum
935 2111 1257 2208 deserendumque
1286 2114 1528 2209 inquirentes,
1561 2117 1634 2190 etsi

133 2235 212 2311 Nos
240 2261 309 2332 per
337 2237 591 2335 quadraginta
617 2261 802 2311 annorum
830 2235 1053 2310 curriculum
1072 2237 1108 2310 in
1128 2236 1198 2312 hac
1217 2238 1329 2312 Alma
1350 2239 1454 2314 Urbe
1475 2239 1629 2328 Nostra,

129 2375 334 2454 antequam
362 2358 412 2432 ad
441 2357 669 2433 Pontificiam
708 2357 942 2456 Dignitatem
979 2358 1236 2444 eveheremur,
1271 2361 1503 2448 commorati,
1545 2386 1635 2436 non·

130 2483 253 2557 nullos
281 2509 329 2557 ex
358 2481 599 2580 Cappellanis
628 2482 877 2558 Auditoribus
905 2483 985 2558 sive
1011 2484 1062 2558 ad
1089 2484 1284 2558 Romanos
1304 2483 1501 2560 Pontifices
1522 2487 1633 2562 Prae-

129 2608 353 2682 decessores
382 2625 545 2694 nostros,
566 2609 645 2682 sive
672 2609 721 2680 ad
743 2607 951 2682 Pontificias
971 2606 1186 2704 Cappellas,
1208 2609 1287 2684 sive
1306 2611 1355 2684 ad
1376 2611 1498 2708 ipsum
1518 2612 1634 2686 Audi·

129 2731 267 2805 torium
287 2748 365 2806 tam
383 2733 608 2808 accedentes
627 2757 744 2828 quam
759 2731 845 2806 inde
864 2733 1078 2816 redeuntes,
1105 2732 1299 2807 Roccheto
1318 2751 1454 2808 exutos
1483 2761 1635 2832 semper

126 2855 269 2930 vidisse
296 2857 550 2944 meminimus;
579 2884 602 2930 a
630 2857 862 2956 gravissimis
890 2873 1015 2930 tamen
1044 2855 1144 2932 Viris
1172 2856 1272 2932 docti
1292 2859 1427 2933 suimus
1446 2861 1632 2934 interdum

128 2981 224 3056 alios
254 2981 448 3057 Roccheto
475 2981 662 3056 interdum
691 2983 784 3056 alios
811 3008 858 3056 eo
886 2998 1024 3056 exutos
1049 2981 1100 3056 ad
1127 2981 1316 3058 antedicta
1336 2984 1469 3058 Officia
1489 2985 1633 3082 persol-

129 3107 267 3193 venda,
296 3133 340 3182 ac
369 3108 588 3203 praesertim
617 3109 652 3180 in
679 3106 899 3182 eorumdem
927 3107 976 3180 ad
1004 3107 1244 3182 Auditorium
1272 3133 1426 3183 accessu
1453 3125 1493 3184 et
1511 3111 1632 3184 reditu

129 3231 383 3317 consuevisse,
414 3232 555 3305 variam
584 3256 652 3304 nec
680 3255 833 3327 semper
859 3247 1096 3306 constantem
1124 3232 1239 3306 luisse
1268 3233 1525 3332 cognovimus.

213 3355 428 3453 Eapropter
457 3355 550 3442 Nos,
580 3355 735 3431 attentis
754 3357 985 3452 praemissis,
1005 3356 1123 3430 eflusa
1142 3357 1283 3432 scilicet
1300 3357 1504 3433 Innocentii
1526 3359 1631 3432 Prae·

129 3479 344 3554 decessoris
369 3479 601 3580 indulgentia
621 3481 822 3556 verborum
841 3481 877 3553 in
896 3481 1141 3556 concessione
1156 3480 1369 3557 huiusmodi
1383 3483 1633 3558 adhibitorum

130 3603 389 3699 amplitudine,
418 3621 457 3678 et
484 3603 756 3678 consuetudine
783 3620 899 3700 atque
926 3629 996 3677 usu
1035 3627 1109 3678 non
1142 3629 1295 3701 semper
1331 3606 1528 3692 constanti,
1561 3629 1635 3680 non

130 3729 319 3804 immerito
355 3728 536 3816 ducimus,
565 3745 775 3804 memorato
810 3729 932 3804 dictae
970 3728 1288 3828 Congregationis
1326 3729 1502 3818 Decreto,
1533 3731 1636 3826 quod

132 3872 265 3928 tenore
280 3856 534 3951 praesentium
554 3854 777 3951 Apostolica
795 3853 1021 3928 auctoritate
1035 3855 1170 3928 iterum
1190 3853 1462 3942 confirmamus,
1482 3873 1521 3930 et
1535 3856 1637 3952 Apo·

131 3977 289 4054 stolicae
316 3979 500 4054 firmitatis
527 3981 664 4054 robore
691 3981 890 4060 munimus,
907 3979 1014 4053 salvo
1033 4003 1185 4076 semper
1203 3979 1386 4077 firmoque
1407 3996 1633 4066 remanente,

133 4103 215 4178 iure
243 4128 358 4201 posse
387 4101 589 4192 declarare,
620 4103 938 4201 quemadmodum
978 4118 1110 4178 tenore
1147 4121 1187 4179 et
1222 4107 1447 4180 auctoritate
1483 4106 1637 4201 paribus

131 4225 378 4313 declaramus,
388 4227 629 4325 Cappellanis
640 4229 887 4302 Auditoribus
902 4227 1081 4326 praelatis
1096 4244 1323 4326 competere,
1336 4253 1481 4325 eosque
1497 4229 1636 4303 habere

134 4352 352 4428 facultatem
380 4369 418 4427 et
446 4353 631 4428 licentiam
660 4352 853 4428 deserendi
882 4352 1126 4440 Rocchetum,
1157 4355 1235 4430 sive
1263 4355 1313 4428 ad
1332 4355 1491 4430 Romani
1512 4354 1636 4428 Ponti-

132 4477 212 4552 licis
231 4503 302 4575 pro
317 4495 487 4573 tempore
501 4477 697 4552 existentis
724 4479 963 4564 audientiam,
984 4479 1062 4553 sive
1081 4480 1130 4554 ad
1151 4479 1360 4554 Pontificias
1376 4478 1580 4576 Cappellas
1598 4494 1637 4552 et

134 4603 355 4688 functiones,
373 4603 452 4676 sive
466 4603 515 4677 ad
530 4603 768 4678 Auditorium
782 4604 1007 4678 accedentes
1021 4622 1060 4678 et
1074 4605 1159 4678 inde
1179 4604 1428 4691 discedentes,
1451 4619 1491 4678 et
1504 4617 1637 4700 quate-

133 4753 207 4802 nus
234 4753 331 4826 opus
351 4729 408 4816 sit,
430 4743 473 4802 ut
489 4727 733 4826 amplioribus
751 4726 1037 4804 benevolentiae
1056 4745 1208 4804 nostrae
1227 4729 1361 4802 studiis
1381 4728 1637 4825 Cappellanos

134 4853 344 4928 Auditores
364 4853 556 4949 praelatos
575 4877 862 4950 prosequamur,
880 4876 955 4928 non
974 4854 1097 4928 solum
1115 4852 1290 4928 laudatas
1303 4853 1505 4926 innocentii
1526 4852 1637 4925 Prae-

133 4975 349 5052 decessoris
377 4976 556 5074 praedicti
575 4977 734 5062 Literas,
752 4991 794 5050 ut
806 4977 1060 5073 praemittitur
1077 5003 1100 5051 a
1119 4976 1240 5052 Nobis
1259 4994 1434 5052 accurate
1448 4976 1639 5073 inspectas

132 5116 175 5176 et
202 5117 350 5177 mature
375 5127 574 5199 expensas,
606 5119 738 5177 tenore
766 5117 805 5176 et
831 5102 1057 5176 auctoritate
1085 5103 1239 5200 paribus
1267 5101 1542 5188 confirmamus,

216 5251 348 5300 verum
376 5227 489 5300 etiam
518 5241 705 5322 quatenus
732 5226 768 5300 in
797 5225 890 5324 ipsis
918 5226 1121 5301 innocentii
1151 5226 1458 5302 Praedecessoris
1482 5225 1640 5322 praelati

135 5351 276 5426 Literis
309 5351 566 5446 comprehensi
602 5375 677 5427 non
714 5348 1021 5450 intelligerentur,
1052 5374 1122 5424 nec
1158 5368 1286 5426 essent
1323 5350 1493 5448 expressi
1529 5375 1640 5425 casus
