<?xml version="1.0" encoding="UTF-8"?>
<!DOCTYPE html PUBLIC "-//W3C//DTD XHTML 1.0 Transitional//EN"
    "http://www.w3.org/TR/xhtml1/DTD/xhtml1-transitional.dtd">
<html xmlns="http://www.w3.org/1999/xhtml" xml:lang="en" lang="en">
 <head>
  <title>
</title>
<meta http-equiv="Content-Type" content="text/html;charset=utf-8" />
  <meta name='ocr-system' content='tesseract 3.04.00' />
  <meta name='ocr-capabilities' content='ocr_page ocr_carea ocr_par ocr_line ocrx_word'/>
</head>
<body>
  <div class='ocr_page' id='page_1' title='image "./capellanipapaee00cercgoog_0159.png"; bbox 0 0 3708 5918; ppageno 0'>
   <div class='ocr_carea' id='block_1_1' title="bbox 668 340 1650 404">
    <p class='ocr_par' dir='ltr' id='par_1_1' title="bbox 668 340 1650 404">
     <span class='ocr_line' id='line_1_1' title="bbox 668 340 1650 404; baseline 0.004 -5"><span class='ocrx_word' id='word_1_1' title='bbox 668 371 672 378; x_wconf 93' lang='lat'>·</span> <span class='ocrx_word' id='word_1_2' title='bbox 792 340 939 400; x_wconf 83' lang='lat' dir='ltr'>Martr&#39;no</span> <span class='ocrx_word' id='word_1_3' title='bbox 965 340 994 400; x_wconf 89' lang='lat' dir='ltr'><em>V</em></span> <span class='ocrx_word' id='word_1_4' title='bbox 1597 343 1650 404; x_wconf 86' lang='lat'>115</span> 
     </span>
    </p>
   </div>
   <div class='ocr_carea' id='block_1_2' title="bbox 134 528 1652 5492">
    <p class='ocr_par' dir='ltr' id='par_1_2' title="bbox 136 528 1652 4120">
     <span class='ocr_line' id='line_1_2' title="bbox 142 528 1652 631; baseline 0.005 -31"><span class='ocrx_word' id='word_1_5' title='bbox 142 528 247 604; x_wconf 90' lang='lat' dir='ltr'>dictis</span> <span class='ocrx_word' id='word_1_6' title='bbox 276 532 555 620; x_wconf 85' lang='lat' dir='ltr'>executoribus,</span> <span class='ocrx_word' id='word_1_7' title='bbox 594 549 850 631; x_wconf 91' lang='lat' dir='ltr'>opportunum</span> <span class='ocrx_word' id='word_1_8' title='bbox 887 534 1069 631; x_wconf 85' lang='lat' dir='ltr'>recipiant</span> <span class='ocrx_word' id='word_1_9' title='bbox 1101 533 1325 623; x_wconf 86' lang='lat' dir='ltr'>relevamen,</span> <span class='ocrx_word' id='word_1_10' title='bbox 1363 537 1574 624; x_wconf 84' lang='lat' dir='ltr'><strong>statuimus,</strong></span> <span class='ocrx_word' id='word_1_11' title='bbox 1611 551 1652 610; x_wconf 90' lang='lat' dir='ltr'>et</span> 
     </span>
     <span class='ocr_line' id='line_1_3' title="bbox 143 655 1650 756; baseline 0.004 -26"><span class='ocrx_word' id='word_1_12' title='bbox 143 655 255 730; x_wconf 90' lang='lat' dir='ltr'>etiam</span> <span class='ocrx_word' id='word_1_13' title='bbox 293 655 527 744; x_wconf 86' lang='lat' dir='ltr'>ordinamus,</span> <span class='ocrx_word' id='word_1_14' title='bbox 556 659 660 755; x_wconf 92' lang='lat' dir='ltr'>quod</span> <span class='ocrx_word' id='word_1_15' title='bbox 688 657 737 732; x_wconf 95' lang='lat' dir='ltr'>sit</span> <span class='ocrx_word' id='word_1_16' title='bbox 768 659 805 731; x_wconf 91' lang='lat' dir='ltr'>in</span> <span class='ocrx_word' id='word_1_17' title='bbox 831 658 1014 734; x_wconf 88' lang='lat' dir='ltr'>electione</span> <span class='ocrx_word' id='word_1_18' title='bbox 1043 660 1171 756; x_wconf 91' lang='lat' dir='ltr'>partis,</span> <span class='ocrx_word' id='word_1_19' title='bbox 1208 661 1240 736; x_wconf 89' lang='lat' dir='ltr'>si</span> <span class='ocrx_word' id='word_1_20' title='bbox 1275 659 1365 735; x_wconf 93' lang='lat' dir='ltr'>velit</span> <span class='ocrx_word' id='word_1_21' title='bbox 1401 661 1542 736; x_wconf 87' lang='lat' dir='ltr'>habere</span> <span class='ocrx_word' id='word_1_22' title='bbox 1579 662 1650 736; x_wconf 92' lang='lat' dir='ltr'>sub</span> 
     </span>
     <span class='ocr_line' id='line_1_4' title="bbox 142 779 1648 878; baseline 0.004 -24"><span class='ocrx_word' id='word_1_23' title='bbox 142 781 242 854; x_wconf 90' lang='lat' dir='ltr'>bulla</span> <span class='ocrx_word' id='word_1_24' title='bbox 270 779 476 878; x_wconf 86' lang='lat' dir='ltr'>simplicem</span> <span class='ocrx_word' id='word_1_25' title='bbox 510 783 671 858; x_wconf 88' lang='lat' dir='ltr'>litteram</span> <span class='ocrx_word' id='word_1_26' title='bbox 704 784 967 868; x_wconf 88' lang='lat' dir='ltr'>executoriam,</span> <span class='ocrx_word' id='word_1_27' title='bbox 1008 783 1087 858; x_wconf 90' lang='lat' dir='ltr'>sive</span> <span class='ocrx_word' id='word_1_28' title='bbox 1128 786 1448 862; x_wconf 89' lang='lat' dir='ltr'>confirmationem</span> <span class='ocrx_word' id='word_1_29' title='bbox 1495 802 1648 861; x_wconf 89' lang='lat' dir='ltr'>senten·</span> 
     </span>
     <span class='ocr_line' id='line_1_5' title="bbox 143 907 1647 1006; baseline 0.001 -25"><span class='ocrx_word' id='word_1_30' title='bbox 143 909 228 993; x_wconf 88' lang='lat' dir='ltr'>tiae,</span> <span class='ocrx_word' id='word_1_31' title='bbox 265 931 364 1003; x_wconf 89' lang='lat' dir='ltr'>quae</span> <span class='ocrx_word' id='word_1_32' title='bbox 401 909 437 980; x_wconf 94' lang='lat' dir='ltr'>in</span> <span class='ocrx_word' id='word_1_33' title='bbox 479 907 612 981; x_wconf 85' lang='lat' dir='ltr'>eflectu</span> <span class='ocrx_word' id='word_1_34' title='bbox 655 909 855 996; x_wconf 88' lang='lat' dir='ltr'>contineat,</span> <span class='ocrx_word' id='word_1_35' title='bbox 895 911 998 1006; x_wconf 90' lang='lat' dir='ltr'>quod</span> <span class='ocrx_word' id='word_1_36' title='bbox 1039 907 1076 982; x_wconf 95' lang='lat' dir='ltr'>in</span> <span class='ocrx_word' id='word_1_37' title='bbox 1119 934 1243 998; x_wconf 88' lang='lat' dir='ltr'>causa,</span> <span class='ocrx_word' id='word_1_38' title='bbox 1283 936 1382 1006; x_wconf 90' lang='lat' dir='ltr'>quae</span> <span class='ocrx_word' id='word_1_39' title='bbox 1417 913 1515 985; x_wconf 91' lang='lat' dir='ltr'>inter</span> <span class='ocrx_word' id='word_1_40' title='bbox 1551 910 1647 984; x_wconf 93' lang='lat' dir='ltr'>tales</span> 
     </span>
     <span class='ocr_line' id='line_1_6' title="bbox 141 1030 1646 1135; baseline 0.003 -31"><span class='ocrx_word' id='word_1_41' title='bbox 141 1047 270 1128; x_wconf 89' lang='lat' dir='ltr'>partes</span> <span class='ocrx_word' id='word_1_42' title='bbox 303 1055 418 1128; x_wconf 90' lang='lat' dir='ltr'>super</span> <span class='ocrx_word' id='word_1_43' title='bbox 457 1030 520 1105; x_wconf 90' lang='lat' dir='ltr'>tali</span> <span class='ocrx_word' id='word_1_44' title='bbox 564 1056 605 1106; x_wconf 92' lang='lat' dir='ltr'>re</span> <span class='ocrx_word' id='word_1_45' title='bbox 641 1032 869 1118; x_wconf 84' lang='lat' dir='ltr'>vertebatur,</span> <span class='ocrx_word' id='word_1_46' title='bbox 908 1032 984 1107; x_wconf 88' lang='lat' dir='ltr'>lata</span> <span class='ocrx_word' id='word_1_47' title='bbox 1026 1033 1094 1107; x_wconf 84' lang='lat' dir='ltr'>luit</span> <span class='ocrx_word' id='word_1_48' title='bbox 1133 1060 1203 1131; x_wconf 92' lang='lat' dir='ltr'>per</span> <span class='ocrx_word' id='word_1_49' title='bbox 1231 1035 1344 1109; x_wconf 89' lang='lat' dir='ltr'>talem</span> <span class='ocrx_word' id='word_1_50' title='bbox 1368 1035 1549 1135; x_wconf 89' lang='lat' dir='ltr'>judicem,</span> <span class='ocrx_word' id='word_1_51' title='bbox 1579 1060 1646 1110; x_wconf 92' lang='lat' dir='ltr'>seu</span> 
     </span>
     <span class='ocr_line' id='line_1_7' title="bbox 142 1155 1648 1257; baseline 0.003 -27"><span class='ocrx_word' id='word_1_52' title='bbox 142 1157 238 1230; x_wconf 86' lang='lat' dir='ltr'>tales</span> <span class='ocrx_word' id='word_1_53' title='bbox 269 1155 416 1252; x_wconf 89' lang='lat' dir='ltr'>judices</span> <span class='ocrx_word' id='word_1_54' title='bbox 454 1157 539 1230; x_wconf 90' lang='lat' dir='ltr'>talis</span> <span class='ocrx_word' id='word_1_55' title='bbox 576 1159 774 1242; x_wconf 89' lang='lat' dir='ltr'>sententia,</span> <span class='ocrx_word' id='word_1_56' title='bbox 812 1159 917 1232; x_wconf 90' lang='lat' dir='ltr'>cuius</span> <span class='ocrx_word' id='word_1_57' title='bbox 959 1159 1114 1233; x_wconf 84' lang='lat' dir='ltr'>effectus</span> <span class='ocrx_word' id='word_1_58' title='bbox 1155 1176 1319 1257; x_wconf 92' lang='lat' dir='ltr'>ponatur</span> <span class='ocrx_word' id='word_1_59' title='bbox 1360 1160 1396 1233; x_wconf 91' lang='lat' dir='ltr'>in</span> <span class='ocrx_word' id='word_1_60' title='bbox 1437 1160 1570 1248; x_wconf 89' lang='lat' dir='ltr'>littera,</span> <span class='ocrx_word' id='word_1_61' title='bbox 1608 1176 1648 1234; x_wconf 90' lang='lat' dir='ltr'>et</span> 
     </span>
     <span class='ocr_line' id='line_1_8' title="bbox 142 1282 1647 1381; baseline 0.003 -28"><span class='ocrx_word' id='word_1_62' title='bbox 142 1282 342 1354; x_wconf 87' lang='lat' dir='ltr'>mandetur</span> <span class='ocrx_word' id='word_1_63' title='bbox 377 1282 651 1368; x_wconf 89' lang='lat' dir='ltr'>executoribus,</span> <span class='ocrx_word' id='word_1_64' title='bbox 691 1283 796 1379; x_wconf 94' lang='lat' dir='ltr'>quod</span> <span class='ocrx_word' id='word_1_65' title='bbox 833 1283 1058 1358; x_wconf 86' lang='lat' dir='ltr'>sententiam</span> <span class='ocrx_word' id='word_1_66' title='bbox 1094 1285 1214 1381; x_wconf 86' lang='lat' dir='ltr'>ipsam</span> <span class='ocrx_word' id='word_1_67' title='bbox 1252 1285 1402 1360; x_wconf 88' lang='lat' dir='ltr'>debitae</span> <span class='ocrx_word' id='word_1_68' title='bbox 1439 1287 1647 1366; x_wconf 73' lang='lat' dir='ltr'>executioni</span> 
     </span>
     <span class='ocr_line' id='line_1_9' title="bbox 141 1404 1647 1508; baseline 0.004 -30"><span class='ocrx_word' id='word_1_69' title='bbox 141 1405 379 1492; x_wconf 89' lang='lat' dir='ltr'>demandent,</span> <span class='ocrx_word' id='word_1_70' title='bbox 410 1420 449 1478; x_wconf 88' lang='lat' dir='ltr'>et</span> <span class='ocrx_word' id='word_1_71' title='bbox 478 1406 561 1480; x_wconf 90' lang='lat' dir='ltr'>talis</span> <span class='ocrx_word' id='word_1_72' title='bbox 588 1404 712 1482; x_wconf 88' lang='lat' dir='ltr'>littera</span> <span class='ocrx_word' id='word_1_73' title='bbox 740 1431 813 1480; x_wconf 95' lang='lat' dir='ltr'>non</span> <span class='ocrx_word' id='word_1_74' title='bbox 843 1421 992 1481; x_wconf 89' lang='lat' dir='ltr'>taxetur</span> <span class='ocrx_word' id='word_1_75' title='bbox 1020 1408 1117 1482; x_wconf 91' lang='lat' dir='ltr'>ultra</span> <span class='ocrx_word' id='word_1_76' title='bbox 1144 1408 1342 1484; x_wconf 91' lang='lat' dir='ltr'>duodecim</span> <span class='ocrx_word' id='word_1_77' title='bbox 1362 1434 1520 1508; x_wconf 88' lang='lat' dir='ltr'>grossos</span> <span class='ocrx_word' id='word_1_78' title='bbox 1548 1425 1647 1484; x_wconf 90' lang='lat' dir='ltr'>turo·</span> 
     </span>
     <span class='ocr_line' id='line_1_10' title="bbox 142 1527 1647 1626; baseline 0.005 -25"><span class='ocrx_word' id='word_1_79' title='bbox 142 1553 289 1604; x_wconf 89' lang='lat' dir='ltr'>nenses.</span> <span class='ocrx_word' id='word_1_80' title='bbox 318 1527 360 1602; x_wconf 88' lang='lat' dir='ltr'>Si</span> <span class='ocrx_word' id='word_1_81' title='bbox 394 1553 486 1604; x_wconf 93' lang='lat' dir='ltr'>vero</span> <span class='ocrx_word' id='word_1_82' title='bbox 527 1553 616 1626; x_wconf 90' lang='lat' dir='ltr'>pars</span> <span class='ocrx_word' id='word_1_83' title='bbox 658 1527 760 1603; x_wconf 91' lang='lat' dir='ltr'>malit</span> <span class='ocrx_word' id='word_1_84' title='bbox 787 1530 928 1604; x_wconf 87' lang='lat' dir='ltr'>habere</span> <span class='ocrx_word' id='word_1_85' title='bbox 963 1532 1217 1605; x_wconf 87' lang='lat' dir='ltr'>executoriam</span> <span class='ocrx_word' id='word_1_86' title='bbox 1246 1558 1331 1606; x_wconf 91' lang='lat' dir='ltr'>cum</span> <span class='ocrx_word' id='word_1_87' title='bbox 1366 1531 1647 1608; x_wconf 88' lang='lat' dir='ltr'>confirmatione</span> 
     </span>
     <span class='ocr_line' id='line_1_11' title="bbox 142 1652 1648 1750; baseline 0.002 -23"><span class='ocrx_word' id='word_1_88' title='bbox 142 1652 350 1728; x_wconf 88' lang='lat' dir='ltr'>sententiae</span> <span class='ocrx_word' id='word_1_89' title='bbox 392 1655 495 1728; x_wconf 89' lang='lat' dir='ltr'>iuxta</span> <span class='ocrx_word' id='word_1_90' title='bbox 531 1676 692 1742; x_wconf 90' lang='lat' dir='ltr'>morem,</span> <span class='ocrx_word' id='word_1_91' title='bbox 729 1654 820 1750; x_wconf 90' lang='lat' dir='ltr'>quia</span> <span class='ocrx_word' id='word_1_92' title='bbox 860 1671 948 1728; x_wconf 91' lang='lat' dir='ltr'>tunc</span> <span class='ocrx_word' id='word_1_93' title='bbox 985 1656 1021 1728; x_wconf 91' lang='lat' dir='ltr'>in</span> <span class='ocrx_word' id='word_1_94' title='bbox 1058 1656 1291 1733; x_wconf 81' lang='lat' dir='ltr'>coniectione</span> <span class='ocrx_word' id='word_1_95' title='bbox 1328 1658 1492 1732; x_wconf 91' lang='lat' dir='ltr'>minutae</span> <span class='ocrx_word' id='word_1_96' title='bbox 1529 1659 1648 1732; x_wconf 90' lang='lat' dir='ltr'>maior</span> 
     </span>
     <span class='ocr_line' id='line_1_12' title="bbox 141 1777 1647 1876; baseline 0.004 -27"><span class='ocrx_word' id='word_1_97' title='bbox 141 1777 248 1853; x_wconf 88' lang='lat' dir='ltr'>labor</span> <span class='ocrx_word' id='word_1_98' title='bbox 284 1781 454 1864; x_wconf 89' lang='lat' dir='ltr'>occurrit,</span> <span class='ocrx_word' id='word_1_99' title='bbox 493 1794 533 1853; x_wconf 89' lang='lat' dir='ltr'>et</span> <span class='ocrx_word' id='word_1_100' title='bbox 565 1779 815 1854; x_wconf 90' lang='lat' dir='ltr'>necessarium</span> <span class='ocrx_word' id='word_1_101' title='bbox 852 1795 913 1856; x_wconf 87' lang='lat' dir='ltr'>est</span> <span class='ocrx_word' id='word_1_102' title='bbox 946 1796 1068 1854; x_wconf 91' lang='lat' dir='ltr'>totum</span> <span class='ocrx_word' id='word_1_103' title='bbox 1097 1805 1316 1876; x_wconf 88' lang='lat' dir='ltr'>processum</span> <span class='ocrx_word' id='word_1_104' title='bbox 1354 1805 1492 1857; x_wconf 86' lang='lat' dir='ltr'>causae</span> <span class='ocrx_word' id='word_1_105' title='bbox 1519 1807 1647 1857; x_wconf 90' lang='lat' dir='ltr'>recen-</span> 
     </span>
     <span class='ocr_line' id='line_1_13' title="bbox 142 1884 1647 2004; baseline 0.003 -29"><span class='ocrx_word' id='word_1_106' title='bbox 142 1927 237 1988; x_wconf 90' lang='lat' dir='ltr'>sere,</span> <span class='ocrx_word' id='word_1_107' title='bbox 267 1918 439 1977; x_wconf 89' lang='lat' dir='ltr'>servetur</span> <span class='ocrx_word' id='word_1_108' title='bbox 473 1904 577 2000; x_wconf 90' lang='lat' dir='ltr'>quod</span> <span class='ocrx_word' id='word_1_109' title='bbox 615 1904 810 2001; x_wconf 90' lang='lat' dir='ltr'>hucusque</span> <span class='ocrx_word' id='word_1_110' title='bbox 843 1884 968 1978; x_wconf 48' lang='lat' dir='ltr'>¹extitit</span> <span class='ocrx_word' id='word_1_111' title='bbox 1003 1907 1257 1994; x_wconf 87' lang='lat' dir='ltr'>observatum,</span> <span class='ocrx_word' id='word_1_112' title='bbox 1299 1907 1350 1981; x_wconf 92' lang='lat' dir='ltr'>ita</span> <span class='ocrx_word' id='word_1_113' title='bbox 1387 1923 1513 1981; x_wconf 91' lang='lat' dir='ltr'>tamen</span> <span class='ocrx_word' id='word_1_114' title='bbox 1544 1909 1647 2004; x_wconf 91' lang='lat' dir='ltr'>quod</span> 
     </span>
     <span class='ocr_line' id='line_1_14' title="bbox 141 2027 1647 2130; baseline 0.004 -30"><span class='ocrx_word' id='word_1_115' title='bbox 141 2027 326 2102; x_wconf 83' lang='lat' dir='ltr'>confectio</span> <span class='ocrx_word' id='word_1_116' title='bbox 361 2028 597 2112; x_wconf 89' lang='lat' dir='ltr'>minutarum,</span> <span class='ocrx_word' id='word_1_117' title='bbox 627 2053 725 2126; x_wconf 89' lang='lat' dir='ltr'>quae</span> <span class='ocrx_word' id='word_1_118' title='bbox 761 2045 991 2104; x_wconf 89' lang='lat' dir='ltr'>concernunt</span> <span class='ocrx_word' id='word_1_119' title='bbox 1024 2029 1218 2114; x_wconf 89' lang='lat' dir='ltr'>iustitiam,</span> <span class='ocrx_word' id='word_1_120' title='bbox 1257 2031 1306 2106; x_wconf 88' lang='lat' dir='ltr'>ad</span> <span class='ocrx_word' id='word_1_121' title='bbox 1344 2031 1509 2106; x_wconf 90' lang='lat' dir='ltr'>notarios</span> <span class='ocrx_word' id='word_1_122' title='bbox 1542 2031 1647 2130; x_wconf 90' lang='lat' dir='ltr'>ipsos</span> 
     </span>
     <span class='ocr_line' id='line_1_15' title="bbox 141 2151 1647 2254; baseline 0.003 -29"><span class='ocrx_word' id='word_1_123' title='bbox 141 2151 339 2248; x_wconf 88' lang='lat' dir='ltr'>pertineat.</span> <span class='ocrx_word' id='word_1_124' title='bbox 368 2153 418 2226; x_wconf 87' lang='lat' dir='ltr'>Et</span> <span class='ocrx_word' id='word_1_125' title='bbox 445 2167 602 2251; x_wconf 83' lang='lat' dir='ltr'>propter</span> <span class='ocrx_word' id='word_1_126' title='bbox 629 2153 700 2227; x_wconf 90' lang='lat' dir='ltr'>hoc</span> <span class='ocrx_word' id='word_1_127' title='bbox 719 2153 895 2228; x_wconf 86' lang='lat' dir='ltr'>salarium</span> <span class='ocrx_word' id='word_1_128' title='bbox 914 2154 1088 2241; x_wconf 88' lang='lat' dir='ltr'>habeant,</span> <span class='ocrx_word' id='word_1_129' title='bbox 1109 2156 1273 2231; x_wconf 89' lang='lat' dir='ltr'>minutae</span> <span class='ocrx_word' id='word_1_130' title='bbox 1291 2181 1446 2254; x_wconf 86' lang='lat' dir='ltr'>percos</span> <span class='ocrx_word' id='word_1_131' title='bbox 1465 2156 1565 2244; x_wconf 88' lang='lat' dir='ltr'>fiant,</span> <span class='ocrx_word' id='word_1_132' title='bbox 1587 2157 1647 2230; x_wconf 91' lang='lat' dir='ltr'>vel</span> 
     </span>
     <span class='ocr_line' id='line_1_16' title="bbox 140 2277 1644 2380; baseline 0.005 -31"><span class='ocrx_word' id='word_1_133' title='bbox 140 2277 317 2374; x_wconf 87' lang='lat' dir='ltr'>expensis</span> <span class='ocrx_word' id='word_1_134' title='bbox 334 2301 486 2367; x_wconf 88' lang='lat' dir='ltr'>eorum;</span> <span class='ocrx_word' id='word_1_135' title='bbox 507 2295 546 2353; x_wconf 92' lang='lat' dir='ltr'>et</span> <span class='ocrx_word' id='word_1_136' title='bbox 565 2280 636 2354; x_wconf 94' lang='lat' dir='ltr'>hoc</span> <span class='ocrx_word' id='word_1_137' title='bbox 664 2279 764 2353; x_wconf 91' lang='lat' dir='ltr'>idem</span> <span class='ocrx_word' id='word_1_138' title='bbox 782 2279 819 2351; x_wconf 92' lang='lat' dir='ltr'>in</span> <span class='ocrx_word' id='word_1_139' title='bbox 848 2279 1021 2355; x_wconf 91' lang='lat' dir='ltr'>omnibus</span> <span class='ocrx_word' id='word_1_140' title='bbox 1050 2281 1130 2355; x_wconf 91' lang='lat' dir='ltr'>aliis</span> <span class='ocrx_word' id='word_1_141' title='bbox 1152 2281 1285 2356; x_wconf 90' lang='lat' dir='ltr'>litteris</span> <span class='ocrx_word' id='word_1_142' title='bbox 1304 2282 1476 2369; x_wconf 89' lang='lat' dir='ltr'>iustitiae,</span> <span class='ocrx_word' id='word_1_143' title='bbox 1498 2299 1537 2356; x_wconf 91' lang='lat' dir='ltr'>et</span> <span class='ocrx_word' id='word_1_144' title='bbox 1555 2307 1644 2380; x_wconf 93' lang='lat' dir='ltr'>pro·</span> 
     </span>
     <span class='ocr_line' id='line_1_17' title="bbox 138 2402 1642 2502; baseline 0.004 -28"><span class='ocrx_word' id='word_1_145' title='bbox 138 2402 323 2476; x_wconf 90' lang='lat' dir='ltr'>visionum</span> <span class='ocrx_word' id='word_1_146' title='bbox 350 2403 401 2477; x_wconf 92' lang='lat' dir='ltr'>ad</span> <span class='ocrx_word' id='word_1_147' title='bbox 428 2403 606 2478; x_wconf 90' lang='lat' dir='ltr'>ecclesias</span> <span class='ocrx_word' id='word_1_148' title='bbox 634 2403 879 2490; x_wconf 89' lang='lat' dir='ltr'>cathedrales,</span> <span class='ocrx_word' id='word_1_149' title='bbox 910 2421 949 2479; x_wconf 93' lang='lat' dir='ltr'>et</span> <span class='ocrx_word' id='word_1_150' title='bbox 971 2406 1200 2480; x_wconf 91' lang='lat' dir='ltr'>monasteria</span> <span class='ocrx_word' id='word_1_151' title='bbox 1231 2406 1424 2502; x_wconf 89' lang='lat' dir='ltr'>quaelibet</span> <span class='ocrx_word' id='word_1_152' title='bbox 1452 2407 1642 2492; x_wconf 88' lang='lat' dir='ltr'>saetarum,</span> 
     </span>
     <span class='ocr_line' id='line_1_18' title="bbox 139 2524 1645 2628; baseline 0.003 -28"><span class='ocrx_word' id='word_1_153' title='bbox 139 2541 179 2600; x_wconf 90' lang='lat' dir='ltr'>et</span> <span class='ocrx_word' id='word_1_154' title='bbox 206 2524 413 2602; x_wconf 88' lang='lat' dir='ltr'>fiendarum</span> <span class='ocrx_word' id='word_1_155' title='bbox 439 2529 475 2602; x_wconf 92' lang='lat' dir='ltr'>in</span> <span class='ocrx_word' id='word_1_156' title='bbox 508 2528 730 2603; x_wconf 90' lang='lat' dir='ltr'>consistorio</span> <span class='ocrx_word' id='word_1_157' title='bbox 760 2545 901 2614; x_wconf 89' lang='lat' dir='ltr'>nostro,</span> <span class='ocrx_word' id='word_1_158' title='bbox 932 2553 1031 2625; x_wconf 91' lang='lat' dir='ltr'>quae</span> <span class='ocrx_word' id='word_1_159' title='bbox 1063 2555 1132 2627; x_wconf 88' lang='lat' dir='ltr'>per</span> <span class='ocrx_word' id='word_1_160' title='bbox 1169 2555 1302 2606; x_wconf 88' lang='lat' dir='ltr'>manus</span> <span class='ocrx_word' id='word_1_161' title='bbox 1336 2530 1504 2628; x_wconf 90' lang='lat' dir='ltr'>ipsorum</span> <span class='ocrx_word' id='word_1_162' title='bbox 1538 2548 1645 2605; x_wconf 88' lang='lat' dir='ltr'>nota-</span> 
     </span>
     <span class='ocr_line' id='line_1_19' title="bbox 140 2652 1646 2753; baseline 0.003 -28"><span class='ocrx_word' id='word_1_163' title='bbox 140 2653 280 2726; x_wconf 92' lang='lat' dir='ltr'>riorum</span> <span class='ocrx_word' id='word_1_164' title='bbox 317 2666 522 2744; x_wconf 87' lang='lat' dir='ltr'>transeunt,</span> <span class='ocrx_word' id='word_1_165' title='bbox 558 2653 808 2750; x_wconf 91' lang='lat' dir='ltr'>praecipimus</span> <span class='ocrx_word' id='word_1_166' title='bbox 843 2654 1045 2730; x_wconf 88' lang='lat' dir='ltr'>observari.</span> <span class='ocrx_word' id='word_1_167' title='bbox 1083 2652 1225 2729; x_wconf 91' lang='lat' dir='ltr'>Verum</span> <span class='ocrx_word' id='word_1_168' title='bbox 1262 2653 1509 2730; x_wconf 86' lang='lat' dir='ltr'>intelleximus</span> <span class='ocrx_word' id='word_1_169' title='bbox 1541 2657 1646 2753; x_wconf 92' lang='lat' dir='ltr'>quod</span> 
     </span>
     <span class='ocr_line' id='line_1_20' title="bbox 139 2777 1646 2876; baseline 0.005 -29"><span class='ocrx_word' id='word_1_170' title='bbox 139 2791 418 2872; x_wconf 88' lang='lat' dir='ltr'>procuratores,</span> <span class='ocrx_word' id='word_1_171' title='bbox 458 2777 523 2873; x_wconf 91' lang='lat' dir='ltr'>qui</span> <span class='ocrx_word' id='word_1_172' title='bbox 568 2801 714 2864; x_wconf 91' lang='lat' dir='ltr'>causas,</span> <span class='ocrx_word' id='word_1_173' title='bbox 754 2802 869 2874; x_wconf 92' lang='lat' dir='ltr'>super</span> <span class='ocrx_word' id='word_1_174' title='bbox 914 2778 1051 2874; x_wconf 91' lang='lat' dir='ltr'>quibus</span> <span class='ocrx_word' id='word_1_175' title='bbox 1088 2779 1341 2876; x_wconf 90' lang='lat' dir='ltr'>expediuntur</span> <span class='ocrx_word' id='word_1_176' title='bbox 1375 2779 1521 2854; x_wconf 86' lang='lat' dir='ltr'>litterae</span> <span class='ocrx_word' id='word_1_177' title='bbox 1557 2805 1646 2854; x_wconf 89' lang='lat' dir='ltr'>exe-</span> 
     </span>
     <span class='ocr_line' id='line_1_21' title="bbox 140 2899 1646 3002; baseline 0.004 -30"><span class='ocrx_word' id='word_1_178' title='bbox 140 2899 353 2986; x_wconf 90' lang='lat' dir='ltr'>cutoriales,</span> <span class='ocrx_word' id='word_1_179' title='bbox 386 2901 422 2974; x_wconf 96' lang='lat' dir='ltr'>in</span> <span class='ocrx_word' id='word_1_180' title='bbox 440 2901 574 2976; x_wconf 91' lang='lat' dir='ltr'>iudicio</span> <span class='ocrx_word' id='word_1_181' title='bbox 594 2904 630 2974; x_wconf 95' lang='lat' dir='ltr'>in</span> <span class='ocrx_word' id='word_1_182' title='bbox 648 2902 784 2976; x_wconf 90' lang='lat' dir='ltr'>eadem</span> <span class='ocrx_word' id='word_1_183' title='bbox 803 2901 918 2977; x_wconf 89' lang='lat' dir='ltr'>Curia</span> <span class='ocrx_word' id='word_1_184' title='bbox 936 2917 1109 2999; x_wconf 83' lang='lat' dir='ltr'>egerunt,</span> <span class='ocrx_word' id='word_1_185' title='bbox 1131 2901 1191 2976; x_wconf 90' lang='lat' dir='ltr'>vel</span> <span class='ocrx_word' id='word_1_186' title='bbox 1210 2903 1469 2988; x_wconf 86' lang='lat' dir='ltr'>defenderunt,</span> <span class='ocrx_word' id='word_1_187' title='bbox 1494 2905 1646 3002; x_wconf 90' lang='lat' dir='ltr'>quando</span> 
     </span>
     <span class='ocr_line' id='line_1_22' title="bbox 139 3024 1646 3127; baseline 0.003 -30"><span class='ocrx_word' id='word_1_188' title='bbox 139 3024 287 3100; x_wconf 91' lang='lat' dir='ltr'>litterae</span> <span class='ocrx_word' id='word_1_189' title='bbox 323 3024 537 3100; x_wconf 92' lang='lat' dir='ltr'>huiusmodi</span> <span class='ocrx_word' id='word_1_190' title='bbox 572 3026 609 3099; x_wconf 92' lang='lat' dir='ltr'>in</span> <span class='ocrx_word' id='word_1_191' title='bbox 646 3027 746 3100; x_wconf 89' lang='lat' dir='ltr'>dicta</span> <span class='ocrx_word' id='word_1_192' title='bbox 781 3027 974 3101; x_wconf 91' lang='lat' dir='ltr'>audientia</span> <span class='ocrx_word' id='word_1_193' title='bbox 1014 3028 1328 3102; x_wconf 88' lang='lat' dir='ltr'>contradictarum</span> <span class='ocrx_word' id='word_1_194' title='bbox 1361 3027 1548 3127; x_wconf 88' lang='lat' dir='ltr'>leguntur,</span> <span class='ocrx_word' id='word_1_195' title='bbox 1582 3029 1646 3104; x_wconf 93' lang='lat' dir='ltr'>ubi</span> 
     </span>
     <span class='ocr_line' id='line_1_23' title="bbox 138 3149 1645 3248; baseline 0.003 -25"><span class='ocrx_word' id='word_1_196' title='bbox 138 3149 210 3244; x_wconf 91' lang='lat' dir='ltr'>ipsi</span> <span class='ocrx_word' id='word_1_197' title='bbox 230 3149 497 3224; x_wconf 90' lang='lat' dir='ltr'>Procuratores</span> <span class='ocrx_word' id='word_1_198' title='bbox 516 3150 712 3236; x_wconf 89' lang='lat' dir='ltr'>intersunt,</span> <span class='ocrx_word' id='word_1_199' title='bbox 734 3151 896 3226; x_wconf 88' lang='lat' dir='ltr'>mediam</span> <span class='ocrx_word' id='word_1_200' title='bbox 924 3166 1072 3248; x_wconf 89' lang='lat' dir='ltr'>partem</span> <span class='ocrx_word' id='word_1_201' title='bbox 1097 3166 1207 3226; x_wconf 89' lang='lat' dir='ltr'>taxae</span> <span class='ocrx_word' id='word_1_202' title='bbox 1235 3152 1417 3228; x_wconf 91' lang='lat' dir='ltr'>dictarum</span> <span class='ocrx_word' id='word_1_203' title='bbox 1439 3154 1645 3228; x_wconf 89' lang='lat' dir='ltr'>litterarum</span> 
     </span>
     <span class='ocr_line' id='line_1_24' title="bbox 138 3260 1643 3378; baseline 0.002 -30"><span class='ocrx_word' id='word_1_204' title='bbox 138 3288 364 3348; x_wconf 87' lang='lat' dir='ltr'>executores</span> <span class='ocrx_word' id='word_1_205' title='bbox 391 3275 439 3348; x_wconf 93' lang='lat' dir='ltr'>de</span> <span class='ocrx_word' id='word_1_206' title='bbox 467 3299 566 3350; x_wconf 92' lang='lat' dir='ltr'>novo</span> <span class='ocrx_word' id='word_1_207' title='bbox 593 3301 616 3348; x_wconf 91' lang='lat' dir='ltr'>a</span> <span class='ocrx_word' id='word_1_208' title='bbox 644 3275 815 3372; x_wconf 90' lang='lat' dir='ltr'>partibus</span> <span class='ocrx_word' id='word_1_209' title='bbox 852 3276 1019 3350; x_wconf 91' lang='lat' dir='ltr'>nituntur</span> <span class='ocrx_word' id='word_1_210' title='bbox 1054 3260 1218 3375; x_wconf 85' lang='lat' dir='ltr'>exigere,</span> <span class='ocrx_word' id='word_1_211' title='bbox 1257 3293 1297 3352; x_wconf 92' lang='lat' dir='ltr'>et</span> <span class='ocrx_word' id='word_1_212' title='bbox 1326 3301 1449 3375; x_wconf 89' lang='lat' dir='ltr'>saepe</span> <span class='ocrx_word' id='word_1_213' title='bbox 1477 3279 1643 3378; x_wconf 86' lang='lat' dir='ltr'>exigunt,</span> 
     </span>
     <span class='ocr_line' id='line_1_25' title="bbox 138 3397 1645 3501; baseline 0.005 -31"><span class='ocrx_word' id='word_1_214' title='bbox 138 3397 231 3471; x_wconf 92' lang='lat' dir='ltr'>illud</span> <span class='ocrx_word' id='word_1_215' title='bbox 258 3414 477 3494; x_wconf 88' lang='lat' dir='ltr'>reputantes</span> <span class='ocrx_word' id='word_1_216' title='bbox 503 3400 675 3485; x_wconf 90' lang='lat' dir='ltr'>abusum,</span> <span class='ocrx_word' id='word_1_217' title='bbox 697 3398 775 3473; x_wconf 86' lang='lat' dir='ltr'>fieri</span> <span class='ocrx_word' id='word_1_218' title='bbox 803 3401 1054 3497; x_wconf 89' lang='lat' dir='ltr'>prohibemus,</span> <span class='ocrx_word' id='word_1_219' title='bbox 1085 3399 1255 3475; x_wconf 89' lang='lat' dir='ltr'>volentes</span> <span class='ocrx_word' id='word_1_220' title='bbox 1284 3402 1440 3478; x_wconf 90' lang='lat' dir='ltr'>eosdem</span> <span class='ocrx_word' id='word_1_221' title='bbox 1466 3427 1645 3501; x_wconf 90' lang='lat' dir='ltr'>procura-</span> 
     </span>
     <span class='ocr_line' id='line_1_26' title="bbox 139 3524 1643 3626; baseline 0.003 -30"><span class='ocrx_word' id='word_1_222' title='bbox 139 3540 244 3597; x_wconf 89' lang='lat' dir='ltr'>tores</span> <span class='ocrx_word' id='word_1_223' title='bbox 280 3525 467 3597; x_wconf 91' lang='lat' dir='ltr'>communi</span> <span class='ocrx_word' id='word_1_224' title='bbox 495 3525 631 3598; x_wconf 90' lang='lat' dir='ltr'>salario</span> <span class='ocrx_word' id='word_1_225' title='bbox 663 3549 733 3622; x_wconf 88' lang='lat' dir='ltr'>pro</span> <span class='ocrx_word' id='word_1_226' title='bbox 769 3524 850 3598; x_wconf 90' lang='lat' dir='ltr'>aliis</span> <span class='ocrx_word' id='word_1_227' title='bbox 883 3525 1046 3600; x_wconf 92' lang='lat' dir='ltr'>indicta</span> <span class='ocrx_word' id='word_1_228' title='bbox 1080 3525 1270 3600; x_wconf 89' lang='lat' dir='ltr'>audientia</span> <span class='ocrx_word' id='word_1_229' title='bbox 1296 3525 1468 3626; x_wconf 85' lang='lat' dir='ltr'>legendis</span> <span class='ocrx_word' id='word_1_230' title='bbox 1499 3526 1643 3614; x_wconf 90' lang='lat' dir='ltr'>litteris,</span> 
     </span>
     <span class='ocr_line' id='line_1_27' title="bbox 137 3647 1646 3748; baseline 0.003 -28"><span class='ocrx_word' id='word_1_231' title='bbox 137 3647 297 3744; x_wconf 90' lang='lat' dir='ltr'>quando</span> <span class='ocrx_word' id='word_1_232' title='bbox 332 3647 469 3721; x_wconf 91' lang='lat' dir='ltr'>ibidem</span> <span class='ocrx_word' id='word_1_233' title='bbox 506 3647 701 3734; x_wconf 88' lang='lat' dir='ltr'>intersunt,</span> <span class='ocrx_word' id='word_1_234' title='bbox 723 3673 810 3723; x_wconf 91' lang='lat' dir='ltr'>esse</span> <span class='ocrx_word' id='word_1_235' title='bbox 839 3665 1047 3734; x_wconf 91' lang='lat' dir='ltr'>contentos,</span> <span class='ocrx_word' id='word_1_236' title='bbox 1078 3651 1140 3724; x_wconf 92' lang='lat' dir='ltr'>ubi</span> <span class='ocrx_word' id='word_1_237' title='bbox 1168 3649 1293 3724; x_wconf 81' lang='lat' dir='ltr'>forsan</span> <span class='ocrx_word' id='word_1_238' title='bbox 1327 3650 1396 3747; x_wconf 92' lang='lat' dir='ltr'>ipsi</span> <span class='ocrx_word' id='word_1_239' title='bbox 1429 3677 1497 3748; x_wconf 93' lang='lat' dir='ltr'>per</span> <span class='ocrx_word' id='word_1_240' title='bbox 1524 3665 1646 3724; x_wconf 93' lang='lat' dir='ltr'>totum</span> 
     </span>
     <span class='ocr_line' id='line_1_28' title="bbox 137 3771 1646 3874; baseline 0.001 -28"><span class='ocrx_word' id='word_1_241' title='bbox 137 3773 356 3846; x_wconf 91' lang='lat' dir='ltr'>huiusmodi</span> <span class='ocrx_word' id='word_1_242' title='bbox 392 3771 553 3848; x_wconf 90' lang='lat' dir='ltr'>litteram</span> <span class='ocrx_word' id='word_1_243' title='bbox 581 3773 837 3848; x_wconf 89' lang='lat' dir='ltr'>executoriam</span> <span class='ocrx_word' id='word_1_244' title='bbox 873 3775 1166 3870; x_wconf 88' lang='lat' dir='ltr'>procuraverint,</span> <span class='ocrx_word' id='word_1_245' title='bbox 1198 3799 1274 3871; x_wconf 92' lang='lat' dir='ltr'>quo</span> <span class='ocrx_word' id='word_1_246' title='bbox 1302 3801 1391 3849; x_wconf 91' lang='lat' dir='ltr'>casu</span> <span class='ocrx_word' id='word_1_247' title='bbox 1426 3790 1646 3874; x_wconf 89' lang='lat' dir='ltr'>competens</span> 
     </span>
     <span class='ocr_line' id='line_1_29' title="bbox 136 3895 1644 3996; baseline -0.001 -24"><span class='ocrx_word' id='word_1_248' title='bbox 136 3895 369 3972; x_wconf 90' lang='lat' dir='ltr'>salariuma</span> <span class='ocrx_word' id='word_1_249' title='bbox 405 3897 574 3993; x_wconf 89' lang='lat' dir='ltr'>partibus</span> <span class='ocrx_word' id='word_1_250' title='bbox 607 3915 749 3994; x_wconf 91' lang='lat' dir='ltr'>petere,</span> <span class='ocrx_word' id='word_1_251' title='bbox 781 3915 820 3972; x_wconf 89' lang='lat' dir='ltr'>et</span> <span class='ocrx_word' id='word_1_252' title='bbox 848 3899 1014 3995; x_wconf 88' lang='lat' dir='ltr'>recipere</span> <span class='ocrx_word' id='word_1_253' title='bbox 1046 3899 1206 3996; x_wconf 90' lang='lat' dir='ltr'>possint,</span> <span class='ocrx_word' id='word_1_254' title='bbox 1231 3901 1437 3974; x_wconf 90' lang='lat' dir='ltr'>secundum</span> <span class='ocrx_word' id='word_1_255' title='bbox 1470 3901 1574 3996; x_wconf 93' lang='lat' dir='ltr'>quod</span> <span class='ocrx_word' id='word_1_256' title='bbox 1610 3900 1644 3972; x_wconf 91' lang='lat' dir='ltr'>in</span> 
     </span>
     <span class='ocr_line' id='line_1_30' title="bbox 137 4021 1451 4120; baseline 0.005 -24"><span class='ocrx_word' id='word_1_257' title='bbox 137 4021 395 4096; x_wconf 89' lang='lat' dir='ltr'>taxationibus</span> <span class='ocrx_word' id='word_1_258' title='bbox 423 4022 579 4118; x_wconf 82' lang='lat' dir='ltr'>praelati</span> <span class='ocrx_word' id='word_1_259' title='bbox 606 4021 780 4096; x_wconf 92' lang='lat' dir='ltr'>Iohannis</span> <span class='ocrx_word' id='word_1_260' title='bbox 809 4021 920 4096; x_wconf 89' lang='lat' dir='ltr'>XXII</span> <span class='ocrx_word' id='word_1_261' title='bbox 948 4024 1252 4120; x_wconf 87' lang='lat' dir='ltr'>praedecessoris</span> <span class='ocrx_word' id='word_1_262' title='bbox 1281 4024 1451 4102; x_wconf 89' lang='lat' dir='ltr'>habetur.</span> 
     </span>
    </p>

    <p class='ocr_par' dir='ltr' id='par_1_3' title="bbox 136 4141 1646 5232">
     <span class='ocr_line' id='line_1_31' title="bbox 222 4141 1645 4246; baseline 0.006 -29"><span class='ocrx_word' id='word_1_263' title='bbox 222 4147 241 4242; x_wconf 64' lang='grc' dir='ltr'><strong>ξ</strong></span> <span class='ocrx_word' id='word_1_264' title='bbox 272 4141 373 4238; x_wconf 77' lang='lat'><strong>31.*</strong></span> <span class='ocrx_word' id='word_1_265' title='bbox 402 4144 617 4233; x_wconf 88' lang='lat' dir='ltr'>Caeterum,</span> <span class='ocrx_word' id='word_1_266' title='bbox 639 4172 723 4219; x_wconf 93' lang='lat' dir='ltr'>cum</span> <span class='ocrx_word' id='word_1_267' title='bbox 752 4171 867 4243; x_wconf 89' lang='lat' dir='ltr'>saepe</span> <span class='ocrx_word' id='word_1_268' title='bbox 895 4147 1088 4246; x_wconf 84' lang='lat' dir='ltr'>contingat</span> <span class='ocrx_word' id='word_1_269' title='bbox 1116 4148 1219 4244; x_wconf 94' lang='lat' dir='ltr'>quod</span> <span class='ocrx_word' id='word_1_270' title='bbox 1247 4149 1282 4220; x_wconf 90' lang='lat' dir='ltr'>in</span> <span class='ocrx_word' id='word_1_271' title='bbox 1311 4149 1485 4224; x_wconf 91' lang='lat' dir='ltr'>omnibus</span> <span class='ocrx_word' id='word_1_272' title='bbox 1513 4149 1645 4224; x_wconf 91' lang='lat' dir='ltr'>diebus</span> 
     </span>
     <span class='ocr_line' id='line_1_32' title="bbox 136 4268 1646 4369; baseline 0.004 -27"><span class='ocrx_word' id='word_1_273' title='bbox 136 4271 252 4343; x_wconf 90' lang='lat' dir='ltr'>unius</span> <span class='ocrx_word' id='word_1_274' title='bbox 280 4268 552 4357; x_wconf 91' lang='lat' dir='ltr'>hebdomadae,</span> <span class='ocrx_word' id='word_1_275' title='bbox 574 4272 710 4367; x_wconf 89' lang='lat' dir='ltr'>quibus</span> <span class='ocrx_word' id='word_1_276' title='bbox 730 4270 848 4344; x_wconf 89' lang='lat' dir='ltr'>teneri</span> <span class='ocrx_word' id='word_1_277' title='bbox 875 4271 973 4346; x_wconf 92' lang='lat' dir='ltr'>solet</span> <span class='ocrx_word' id='word_1_278' title='bbox 991 4271 1191 4359; x_wconf 89' lang='lat' dir='ltr'>audientia,</span> <span class='ocrx_word' id='word_1_279' title='bbox 1211 4289 1251 4346; x_wconf 92' lang='lat' dir='ltr'>et</span> <span class='ocrx_word' id='word_1_280' title='bbox 1273 4273 1474 4369; x_wconf 90' lang='lat' dir='ltr'>aliquando</span> <span class='ocrx_word' id='word_1_281' title='bbox 1494 4275 1529 4347; x_wconf 94' lang='lat' dir='ltr'>in</span> <span class='ocrx_word' id='word_1_282' title='bbox 1552 4273 1646 4348; x_wconf 88' lang='lat' dir='ltr'>dua-</span> 
     </span>
     <span class='ocr_line' id='line_1_33' title="bbox 136 4394 1646 4496; baseline 0.002 -28"><span class='ocrx_word' id='word_1_283' title='bbox 136 4396 215 4468; x_wconf 91' lang='lat' dir='ltr'>bus</span> <span class='ocrx_word' id='word_1_284' title='bbox 247 4395 452 4468; x_wconf 90' lang='lat' dir='ltr'>coniunctis</span> <span class='ocrx_word' id='word_1_285' title='bbox 488 4395 735 4469; x_wconf 88' lang='lat' dir='ltr'>hebdomadis</span> <span class='ocrx_word' id='word_1_286' title='bbox 769 4394 881 4470; x_wconf 85' lang='lat' dir='ltr'>feriae</span> <span class='ocrx_word' id='word_1_287' title='bbox 916 4397 1162 4484; x_wconf 90' lang='lat' dir='ltr'>celebrantur,</span> <span class='ocrx_word' id='word_1_288' title='bbox 1192 4397 1291 4472; x_wconf 90' lang='lat' dir='ltr'>unde</span> <span class='ocrx_word' id='word_1_289' title='bbox 1327 4397 1412 4471; x_wconf 92' lang='lat' dir='ltr'>lites</span> <span class='ocrx_word' id='word_1_290' title='bbox 1448 4400 1646 4496; x_wconf 87' lang='lat' dir='ltr'>prorogari</span> 
     </span>
     <span class='ocr_line' id='line_1_34' title="bbox 136 4518 1645 4619; baseline 0.003 -28"><span class='ocrx_word' id='word_1_291' title='bbox 136 4519 336 4618; x_wconf 87' lang='lat' dir='ltr'>contingit,</span> <span class='ocrx_word' id='word_1_292' title='bbox 376 4518 587 4608; x_wconf 90' lang='lat' dir='ltr'>statuimus,</span> <span class='ocrx_word' id='word_1_293' title='bbox 617 4536 657 4594; x_wconf 91' lang='lat' dir='ltr'>et</span> <span class='ocrx_word' id='word_1_294' title='bbox 693 4521 805 4594; x_wconf 89' lang='lat' dir='ltr'>etiam</span> <span class='ocrx_word' id='word_1_295' title='bbox 843 4521 1070 4608; x_wconf 89' lang='lat' dir='ltr'>ordinamus,</span> <span class='ocrx_word' id='word_1_296' title='bbox 1106 4538 1147 4595; x_wconf 90' lang='lat' dir='ltr'>ut</span> <span class='ocrx_word' id='word_1_297' title='bbox 1175 4521 1472 4619; x_wconf 90' lang='lat' dir='ltr'>quotiescunque</span> <span class='ocrx_word' id='word_1_298' title='bbox 1501 4523 1536 4594; x_wconf 95' lang='lat' dir='ltr'>in</span> <span class='ocrx_word' id='word_1_299' title='bbox 1572 4547 1645 4596; x_wconf 92' lang='lat' dir='ltr'>una</span> 
     </span>
     <span class='ocr_line' id='line_1_35' title="bbox 136 4643 1646 4742; baseline 0.002 -25"><span class='ocrx_word' id='word_1_300' title='bbox 136 4643 383 4719; x_wconf 90' lang='lat' dir='ltr'>hebdomada</span> <span class='ocrx_word' id='word_1_301' title='bbox 402 4662 479 4719; x_wconf 91' lang='lat' dir='ltr'>tres</span> <span class='ocrx_word' id='word_1_302' title='bbox 508 4645 557 4718; x_wconf 91' lang='lat' dir='ltr'>illi</span> <span class='ocrx_word' id='word_1_303' title='bbox 584 4645 666 4718; x_wconf 91' lang='lat' dir='ltr'>dies</span> <span class='ocrx_word' id='word_1_304' title='bbox 693 4645 830 4741; x_wconf 92' lang='lat' dir='ltr'>quibus</span> <span class='ocrx_word' id='word_1_305' title='bbox 860 4646 978 4719; x_wconf 86' lang='lat' dir='ltr'>teneri</span> <span class='ocrx_word' id='word_1_306' title='bbox 1007 4645 1105 4718; x_wconf 91' lang='lat' dir='ltr'>solet</span> <span class='ocrx_word' id='word_1_307' title='bbox 1130 4645 1331 4732; x_wconf 90' lang='lat' dir='ltr'>audientia,</span> <span class='ocrx_word' id='word_1_308' title='bbox 1362 4646 1646 4742; x_wconf 89' lang='lat' dir='ltr'>quomodolibet</span> 
     </span>
     <span class='ocr_line' id='line_1_36' title="bbox 137 4767 1643 4866; baseline 0.004 -25"><span class='ocrx_word' id='word_1_309' title='bbox 137 4770 219 4842; x_wconf 91' lang='lat' dir='ltr'>sint</span> <span class='ocrx_word' id='word_1_310' title='bbox 238 4767 367 4856; x_wconf 84' lang='lat' dir='ltr'>feriati,</span> <span class='ocrx_word' id='word_1_311' title='bbox 390 4786 654 4866; x_wconf 91' lang='lat' dir='ltr'>praeterquam</span> <span class='ocrx_word' id='word_1_312' title='bbox 674 4769 709 4843; x_wconf 94' lang='lat' dir='ltr'>in</span> <span class='ocrx_word' id='word_1_313' title='bbox 734 4770 877 4844; x_wconf 90' lang='lat' dir='ltr'>octavis</span> <span class='ocrx_word' id='word_1_314' title='bbox 897 4769 1124 4856; x_wconf 89' lang='lat' dir='ltr'>Nativitatis,</span> <span class='ocrx_word' id='word_1_315' title='bbox 1146 4789 1185 4844; x_wconf 90' lang='lat' dir='ltr'>et</span> <span class='ocrx_word' id='word_1_316' title='bbox 1205 4771 1505 4847; x_wconf 89' lang='lat' dir='ltr'>Resurrectionis</span> <span class='ocrx_word' id='word_1_317' title='bbox 1525 4771 1573 4846; x_wconf 93' lang='lat' dir='ltr'>D.</span> <span class='ocrx_word' id='word_1_318' title='bbox 1596 4771 1643 4848; x_wconf 86' lang='lat' dir='ltr'>N.</span> 
     </span>
     <span class='ocr_line' id='line_1_37' title="bbox 138 4892 1644 4992; baseline 0.003 -26"><span class='ocrx_word' id='word_1_319' title='bbox 138 4895 227 4968; x_wconf 91' lang='lat' dir='ltr'>Iesu</span> <span class='ocrx_word' id='word_1_320' title='bbox 257 4892 409 4981; x_wconf 88' lang='lat' dir='ltr'>Christi,</span> <span class='ocrx_word' id='word_1_321' title='bbox 437 4893 610 4969; x_wconf 89' lang='lat' dir='ltr'>videlicet</span> <span class='ocrx_word' id='word_1_322' title='bbox 636 4919 705 4990; x_wconf 93' lang='lat' dir='ltr'>per</span> <span class='ocrx_word' id='word_1_323' title='bbox 724 4908 871 4990; x_wconf 89' lang='lat' dir='ltr'>septem</span> <span class='ocrx_word' id='word_1_324' title='bbox 900 4895 981 4970; x_wconf 88' lang='lat' dir='ltr'>dies</span> <span class='ocrx_word' id='word_1_325' title='bbox 999 4912 1098 4980; x_wconf 90' lang='lat' dir='ltr'>ante,</span> <span class='ocrx_word' id='word_1_326' title='bbox 1121 4910 1159 4968; x_wconf 92' lang='lat' dir='ltr'>et</span> <span class='ocrx_word' id='word_1_327' title='bbox 1179 4911 1325 4991; x_wconf 91' lang='lat' dir='ltr'>septem</span> <span class='ocrx_word' id='word_1_328' title='bbox 1345 4913 1445 4992; x_wconf 90' lang='lat' dir='ltr'>post,</span> <span class='ocrx_word' id='word_1_329' title='bbox 1468 4897 1528 4971; x_wconf 92' lang='lat' dir='ltr'>die</span> <span class='ocrx_word' id='word_1_330' title='bbox 1547 4898 1644 4971; x_wconf 92' lang='lat' dir='ltr'>lovis</span> 
     </span>
     <span class='ocr_line' id='line_1_38' title="bbox 139 5016 1645 5116; baseline 0.003 -24"><span class='ocrx_word' id='word_1_331' title='bbox 139 5021 178 5092; x_wconf 92' lang='lat' dir='ltr'>in</span> <span class='ocrx_word' id='word_1_332' title='bbox 206 5018 447 5094; x_wconf 89' lang='lat' dir='ltr'>hebdomada</span> <span class='ocrx_word' id='word_1_333' title='bbox 472 5017 546 5102; x_wconf 93' lang='lat' dir='ltr'>tali,</span> <span class='ocrx_word' id='word_1_334' title='bbox 577 5019 609 5092; x_wconf 89' lang='lat' dir='ltr'>si</span> <span class='ocrx_word' id='word_1_335' title='bbox 641 5016 702 5092; x_wconf 88' lang='lat' dir='ltr'>illa</span> <span class='ocrx_word' id='word_1_336' title='bbox 731 5018 811 5092; x_wconf 92' lang='lat' dir='ltr'>dies</span> <span class='ocrx_word' id='word_1_337' title='bbox 840 5018 970 5094; x_wconf 83' lang='lat' dir='ltr'>seriata</span> <span class='ocrx_word' id='word_1_338' title='bbox 997 5043 1072 5094; x_wconf 91' lang='lat' dir='ltr'>non</span> <span class='ocrx_word' id='word_1_339' title='bbox 1105 5018 1224 5107; x_wconf 87' lang='lat' dir='ltr'>luerit,</span> <span class='ocrx_word' id='word_1_340' title='bbox 1255 5019 1418 5116; x_wconf 90' lang='lat' dir='ltr'>alioquin</span> <span class='ocrx_word' id='word_1_341' title='bbox 1453 5021 1513 5095; x_wconf 91' lang='lat' dir='ltr'>die</span> <span class='ocrx_word' id='word_1_342' title='bbox 1548 5021 1645 5096; x_wconf 87' lang='lat' dir='ltr'>Sab-</span> 
     </span>
     <span class='ocr_line' id='line_1_39' title="bbox 138 5141 704 5232; baseline -0.005 -13"><span class='ocrx_word' id='word_1_343' title='bbox 138 5145 229 5232; x_wconf 91' lang='lat' dir='ltr'>bati,</span> <span class='ocrx_word' id='word_1_344' title='bbox 259 5145 453 5218; x_wconf 89' lang='lat' dir='ltr'>audientia</span> <span class='ocrx_word' id='word_1_345' title='bbox 480 5141 704 5218; x_wconf 75' lang='lat' dir='ltr'>teneatur*</span> 
     </span>
    </p>

    <p class='ocr_par' dir='ltr' id='par_1_4' title="bbox 134 5267 1643 5492">
     <span class='ocr_line' id='line_1_40' title="bbox 218 5267 1642 5369; baseline 0.001 -27"><span class='ocrx_word' id='word_1_346' title='bbox 218 5273 237 5369; x_wconf 84' lang='lat'>§</span> <span class='ocrx_word' id='word_1_347' title='bbox 268 5294 332 5364; x_wconf 86' lang='lat'>32·</span> <span class='ocrx_word' id='word_1_348' title='bbox 366 5267 466 5340; x_wconf 90' lang='lat' dir='ltr'>Nulli</span> <span class='ocrx_word' id='word_1_349' title='bbox 494 5293 587 5367; x_wconf 84' lang='lat' dir='ltr'>ergo</span> <span class='ocrx_word' id='word_1_350' title='bbox 616 5268 768 5342; x_wconf 92' lang='lat' dir='ltr'>omnino</span> <span class='ocrx_word' id='word_1_351' title='bbox 796 5267 988 5341; x_wconf 92' lang='lat' dir='ltr'>hominum</span> <span class='ocrx_word' id='word_1_352' title='bbox 1015 5267 1126 5342; x_wconf 91' lang='lat' dir='ltr'>liceat</span> <span class='ocrx_word' id='word_1_353' title='bbox 1151 5267 1248 5342; x_wconf 89' lang='lat' dir='ltr'>hanc</span> <span class='ocrx_word' id='word_1_354' title='bbox 1274 5267 1452 5366; x_wconf 88' lang='lat' dir='ltr'>paginam</span> <span class='ocrx_word' id='word_1_355' title='bbox 1490 5286 1642 5344; x_wconf 89' lang='lat' dir='ltr'>nostrae</span> 
     </span>
     <span class='ocr_line' id='line_1_41' title="bbox 134 5389 1643 5492; baseline -0.003 -22"><span class='ocrx_word' id='word_1_356' title='bbox 134 5391 430 5476; x_wconf 89' lang='lat' dir='ltr'>constitutionis,</span> <span class='ocrx_word' id='word_1_357' title='bbox 461 5410 499 5466; x_wconf 90' lang='lat' dir='ltr'>et</span> <span class='ocrx_word' id='word_1_358' title='bbox 526 5389 771 5466; x_wconf 92' lang='lat' dir='ltr'>ordinationis</span> <span class='ocrx_word' id='word_1_359' title='bbox 800 5390 1010 5489; x_wconf 83' lang='lat' dir='ltr'>infringere,</span> <span class='ocrx_word' id='word_1_360' title='bbox 1045 5390 1105 5466; x_wconf 91' lang='lat' dir='ltr'>vel</span> <span class='ocrx_word' id='word_1_361' title='bbox 1124 5391 1169 5476; x_wconf 92' lang='lat' dir='ltr'>ei,</span> <span class='ocrx_word' id='word_1_362' title='bbox 1190 5417 1284 5465; x_wconf 91' lang='lat' dir='ltr'>ausu</span> <span class='ocrx_word' id='word_1_363' title='bbox 1305 5393 1524 5492; x_wconf 86' lang='lat' dir='ltr'>temerario,</span> <span class='ocrx_word' id='word_1_364' title='bbox 1555 5418 1643 5468; x_wconf 92' lang='lat' dir='ltr'>con-</span> 
     </span>
    </p>
   </div>
   <div class='ocr_carea' id='block_1_3' title="bbox 0 0 1858 5918">
    <p class='ocr_par' dir='ltr' id='par_1_5' title="bbox 0 0 1858 5918">
     <span class='ocr_line' id='line_1_42' title="bbox 0 0 1858 5918; baseline 0 1"><span class='ocrx_word' id='word_1_365' title='bbox 0 0 1858 5918; x_wconf 95' lang='lat' dir='ltr'> </span> 
     </span>
    </p>
   </div>
  </div>
 </body>
</html>
