3720 5916
250 310 304 370 412
888 314 1026 374 Saeculo
1045 313 1147 375 XVII

332 505 382 578 Et
409 505 497 603 quia
525 530 600 604 ego
629 505 847 582 Vincentius
876 507 1049 582 Cicellius
1078 507 1244 594 Gallesii,
1261 509 1365 582 Sacri
1392 507 1521 582 Palatii
1540 507 1744 604 Apostolici

254 627 462 704 Causarum
494 629 683 718 Notarius,
713 633 763 707 de
790 632 1006 729 praemissis
1034 657 1104 730 pro
1132 658 1350 709 successore
1369 658 1405 730 q.
1427 630 1572 727 Quirini
1593 631 1744 706 Farinae

252 751 338 828 olim
362 753 581 831 Connotarii
610 773 767 856 rogatus
797 757 858 844 lui,
888 757 975 832 ideo
1002 757 1073 832 hoc
1101 783 1282 856 praesens
1309 757 1496 855 publicum
1525 758 1744 832 instrumen-

251 893 331 952 tum
359 882 569 954 sententiae
599 907 669 978 pro
696 908 744 958 eo
772 883 987 979 subscripsi.
1019 883 1167 982 signavi
1189 899 1229 959 et
1257 883 1441 981 publicavi
1470 882 1681 977 requisitus,
1709 881 1742 954 in

242 1003 364 1077 ,fidem
393 1021 463 1080 etc.

334 1145 491 1246 Signum
520 1147 677 1223 Notarii.

333 1287 457 1364 Locus
486 1291 595 1390 sigilli
624 1291 819 1365 Auditoris

457 1433 749 1508 instrumentum
777 1433 986 1509 sententiae

388 1557 681 1634 Mediolanensis
708 1558 1038 1658 lurispatronatus.

942 1837 1032 1917 306.

710 1983 809 2056 Rota
835 1982 875 2056 in
904 1983 1053 2056 Palatio
1085 1983 1292 2072 Quirinali.

333 2139 449 2212 (Accu.
468 2139 555 2211 Rom,
579 2139 768 2198 «Dr'nrr'um
787 2139 926 2200 Ioannis
944 2137 1085 2200 Emerix
1096 2143 1132 2212 ι).

729 2322 803 2397 Die
831 2324 960 2396 Lunae
992 2347 1011 2418 7
1042 2322 1119 2396 Iulii
1155 2261 1277 2418 1664..

339 2508 395 2558 12.
428 2483 514 2558 Fuit
543 2484 643 2560 Rota
671 2484 939 2560 memorialium
973 2483 1099 2560 habita
1127 2484 1163 2557 in
1194 2483 1336 2558 Palatio
1377 2481 1570 2578 Quirinali,
1607 2485 1642 2558 in
1673 2508 1738 2580 qua

253 2633 385 2684 omnes
423 2609 644 2708 DD(omini)
680 2609 939 2698 interfuerunt,
977 2624 1138 2706 excepto
1176 2611 1221 2682 R.
1253 2609 1290 2685 P.
1332 2609 1381 2682 D.
1415 2609 1655 2696 Vicecomite,
1682 2607 1738 2704 qui

255 2734 322 2808 suit
349 2752 499 2810 creatus
535 2734 856 2832 Arcbiepiscopus
894 2732 1118 2831 Ephesinus,
1149 2748 1189 2808 et
1226 2733 1389 2807 Nuntius
1429 2736 1478 2809 ad
1515 2733 1737 2810 Catholicam

256 2858 509 2934 Maiestatem.

335 2983 385 3057 Et
411 3000 471 3058 est
500 2983 716 3070 notandum,
748 2984 852 3079 quod
884 2982 977 3058 baec
1014 2984 1115 3057 Rota
1147 2982 1215 3059 luit
1251 2983 1379 3059 habita
1415 3001 1567 3081 praeter
1601 2982 1738 3060 solitum

253 3107 289 3183 in
317 3108 353 3183 d.
384 3107 527 3182 Palatio
564 3106 755 3201 Quirinali,
787 3132 873 3182 nam
902 3108 1004 3201 prius
1023 3125 1271 3182 consueverat
1290 3107 1368 3182 fieri
1396 3110 1498 3204 apud
1526 3108 1564 3184 S.
1587 3107 1737 3182 Petrum.

959 3407 1053 3488 ¹307.

736 3553 846 3624 Mors
873 3549 1095 3625 Alexandri
1127 3551 1212 3627 VII.

333 3708 449 3782 (Anca.
468 3706 553 3778 Rom,
578 3705 765 3764 «Drarium
784 3705 923 3764 Ioannis
942 3705 1081 3766 Emerr'x
1093 3708 1130 3780 ι).

670 3887 742 3961 Die
771 3886 970 3961 Dominico
1001 3913 1046 3960 22
1079 3887 1167 3960 Maii
1203 3893 1314 3979 1667.

336 4073 396 4143 ²3·
428 4048 538 4123 Circa
566 4049 696 4124 horam
719 4074 761 4122 21
796 4075 880 4122 cum
901 4048 1019 4123 tribus
1039 4047 1317 4146 quadrantibus
1340 4048 1472 4122 Ssrirus
1491 4047 1602 4123 Drius
1621 4061 1738 4122 noster

253 4174 472 4250 Alexander
499 4176 599 4270 Papa
618 4173 686 4247 Vll
713 4175 877 4249 decessit
894 4190 984 4270 post
1000 4197 1138 4247 annum
1158 4173 1421 4248 duodecimum
1440 4197 1606 4248 mensem
1634 4193 1735 4244 unum

254 4317 293 4374 et
321 4299 401 4372 dies
429 4298 638 4396 quindecim
667 4299 724 4373 sui
752 4299 1003 4374 Pontificatus.

943 4600 1033 4680 308.

557 4748 713 4820 Vacante
741 4746 832 4822 Sede
858 4772 930 4819 non
949 4747 1113 4840 fueruat
1137 4745 1298 4842 amplius
1325 4745 1453 4820 Rotae.

333 4903 448 4976 (Anca.
467 4901 554 4975 Rom,
579 4899 768 4960 ‹Drarr'um
786 4899 926 4960 Ioannis
944 4901 1084 4960 Emerr’x
1096 4903 1132 4972 ι).

752 5086 824 5158 Die
853 5085 949 5160 lovis
980 5110 998 5158 2
1030 5085 1256 5178 lunii1667.

337 5269 398 5341 25.
430 5248 520 5322 Post
547 5247 838 5322 celebrationem
868 5245 1009 5320 Missae
1037 5245 1197 5342 Spiritus
1226 5243 1365 5332 Sancti,
1394 5269 1438 5318 ac
1479 5242 1575 5318 illius
1602 5243 1726 5316 invoca·

256 5371 407 5460 tionem,
439 5372 522 5445 Eriri
552 5371 640 5446 DD.
663 5369 884 5446 Cardinales
912 5369 1242 5467 processionaliter
1262 5369 1422 5469 ingressi
1441 5383 1529 5444 sunt
1549 5360 1724 5442 conclave,
1830 5361 1831 5438 ς
