3688 5924
672 351 862 410 Alexandro
881 351 938 410 III
1538 353 1557 414 3

103 451 380 466 -------
385 451 918 460 ...ι--ψ-ω-μ---ι--η-..ψ--ᾒ,
927 453 1000 460 -.-...-
1004 452 1553 464 -ῌ--η--η--η-ῂ

99 544 224 619 Adriani
250 543 343 638 Pape
373 540 508 614 nullam
536 538 722 637 prelibato
749 528 979 616 monasterio
1013 541 1186 616 absolute
1220 539 1432 616 libertatem
1467 566 1559 617 con-

96 671 220 751 serebat,
248 666 311 740 sed
338 691 423 766 cum
451 664 676 752 conditione,
706 666 802 739 sicut
833 666 1017 740 habuerat
1051 665 1269 763 antiquitus,
1299 665 1556 742 confirmabat.

97 795 243 867 Ceterum
278 793 363 866 licet
394 789 594 866 multitudo
626 789 780 864 testium
815 792 878 887 qui
916 816 963 864 ex
999 807 1109 887 parte
1146 792 1350 866 Abbatisse
1385 791 1559 888 producti

95 919 214 990 lucrant
253 931 468 990 constanter
503 931 768 988 asseverarent
806 915 1058 1013 prescriptum
1104 916 1371 990 monasterium
1409 941 1559 1013 semper

93 1043 183 1114 luisse
206 1040 356 1114 liberum
384 1058 424 1113 et
460 1037 547 1112 nulli
584 1040 654 1112 nisi
689 1040 855 1113 Ecclesie
893 1040 1066 1114 Romane
1102 1054 1141 1113 et
1178 1041 1336 1137 Principi
1375 1041 1559 1138 Capuano

92 1165 277 1250 subiectum,
322 1163 540 1260 interrogati
578 1181 704 1237 tamen
742 1166 772 1237 si
815 1163 916 1238 certa
959 1165 1068 1262 signa
1105 1165 1345 1239 subiectionis
1388 1166 1559 1240 Romane

91 1288 231 1362 Ecclesie
262 1291 407 1372 scirent,
439 1313 482 1362 se
516 1289 553 1362 id
582 1289 724 1362 nescire
755 1305 1010 1380 asseruerunt.
1041 1289 1188 1364 Testati
1217 1305 1305 1363 sunt
1337 1315 1488 1387 quoque
1517 1315 1559 1364 se

89 1437 148 1486 non
171 1413 299 1488 vidisse
340 1416 443 1510 quod
479 1414 685 1489 Abbatisse
713 1413 965 1488 obedientiam
994 1415 1328 1510 predecessoribus
1366 1415 1440 1490 tuis
1476 1441 1560 1513 pro·

88 1538 228 1611 miserint
252 1555 318 1612 aut
337 1537 556 1613 fidelitatem
575 1540 788 1613 iuraverint.
811 1537 1087 1613 profitebantur
1105 1555 1230 1613 tamen
1251 1541 1353 1636 quod
1372 1565 1437 1615 eas
1456 1542 1560 1615 vide-

85 1662 142 1734 rint
165 1663 208 1736 ab
232 1664 375 1738 eisdem
405 1663 478 1737 tuis
507 1665 839 1759 predecessoribus
857 1664 1047 1738 benedici.
1078 1665 1160 1739 Nos
1187 1665 1301 1762 igitur
1327 1689 1561 1764 cognoscen-

88 1803 132 1858 tes
155 1802 224 1859 tam
252 1815 300 1861 ex
327 1789 397 1862 hiis
426 1813 501 1884 que
520 1813 566 1861 ex
596 1804 703 1884 parte
731 1805 796 1863 tua
814 1788 978 1887 allegata
997 1804 1094 1876 sunt,
1115 1814 1230 1886 quam
1250 1815 1298 1864 ex
1317 1789 1560 1866 attestatione

86 1913 212 1986 testium
238 1913 392 1988 alterius
420 1913 538 2010 partis
566 1914 670 2008 quod
697 1931 960 1988 antecessores
987 1915 1042 1989 tui
1069 1915 1295 1990 Abbatissas
1314 1933 1354 1988 et
1379 1915 1561 1991 moniales

87 2037 240 2130 sepedicti
266 2040 484 2113 monasterii
516 2037 785 2123 benedixerint,
817 2040 956 2113 Missas
988 2038 1036 2114 ibi
1071 2038 1240 2136 publicas
1277 2039 1558 2128 celebraverint,

87 2175 113 2231 et
134 2163 291 2256 predicte
322 2164 414 2236 Atte
441 2163 692 2238 obedientiam
720 2177 759 2236 et
790 2162 1008 2237 fidelitatem
1031 2163 1253 2260 receperint
1293 2187 1332 2238 et
1368 2166 1561 2261 quomodo

86 2286 174 2358 etiam
201 2286 335 2362 Clerici
362 2287 458 2360 illius
486 2288 704 2362 monasterii
730 2289 784 2362 eis
812 2288 1063 2364 obedientiam
1099 2288 1336 2364 exhibuerint
1372 2306 1411 2364 et
1444 2289 1561 2364 fideli-

86 2426 178 2484 tatem
203 2413 419 2500 iuraverint,
448 2413 692 2488 attendentes
719 2439 872 2511 quoque
909 2431 1060 2489 cautum
1096 2440 1182 2488 esse
1217 2415 1421 2490 canonibus
1458 2416 1562 2510 quod

84 2537 181 2608 omnis
199 2537 370 2612 Ecclesia
393 2537 584 2634 Episcopo
603 2539 637 2610 in
657 2539 762 2612 cuius
781 2539 1001 2635 episcopatu
1022 2541 1215 2636 consurgit
1234 2541 1393 2615 subesse
1411 2539 1560 2628 debeat,

82 2676 109 2732 te
132 2685 152 2734 a
178 2664 358 2757 petitione
385 2678 591 2738 memorate
613 2664 819 2738 Abbatisse
846 2688 962 2760 super
988 2664 1161 2738 libertate
1190 2688 1304 2760 quam
1332 2663 1403 2739 sibi
1430 2664 1560 2739 adver·

80 2810 130 2858 sus
155 2803 189 2860 te
218 2789 416 2864 vendicare
445 2789 633 2864 nitebatur
666 2789 715 2862 de
743 2789 930 2864 communi
960 2790 1117 2864 fratrum
1154 2805 1370 2864 nostrorum
1407 2789 1561 2864 consilio

80 2910 299 3002 absolvimus,
330 2905 473 2988 ettam
501 2913 712 3008 tibi,quam
741 2913 909 2989 Ecclesie
938 2929 1002 2988 tue
1030 2912 1129 2988 idem
1158 2913 1428 2989 monasterium
1457 2913 1563 2988 adiu·
1665 2989 1667 2992 .

79 3033 260 3112 dicavimus
305 3054 344 3112 et
378 3053 564 3134 perpetuo
597 3024 755 3112 subesse
787 3039 1033 3113 decrevimus.
1074 3038 1128 3113 Ut
1161 3054 1289 3113 autem
1327 3039 1395 3113 hec
1429 3055 1560 3113 nostre

78 3158 288 3238 diffinitionis
317 3164 502 3238 sententia
531 3179 612 3236 rata
638 3180 677 3237 et
705 3163 811 3238 firma
839 3181 1071 3260 permaneat,
1101 3180 1139 3237 et
1158 3163 1353 3261 perpetuis
1381 3164 1562 3260 tempori·

77 3282 131 3356 bus
155 3284 418 3362 inviolabiliter
451 3289 685 3388 observetur,
718 3313 804 3363 eam
838 3289 1062 3364 auctoritate
1098 3287 1307 3384 apostolica
1340 3289 1562 3363 roboramus

77 3427 105 3480 et
127 3413 315 3505 presentis
343 3413 470 3510 scripti
498 3411 636 3511 pagina
663 3415 946 3500 communimus,
978 3429 1190 3488 statuentes
1225 3428 1266 3487 ut
1294 3412 1383 3488 nulli
1411 3414 1563 3488 omnino

79 3531 247 3610 hominum
285 3538 394 3612 liceat
429 3538 525 3612 hanc
562 3538 738 3636 paginam
775 3553 905 3612 nostre
940 3537 1168 3613 diffinitionis
1202 3537 1402 3638 infringere
1439 3524 1497 3614 vel
1528 3539 1563 3612 ei

79 3657 298 3754 atiquatenus
326 3663 521 3738 contraire.
552 3662 591 3737 Si
621 3662 705 3759 quis
732 3677 859 3738 autem
887 3679 958 3738 etc.

140 3783 205 3888 (R)
236 3789 328 3884 Ego
355 3787 573 3862 Alexander
600 3787 780 3861 catholice
808 3787 966 3862 ecclesie
994 3790 1198 3886 episcopus
1226 3815 1277 3866 ss.
1308 3787 1394 3892 (M).

139 3911 162 4004 l
188 3911 280 4010 Ego
309 3911 524 3986 Bernardus
553 3912 769 3988 Portuensis
796 3929 838 3987 et
862 3930 995 3987 sancte
1022 3914 1158 3988 Rufine
1185 3916 1386 4012 episcopus
1404 3941 1455 3990 ss.

136 4036 278 4135 †Ego
318 4035 598 4111 Hildebrandus
633 4036 786 4112 basilice
822 4036 893 4112 ΧΠ
922 4036 1195 4134 Apostolorum
1233 4023 1420 4136 presbiter
1451 4039 1566 4113 cardi·

277 4159 373 4236 nalis
401 4187 453 4238 ss.

137 4285 280 4384 †Ego
322 4284 532 4360 Gulielmus
573 4288 628 4362 tit.
668 4289 786 4362 sancti
824 4269 923 4364 Petri
958 4291 1007 4362 ad
1043 4288 1190 4362 vincula
1222 4289 1409 4385 presbiter
1445 4288 1564 4362 cardi·

278 4411 374 4484 naiis
393 4437 443 4486 ss.

138 4531 164 4635 †
192 4535 286 4635 Ego
308 4535 409 4611 Boso
427 4537 615 4632 presbiter
634 4536 833 4613 cardinalis
856 4553 987 4612 sancte
1007 4535 1237 4611 Pudentiane
1256 4539 1310 4614 tit.
1329 4538 1494 4612 Pastoris
1513 4565 1564 4614 ss.

139 4658 166 4758 †
196 4661 287 4758 Ego
303 4659 436 4734 Petrus
451 4662 638 4758 presbiter
651 4659 848 4736 cardinalis
867 4662 922 4737 tit.
940 4663 1060 4736 sancti
1074 4662 1263 4736 Laurentii
1277 4663 1313 4735 in
1329 4663 1498 4737 Damaso
1513 4690 1564 4740 ss.

138 4785 162 4874 †
190 4785 282 4882 Ego
311 4785 499 4860 lacinthus
526 4785 706 4862 diaconus
727 4787 927 4860 cardinalis
947 4803 1075 4860 sancte
1095 4787 1215 4860 Marie
1233 4788 1269 4860 in
1290 4786 1493 4861 Cosmedin
1513 4815 1565 4864 ss.

140 4907 164 4996 ’s
192 4909 282 5006 Ego
311 4908 466 4982 Ardicio
493 4907 674 4983 diaconus
703 4909 899 4983 cardinalis
928 4911 1045 4984 sancti
1074 4910 1264 4986 Theodori
1294 4936 1344 4984 ss.

140 5031 163 5119 †
194 5031 285 5130 Ego
313 5031 523 5106 Manlridus
555 5032 734 5109 diaconus
767 5032 965 5110 cardinalis
1002 5035 1120 5108 sancti
1154 5034 1312 5131 Georgii
1342 5034 1391 5107 ad
1429 5034 1565 5108 Velum

281 5181 437 5231 aureum
458 5183 509 5232 ss.
805 5135 806 5140 Ἰ

141 5282 164 5369 'r
193 5283 282 5379 Ego
313 5281 403 5380 Ugo
431 5282 609 5358 diaconus
642 5285 840 5359 cardinalis
877 5284 995 5358 sancti
1023 5283 1216 5357 Eustachii
1249 5283 1351 5356 iuxta
1384 5285 1564 5381 templum

280 5408 455 5506 Agrippe
484 5433 536 5482 ss.
