3748 5914
654 325 820 385 Clemente
841 325 906 386 VII
918 358 937 370 -
954 326 1069 386 Paulo
1085 326 1145 386 III
1591 327 1644 387 281

148 519 275 615 palatii
301 520 514 595 auditorum
543 543 698 594 numero
726 535 765 592 et
801 519 991 594 consortio
1026 518 1276 594 favorabiliter
1307 543 1575 617 aggregamus,
1606 536 1646 593 et

147 644 333 718 inlocum
362 645 422 719 bo.
453 668 525 716 me.
558 621 811 718 Bartholomei
831 644 879 716 de
898 661 1006 740 petra
1026 659 1165 731 sancta,
1187 643 1380 740 Capeliani
1409 658 1448 717 et
1476 643 1642 718 eiusdem

146 768 273 862 palatii
301 768 390 842 dum
409 768 553 842 viveret
570 766 763 853 auditoris,
784 766 886 864 apud
906 768 1037 842 sedem
1055 768 1302 864 apostolicam
1323 768 1497 856 defuncti,
1518 769 1644 864 quoad

148 891 395 967 Auditoratus
424 891 580 966 offitium
600 891 812 966 huiusmodi
831 892 1017 988 ponimus,
1039 892 1300 967 substituimus
1320 906 1359 966 et
1386 916 1644 990 surrogamus,

145 1018 397 1113 eumdemque
427 1017 576 1091 Petrum
606 1016 655 1090 ad
684 1016 824 1090 dictum
852 1016 1010 1091 offitium
1052 1017 1210 1113 eiusque
1247 1015 1403 1090 liberum
1431 1016 1644 1090 exercitium

146 1142 320 1227 honores,
350 1165 466 1216 onera
492 1155 532 1215 et
559 1139 811 1215 emolumenta
839 1140 1006 1236 predicta
1042 1142 1294 1238 recipiendum
1331 1140 1411 1216 lore
1447 1167 1491 1215 ac
1532 1139 1646 1239 recipi

145 1282 185 1340 et
212 1266 358 1342 admitti
386 1266 526 1341 debere
554 1267 791 1340 decernimus
819 1281 858 1339 et
890 1265 1124 1340 declaramus
1162 1266 1231 1340 sibi
1264 1263 1521 1340 nichilominus
1558 1288 1647 1338 con-

146 1391 322 1466 cedentes
356 1392 459 1487 quod
487 1389 660 1465 omnibus
688 1404 727 1464 et
754 1389 911 1488 singulis
940 1390 1152 1488 privilegiis,
1187 1390 1492 1478 immunitatibus,
1533 1389 1645 1464 licen·

144 1515 217 1601 tiis,
247 1513 496 1602 facultatibus,
516 1514 776 1612 prerogativis,
796 1514 1096 1599 antelationibus
1119 1512 1409 1611 proeminentiis,
1442 1513 1642 1596 favoribus,

144 1639 276 1739 gratiis
303 1656 343 1714 er
370 1638 521 1712 indultis
558 1639 693 1735 quibus
721 1637 782 1713 alii
811 1637 1003 1734 Capeliani
1045 1636 1163 1712 nostri
1190 1638 1359 1713 eiusdem
1386 1635 1512 1734 palatii
1543 1637 1646 1710 audi-

144 1782 249 1840 tores
291 1780 367 1838 tarn
409 1764 457 1837 de
499 1765 588 1850 iure,
632 1789 714 1848 usu,
745 1787 850 1838 more
891 1779 930 1838 et
956 1765 1227 1838 consuetudine
1255 1778 1420 1850 utuntur,
1459 1762 1643 1850 fruuntur,

145 1889 340 1988 potiuntur
367 1903 406 1962 et
433 1889 612 1985 gaudent,
634 1887 696 1974 uti,
719 1888 799 1972 frui,
820 1886 932 1985 potiri
951 1902 990 1961 et
1007 1887 1175 1986 gaudere
1193 1888 1316 1986 possit
1335 1902 1374 1962 et
1401 1885 1534 1974 valeat,
1564 1911 1647 1984 pre·

146 2015 310 2090 sentium
338 2027 469 2087 tenore
502 2010 751 2111 indulgemus.
1316 2094 1319 2100 ,

226 2136 453 2212 Mandantes
481 2135 618 2212 dilecto
645 2136 718 2212 filio
747 2137 926 2234 Pompeio
954 2139 1007 2214 tit.
1039 2137 1129 2214 S.cti
1176 2137 1365 2212 Laurentii
1407 2138 1442 2210 in
1476 2137 1646 2211 Damaso

147 2265 373 2362 presbytero
414 2261 613 2348 Cardinali‚
663 2260 790 2366 821³.
833 2263 989 2338 ecclesie
1016 2261 1330 2338 Vicecancellario
1372 2287 1439 2336 seu
1485 2287 1556 2360 pro
1596 2286 1644 2334 eo

146 2385 375 2462 Cancellarie
411 2385 619 2483 apostolice
657 2387 830 2484 Regenti,
862 2411 1005 2462 necnon
1044 2386 1231 2486 Magistro
1263 2386 1398 2462 Iacobo
1436 2400 1643 2483 symonete,

146 2512 334 2587 Moderno
353 2511 586 2586 Dilectorum
615 2510 773 2586 filiorum
802 2529 842 2586 et
869 2509 1013 2610 collegii
1042 2512 1226 2586 dictorum
1254 2512 1469 2586 auditorum
1489 2510 1645 2584 Decano

145 2637 303 2733 aliisque
321 2635 490 2710 eiusdem
510 2636 637 2733 palatii
656 2637 888 2710 auditoribus
907 2661 975 2710 seu
994 2635 1291 2711 locatenentibus
1310 2635 1541 2721 eorumdem,
1556 2659 1645 2730 qua-

145 2783 255 2839 tenus
283 2763 459 2836 eumdem
486 2777 635 2860 petrum
663 2762 876 2858 expediant,
906 2777 946 2834 et
973 2761 1023 2836 ad
1050 2787 1208 2836 examen
1237 2762 1386 2838 solitum
1415 2778 1455 2837 et
1491 2787 1645 2837 consue·

145 2906 225 2962 tum
253 2912 297 2962 ac
325 2887 360 2961 in
389 2888 616 2962 Auditorem
644 2886 830 2962 inlocum
858 2887 991 2984 prelati
1021 2887 1274 2962 Bartholomei
1302 2911 1446 2963 necnon
1474 2887 1643 2974 offitium,

144 3013 318 3099 honores,
340 3037 456 3086 onera
483 3028 522 3086 et
549 3012 802 3086 emolumenta
820 3013 990 3107 predicta
1009 3014 1110 3086 iuxta
1138 3012 1279 3086 decreti
1299 3013 1414 3086 nostri
1433 3011 1645 3086 huiusmodi

144 3154 315 3212 tenorem
345 3137 524 3234 recipiant
551 3152 590 3210 et
616 3135 825 3223 admittant,
857 3137 1028 3210 tribunali
1056 3137 1092 3210 in
1120 3135 1204 3212 aula
1233 3137 1295 3212 ubi
1322 3161 1435 3212 cause
1476 3137 1644 3212 eiusdem

144 3261 272 3360 palatii
298 3261 416 3335 audiri
445 3262 568 3336 solent
594 3260 729 3334 eodem
759 3262 881 3349 Petro,
911 3278 952 3336 ut
980 3262 1094 3336 moris
1121 3277 1191 3346 est,
1220 3261 1428 3360 assignato.

225 3384 468 3460 Decernentes
494 3409 639 3458 exnunc
665 3385 819 3458 irritum
847 3401 887 3458 et
913 3385 1023 3458 inane
1051 3384 1083 3459 si
1111 3411 1221 3460 secus
1250 3410 1365 3483 super
1398 3386 1467 3460 hiis
1499 3411 1521 3459 a
1553 3409 1646 3482 quo·

145 3536 271 3608 quam,
291 3510 425 3606 quavis
439 3510 662 3584 auctoritate
682 3509 843 3584 scienter
860 3509 920 3584 vel
939 3509 1157 3609 ignoranter
1175 3509 1400 3609 contingerit
1417 3509 1644 3606 attemptari.

224 3635 310 3708 Non
339 3634 575 3711 obstantibus
604 3634 931 3709 constitutionibus
959 3650 998 3708 et
1026 3635 1319 3710 ordinationibus
1348 3634 1576 3733 apostolicis,
1601 3661 1645 3708 ac

141 3761 300 3835 eiusdem
330 3761 484 3858 Collegt'i
507 3761 725 3845 eieramento,
757 3759 1038 3835 confirmatione
1075 3758 1284 3858 apostolica
1317 3761 1377 3834 vel
1413 3760 1547 3858 quavis
1582 3759 1644 3831 fir-

143 3885 272 3959 mitate
299 3885 371 3960 alia
398 3885 583 3960 roboratis
621 3883 773 3958 statutis
809 3899 849 3958 et
885 3885 1227 3972 consuetudinibus,
1264 3885 1457 3959 contrariis
1494 3884 1643 3981 quibus·

144 4034 319 4106 cumque.

225 4133 354 4207 Placet
378 4143 414 4207 et
438 4134 491 4206 ita
518 4133 751 4209 mandamus.
782 4133 814 4209 I.

225 4258 298 4331 Die
326 4281 413 4347 v111J
441 4258 600 4332 Ianuarii
634 4263 746 4352 1526.

858 4505 944 4585 156.

142 4665 271 4740 Motus
291 4666 475 4766 properes
506 4666 625 4741 Pauli
649 4669 722 4742 III
744 4669 1001 4766 (1534·1549)
1032 4692 1102 4766 qno
1133 4669 1293 4742 Notarir'
1321 4667 1439 4741 Rotae
1473 4665 1644 4739 e‘nbentur

223 4789 345 4886 officia
373 4818 542 4866 exercere
559 4801 595 4865 et
619 4817 819 4866 cansarum
845 4801 927 4866 acte
954 4817 1017 4866 seu
1037 4805 1230 4890 processus
1248 4801 1367 4866 tenere
1385 4801 1454 4864 eut
1468 4791 1508 4863 in
1526 4789 1641 4863 demi-

223 4915 289 4990 bur
317 4917 551 5002 Andriorum,
580 4917 640 4990 vel
662 4917 703 4991 in
728 4917 892 4991 denibus
914 4917 1053 4992 vicinis.

223 5072 338 5144 (Anca.
357 5069 444 5146 Rom,
468 5097 480 5124 ι
500 5071 736 5131 Ordinationes
754 5096 781 5146 2,
796 5077 885 5147 part.
903 5071 949 5146 II,
967 5071 1019 5131 De
1038 5071 1201 5146 Notariis,
1219 5088 1251 5132 n.
1271 5071 1350 5144 ΙΙΙ).

225 5248 333 5324 Motu
362 5249 515 5346 proprio
543 5265 613 5324 etc.
637 5248 733 5322 Cum
754 5250 849 5324 sicut
868 5248 942 5322 fide
960 5249 1159 5347 dignorum
1187 5248 1402 5321 testimonio
1429 5247 1642 5343 accepimus

143 5388 332 5471 quatenus
358 5372 505 5470 plurimi
532 5373 568 5448 in
597 5390 729 5449 nostro
749 5375 848 5450 Rote
866 5373 1067 5448 Auditorio
1094 5373 1143 5446 ad
1163 5372 1264 5470 quod
1293 5397 1363 5470 pro
1391 5371 1529 5444 iustitia
1557 5395 1645 5444 con-
