3688 5924
748 353 896 414 Honorio
913 354 973 415 III

846 738 903 816 15.

115 968 302 1040 Honorius
322 968 399 1041 III
409 949 622 1042 sententium
640 970 757 1042 lotom
775 968 820 1080 nd
838 971 889 1044 A.
910 970 1136 1044 Snbde'acono
1154 981 1189 1044 et
1207 971 1414 1069 capellano,
1435 974 1474 1046 e'n
1501 999 1614 1046 consa

192 1117 350 1166 concesso
378 1092 563 1168 Aude'tore
589 1093 635 1166 ab
663 1093 870 1168 Innocentio
897 1094 976 1180 ul,
996 1095 1231 1188 confirmans,
1261 1122 1343 1169 enm
1362 1097 1614 1194 procedentem

191 1217 230 1290 in
269 1216 406 1292 iudicio
440 1227 543 1292 vocat
574 1220 633 1292 vel
665 1219 882 1304 auditorem,
921 1220 980 1294 uel
1008 1219 1271 1320 capellanum:
1299 1223 1466 1318 cmnpleto
1492 1232 1613 1295 annm

192 1341 338 1428 iudicio,
368 1369 450 1416 enm
476 1343 677 1418 dumtaxat
701 1343 969 1435 Subdiaconum
996 1345 1169 1445 appellet.

195 1497 288 1567 (Rus.
307 1495 401 1570 Van,
422 1499 454 1570 9,
463 1497 529 1571 sot.
554 1499 602 1566 19,
634 1514 725 1556 anno
753 1497 780 1570 I,
806 1505 876 1572 cup.
904 1495 1055 1564 LXXV:
1082 1497 1266 1570 Psessumr,
1289 1497 1453 1572 ‹Regesto
1471 1495 1614 1558 Honoris
1732 1576 1735 1582 1

108 1585 176 1659 Pp.
196 1585 261 1659 III,
279 1586 417 1656 Romae,
434 1587 547 1646 1883»
571 1603 604 1645 n.
624 1585 701 1658 121).

1110 1693 1189 1767 ltro,
1208 1693 1396 1754 novembris
1413 1693 1459 1768 25,
1482 1694 1607 1754 Romae

193 1890 370 1996 usuam
398 1877 462 1969 s'c'i.
494 1896 651 1995 Benigni
678 1912 719 1970 et
747 1895 862 1970 Peon
889 1897 937 1970 de
966 1896 1099 1970 Priano
1136 1897 1284 1972 tanuen.
1315 1892 1522 2000 uouesisJ.

194 2017 291 2094 Cum
318 2020 406 2094 olim
435 2019 688 2125 Preposit[us]
715 2038 756 2096 et
786 2023 951 2098 canonici
969 2003 1046 2098 sce.
1076 2022 1197 2096 Marie
1224 2021 1272 2095 de
1304 2021 1421 2096 vineis
1453 2024 1612 2120 presby·
1710 2079 1717 2092 .

109 2159 234 2218 terum
262 2145 324 2242 ph.
368 2145 506 2220 lanuen
542 2147 578 2219 in
614 2146 766 2222 fratrem
801 2163 842 2221 et
877 2148 1092 2222 canonicum
1130 2131 1348 2245 elegissent,
1377 2171 1422 2220 ac
1459 2146 1611 2222 electio-

110 2295 200 2344 nem
236 2271 353 2368 ipsius
384 2287 672 2369 presentassent
707 2295 790 2348 ven.
829 2271 933 2347 iratri
970 2287 1100 2348 nostro
1136 2273 1287 2346 lanuen.
1316 2271 1614 2370 Archiepiscopo

113 2393 418 2482 confirmandam,
455 2396 670 2494 Capitulum
707 2397 857 2472 lanuen.
886 2422 933 2472 ne
966 2396 1135 2494 predicta
1171 2397 1452 2472 confirmaretur
1479 2397 1612 2472 electio

104 2517 358 2616 appellarunt,
406 2538 624 2607 asserentes
668 2522 889 2598 electionem
933 2521 1092 2596 eandem
1125 2523 1263 2596 debere
1300 2523 1391 2619 ipsis
1427 2522 1537 2598 simul
1572 2539 1613 2596 et

106 2644 283 2740 predicto
311 2645 608 2743 Archiepiscopo
629 2647 850 2744 presentari,
879 2647 1183 2745 procuratoribus
1200 2647 1328 2743 itaque
1347 2647 1509 2744 partium
1529 2669 1611 2743 pro

106 2784 199 2862 pter
216 2767 287 2844 hoc
313 2769 364 2842 ad
382 2770 512 2844 sedem
531 2769 776 2866 apostolicam
805 2770 1012 2858 destinatis,
1042 2793 1157 2844 causa
1184 2769 1267 2867 ipsa
1285 2769 1355 2844 suit
1371 2769 1419 2844 de
1444 2769 1611 2866 ipsorum

105 2918 271 2968 assensu
299 2895 418 2968 sancti
446 2895 508 2969 siri
536 2910 575 2970 et
599 2878 663 2972 sd.
696 2895 878 2991 Stephani
901 2895 1113 2971 Abbatibus
1138 2920 1162 2968 a
1180 2895 1272 2969 sede
1290 2895 1497 2992 apostolica
1514 2892 1617 2977 delo

105 3033 214 3114 gata.
245 3014 321 3111 Qui
347 3016 434 3093 licet
469 3044 622 3094 causam
654 3021 774 3116 ipsam
800 3019 1016 3116 aliquandiu
1044 3035 1201 3117 propter
1236 3018 1413 3094 malitiam
1437 3003 1611 3116 ¹partium

108 3159 397 3240 prorogassent,
427 3141 491 3218 lite
527 3143 681 3218 tandem
709 3145 915 3219 secundum
943 3145 1033 3218 iuris
1060 3145 1229 3219 ordinem
1257 3157 1470 3220 contestata
1506 3143 1611 3218 testi-

106 3269 260 3362 busque
286 3265 335 3340 de
361 3293 466 3342 more
493 3269 699 3366 productis,
728 3296 813 3344 cum
832 3268 971 3344 vellent
997 3270 1120 3344 eidem
1148 3294 1262 3344 cause
1290 3268 1400 3342 finem
1420 3269 1611 3362 imponere

104 3406 399 3488 competentem,
420 3394 605 3468 scindicus
624 3394 774 3491 capituli
801 3394 997 3470 memorati
1019 3419 1066 3469 ne
1084 3394 1240 3493 predicti
1268 3394 1408 3468 iudices
1426 3394 1475 3469 ad
1494 3393 1612 3490 ipsius

104 3516 253 3615 negotii
279 3517 506 3593 decisionem
523 3519 784 3614 procederent,
806 3520 937 3594 sedern
955 3520 1202 3616 apostolicam
1228 3519 1443 3617 appellavit,
1471 3542 1612 3615 propo-

106 3667 204 3716 nens
234 3643 421 3738 quosdam
448 3660 568 3718 testes
596 3669 693 3741 quos
721 3644 843 3720 adhuc
870 3644 1079 3741 producere
1107 3669 1177 3742 pro
1215 3668 1284 3718 sua
1320 3659 1428 3740 parte
1460 3642 1612 3718 volebat

103 3768 336 3842 constitutos
364 3792 450 3842 esse
478 3769 513 3841 in
529 3853 530 3858 η
546 3768 716 3866 partibus
753 3770 1019 3845 transmarinis.
1051 3769 1177 3844 Causa
1211 3769 1324 3868 igitur
1360 3770 1409 3844 ab
1445 3770 1609 3865 ipsorum

103 3893 273 3967 iudicum
305 3894 475 3967 examine
511 3893 560 3968 ad
598 3894 728 3968 sedern
764 3895 1008 3991 apostolicam
1046 3919 1114 3992 per
1148 3894 1438 3991 appellationem
1473 3892 1609 3976 delata,

102 4017 224 4091 felicis
253 4017 522 4092 recordationis
550 4014 819 4123 l[nn0centius]
857 4045 956 4117 papa
992 4020 1242 4116 predecessor
1278 4036 1406 4094 noster
1436 4017 1610 4093 dilectum

103 4141 224 4216 filium
262 4141 323 4228 Α.,
354 4142 631 4218 Subdiaconum
659 4161 699 4217 et
736 4143 980 4240 Capelianum
1018 4159 1199 4230 nostrum,
1231 4141 1415 4218 concessit
1441 4141 1611 4239 partibus

104 4266 347 4342 Auditorem.
369 4267 507 4343 Coram
527 4293 707 4364 quocum
727 4269 910 4344 scindicus
930 4269 1064 4366 prelati
1082 4267 1232 4366 capituli
1251 4269 1459 4344 absentiam
1480 4291 1613 4363 supra-

103 4393 295 4464 dictorum
328 4393 482 4466 testium
509 4392 693 4493 allegaret
721 4409 760 4468 et
788 4394 856 4468 sibi
885 4411 1032 4491 peteret
1058 4391 1224 4467 inducia's
1251 4393 1300 4466 ad
1328 4392 1609 4490 producendum

105 4519 215 4612 ipsos
244 4517 409 4605 concedi,
440 4517 529 4593 dum
558 4543 674 4615 super
700 4518 772 4594 hoc
799 4519 1023 4595 deliberaret
1041 4520 1115 4594 iam
1142 4518 1263 4592 dictus
1282 4518 1454 4604 Auditor,
1486 4515 1611 4612 predi-

105 4659 192 4716 ctus
229 4641 425 4733 scindicus‚
454 4644 504 4717 ad
532 4645 684 4742 propria
711 4645 871 4732 rediens,
902 4644 988 4720 iecit
1013 4644 1125 4719 alium
1152 4660 1434 4739 procuratorem
1462 4667 1485 4716 a
1512 4640 1613 4716 dicto

106 4765 275 4865 capitulo
301 4768 351 4841 ad
377 4768 600 4842 audiendam
634 4769 859 4844 sententiam
888 4769 1076 4845 destinari.
1107 4767 1182 4862 Qui
1209 4794 1294 4843 cum
1321 4783 1425 4842 esset
1453 4765 1490 4838 in
1518 4768 1610 4840 eius-

107 4893 193 4968 dem
225 4890 421 4966 Auditoris
450 4896 638 4989 presentia
666 4894 907 4981 constitutus,
938 4895 1040 4968 nisus
1059 4909 1120 4968 est
1147 4908 1224 4970 tam
1251 4919 1319 4991 per
1340 4891 1504 4967 libellum
1523 4915 1612 4987 pro-

108 5019 199 5093 bare
227 5016 382 5104 obitum,
421 5043 535 5115 quarn
567 5019 681 5092 etiarn
718 5043 788 5116 per
824 5033 943 5093 testes
980 5019 1015 5092 in
1052 5043 1167 5094 causa
1193 5019 1399 5116 productos
1431 5017 1536 5114 quod
1562 5015 1611 5090 de

109 5141 260 5218 lanuen.
289 5141 447 5217 ecclesie
475 5143 747 5219 consuetudine
772 5144 983 5241 approbata
1012 5159 1088 5217 tam
1107 5141 1336 5241 prelatorum
1355 5165 1469 5238 quam
1489 5139 1611 5215 subdi·

110 5283 231 5342 torum
260 5267 428 5342 omnium
448 5267 692 5362 ecclesiarum·
708 5268 868 5346 civitatis
896 5269 1046 5344 lanuen.
1062 5269 1264 5342 electiones
1292 5267 1474 5342 deberent
1501 5264 1610 5340 simul

109 5393 336 5490 supradictis
365 5393 661 5491 Archiepiscopo
688 5411 728 5469 et
747 5393 910 5492 capitulo
928 5395 1137 5491 presentari
1156 5410 1195 5467 et
1214 5394 1263 5468 ab
1280 5393 1371 5488 ipsis
1390 5390 1501 5466 etiam
1521 5414 1614 5466 con·
