3720 5914
794 325 887 386 Sr'stto
903 323 961 384 IV
1569 322 1622 384 183

204 520 347 596 Nostre
374 534 500 594 tamen
527 519 741 594 intentionis
769 541 843 596 non
871 521 997 594 existit
1024 519 1384 615 quoad'Auditores
1413 517 1508 605 illos,
1525 543 1623 614 quos

110 645 250 720 lorsan
272 671 342 742 pro
370 661 540 742 tempore
567 644 780 741 promoveri
809 644 1018 744 contigerit,
1048 645 1249 741 quominus
1272 643 1308 718 in
1328 644 1429 718 dicto
1449 642 1621 742 Collegio

107 786 154 844 et
187 771 389 844 Auditorio
417 784 663 865 perseverent
689 786 729 843 et
757 785 935 845 maneant
961 783 1153 864 tamquam
1177 768 1452 844 Locatenentes
1480 767 1621 866 aliquid

110 897 314 982 innovare,
348 910 476 992 preter
502 895 540 968 id
572 894 675 992 quod
712 894 895 968 hactenus
931 911 1123 991 receptum
1166 895 1289 969 extitit
1320 909 1360 968 et
1387 892 1623 968 laudabiliter

110 1022 377 1105 observatum,

10 1241 11 1246 ἵ
202 1146 451 1219 decernentes
479 1143 622 1218 irritum
650 1159 689 1217 et
716 1145 825 1217 inane
857 1142 1038 1239 quidquid
1066 1167 1231 1228 secus,a
1259 1166 1463 1240 quoquam,
1487 1141 1620 1238 quavis

9 1259 11 1276 '
110 1271 357 1356 auctoritate,
388 1269 550 1342 scienter
578 1268 637 1343 vel
665 1268 892 1366 ignoranter,
914 1267 1114 1366 contigerit
1141 1269 1369 1363 attemptari.
1397 1267 1499 1341 Nulli
1515 1291 1619 1364 ergo

111 1395 273 1468 omnino
310 1393 500 1468 hominum
537 1393 646 1468 liceat
678 1394 774 1466 hanc
819 1392 997 1492 paginam
1029 1408 1158 1466 nostre
1186 1391 1439 1475 ordinationis,
1475 1389 1616 1476 statuti,

112 1516 395 1603 declarationis,
435 1517 724 1604 constitutionis,
763 1516 904 1590 decreti
933 1533 973 1590 et
1007 1516 1212 1591 voluntatis
1247 1515 1450 1615 infringere
1481 1515 1541 1586 vel
1571 1514 1617 1600 ei,

111 1666 214 1716 ausu
231 1643 441 1730 temerario,
458 1641 653 1716 contraire.
677 1639 717 1714 Si
736 1643 821 1738 quis
840 1657 967 1714 autem
995 1641 1066 1714 hoc
1086 1655 1315 1737 attemptare
1334 1638 1617 1736 presumpserit,

110 1767 416 1865 indignationem
444 1765 712 1861 omnipotentis
741 1765 815 1839 Dei
841 1790 886 1839 ac
913 1767 1110 1840 beatorum
1140 1765 1237 1839 Petri
1265 1781 1304 1839 et
1323 1763 1426 1838 Pauli
1448 1764 1617 1859 Aposto-

113 1888 240 1962 lorum
269 1890 349 1963 eius
378 1915 420 1964 se
456 1891 600 1964 noverit
636 1889 881 1965 incursurum.

199 2014 343 2088 Datum
372 2015 506 2102 Rome,
525 2015 628 2112 apud
645 2013 683 2089 S.
706 2013 868 2102 Petrum,
889 2039 989 2089 anno
1008 2013 1275 2089 lncarnationis
1294 2013 1478 2088 dominice
1497 2010 1618 2085 Mille-

111 2139 213 2212 simo
235 2139 608 2237 quadringentesimo
636 2139 919 2239 septuagesimo
938 2138 1115 2225 secundo,
1137 2137 1255 2234 pridie
1273 2137 1358 2212 idus
1377 2135 1473 2224 maii,
1496 2137 1619 2233 ponti-

114 2263 253 2337 ficatus
279 2264 400 2339 nostri
426 2287 526 2338 anno
553 2264 684 2360 primo.

830 2579 914 2659 112.

114 2759 253 2832 Sixtus
281 2759 310 2832 I
312 2762 350 2834 V
370 2759 614 2834 Auditm'bus
642 2763 760 2835 Rotae
779 2759 1023 2858 priuilegium
1054 2759 1212 2834 corrcedit
1244 2760 1463 2858 expediendi
1491 2761 1617 2855 gratis

197 2883 343 2958 litteras
369 2884 625 2985 Apostolicas;
652 2887 756 2960 cuius
782 2895 902 2961 tamen
929 2885 1169 2960 executimm
1195 2884 1391 2983 suspendii.

196 3037 313 3109 (Anca.
332 3037 419 3110 Ros,
442 3036 660 3110 «Prrbr'legr'a
673 3061 699 3110 »,
719 3043 795 3098 tom.
814 3038 842 3112 I,
856 3043 945 3112 part.
963 3037 991 3112 I,
1009 3054 1041 3095 n.
1061 3036 1197 3110 XXIV).

1363 3269 1366 3289 ,
1436 3212 1515 3274 Sine
1533 3213 1616 3274 data.

199 3379 309 3452 Motu
337 3380 491 3476 proprio
527 3397 566 3454 et
603 3405 650 3454 ex
685 3395 787 3454 certa
822 3398 952 3454 nostra
990 3380 1144 3455 scientia
1177 3380 1344 3455 districte
1376 3380 1624 3478 precipiendo,

113 3501 343 3579 mandamus
377 3503 521 3578 dilectis
558 3503 641 3578 liliis
677 3505 993 3580 Rescribendario
1028 3520 1069 3578 et
1105 3503 1369 3601 Computatori
1408 3502 1616 3580 litterarum

110 3624 406 3725 apostolicarum
434 3652 504 3723 pro
533 3643 704 3726 ternpore
731 3629 990 3715 existentibus,
1008 3628 1236 3725 reliquisque
1256 3627 1485 3704 Officialibus
1503 3653 1548 3704 ac
1566 3625 1616 3702 illi

114 3754 175 3826 vel
215 3751 286 3826 illis
319 3777 416 3850 quos
449 3776 608 3848 presens
643 3752 766 3850 tangit
802 3754 1001 3851 negocium
1035 3777 1102 3826 seu
1137 3751 1421 3850 quomodolibet
1458 3767 1617 3852 tangere

114 3893 247 3973 potest
274 3877 309 3949 in
338 3877 513 3964 loturum,
545 3878 616 3951 sub
651 3878 1043 3952 excommunicationis
1070 3901 1169 3975 pena
1205 3903 1319 3974 quarn
1348 3877 1440 3952 alias
1472 3894 1615 3952 contra·

115 4003 296 4076 iacientes
325 4001 498 4090 incidant,
519 4018 708 4099 quatenus
734 4027 867 4077 omnes
894 4018 934 4076 et
953 4003 1122 4100 singulas
1140 4002 1284 4076 litteras
1302 4002 1531 4099 apostolicas
1545 4027 1616 4098 pro

115 4125 262 4200 dilectis
303 4125 385 4200 filiis
426 4129 566 4202 nostris
607 4151 805 4202 causarum
847 4129 976 4225 palatii
1009 4129 1126 4203 nostri
1163 4128 1410 4203 Auditoribus
1441 4126 1615 4224 Capella·

116 4253 253 4348 nisque
281 4253 420 4326 nostris
448 4253 639 4328 modernis
666 4253 846 4351 quamdiu
875 4253 924 4328 illi
942 4255 978 4326 in
997 4254 1169 4329 humanis
1188 4255 1381 4354 extiterint
1398 4271 1437 4326 et
1454 4253 1617 4328 Audito-

114 4377 236 4450 riatus
262 4373 424 4449 officium
451 4377 697 4459 exercuerint,
728 4391 805 4451 tam
833 4379 1081 4452 communiter
1108 4403 1221 4474 quam
1254 4376 1399 4451 divisim
1427 4401 1494 4451 eos
1527 4400 1615 4450 con·

114 4500 366 4586 cernentibus,
382 4500 501 4600 gratis
520 4501 659 4597 ubique
678 4502 726 4576 de
745 4502 925 4576 mandato
945 4517 1076 4576 nostro
1094 4502 1306 4598 expediant,
1327 4517 1367 4576 et
1385 4500 1613 4597 duplicatum

114 4650 247 4700 earum
275 4625 387 4700 etiam
416 4625 448 4698 si
474 4649 521 4699 ex
550 4641 734 4721 quaterno
763 4625 995 4701 Cancellarie
1031 4628 1237 4724 apostolice
1270 4625 1416 4700 extrahi
1452 4627 1615 4702 debeant

114 4751 267 4849 signent
293 4766 335 4823 et
362 4765 493 4823 notent
529 4750 577 4825 de
615 4753 793 4826 mandato
821 4769 953 4826 nostro
980 4752 1041 4826 vel
1076 4751 1235 4827 Romani
1272 4752 1457 4849 pontificis
1493 4751 1614 4850 gratis

113 4875 263 4971 ubique,
290 4899 358 4948 nec
377 4897 451 4949 non
471 4875 677 4950 litterarum
696 4876 988 4973 apostolicarum
1002 4878 1038 4950 in
1054 4877 1185 4952 maiori
1203 4900 1317 4974 parco
1336 4877 1614 4973 presidentibus
1640 4882 1643 4899 '

111 5025 156 5074 ac
176 4997 329 5096 reliquis
348 4999 698 5088 Abbreviatoribus,
717 5025 786 5075 nec
805 5025 879 5075 non
899 5003 1154 5100 scriptoribus,
1177 5000 1338 5075 Custodi
1358 5016 1395 5074 et
1413 5000 1494 5074 aliis
1514 4999 1613 5076 dicte

113 5121 346 5198 Cancellarie
365 5137 404 5198 et
423 5123 584 5198 Camere
609 5125 817 5222 apostolice
836 5124 1077 5209 Officialibus,
1099 5150 1260 5200 necnon
1280 5142 1356 5198 tam
1377 5125 1612 5222 supplicatio-

111 5273 200 5323 num
230 5272 345 5345 quarn
372 5245 556 5323 bullarum
581 5247 694 5323 etiam
722 5250 759 5323 in
779 5249 940 5324 Camera
957 5251 1164 5347 apostolica
1189 5248 1371 5347 registris,
1391 5250 1612 5347 registrato·

111 5375 225 5460 ribus,
245 5371 390 5448 clericis
407 5388 447 5446 et
466 5375 630 5462 notariis,
652 5375 688 5448 in
707 5374 878 5473 registris
897 5392 937 5450 et
957 5374 1119 5450 Camera
1137 5372 1334 5448 antedictis
1354 5398 1397 5447 ac
1424 5372 1612 5447 audientie
