3684 5920
815 672 905 750 561.

104 834 203 906 Rota
231 859 303 907 non
330 843 490 932 acceptat
515 835 774 907 minationis
791 835 878 907 noui
898 834 1096 906 Auditoris
1123 834 1286 908 cedulam
1314 861 1363 908 cx
1389 860 1463 934 qua
1486 849 1603 935 appa-

184 959 295 1044 rebat,
326 959 473 1030 electum
508 961 734 1031 nominatum
772 985 844 1032 non
860 959 985 1054 fuisse
1016 958 1062 1032 ab
1092 959 1242 1057 ipsomet
1268 960 1388 1058 Papa,
1419 962 1604 1059 aliumque

183 1082 314 1155 obtinet
337 1091 373 1155 el
394 1083 533 1179 publici
556 1083 654 1156 iuris
670 1081 770 1176 fieri·
793 1091 955 1156 contentu
983 1091 1044 1157 est.

183 1238 299 1310 (Auen.
319 1239 405 1311 Rom,
429 1237 618 1296 ‹Diarium
640 1237 814 1296 Camerale
826 1239 861 1310 »).

734 1502 775 1549 21
810 1477 881 1551 ian.
919 1481 1029 1570 1850.

185 1659 283 1730 Rriio
312 1657 350 1730 P.
384 1657 430 1731 D.
463 1643 744 1737 meoDecanO.
776 1655 924 1730 officiali
950 1654 1111 1751 epistola
1140 1655 1213 1730 diei
1247 1681 1292 1747 ¹9
1323 1655 1394 1730 ian.
1426 1683 1521 1732 curt.
1556 1660 1604 1732 ab

103 1784 209 1856 Emis
238 1779 500 1855 Cardinalibus
528 1805 550 1854 a
580 1779 855 1854 Commissione
884 1780 1015 1853 Status
1044 1782 1268 1875 subscripta,
1299 1781 1470 1868 innotuit,
1494 1783 1604 1856 Com-

100 1909 318 1982 missionem
347 1907 480 2002 ipsam,
511 1920 660 1979 attento
688 1906 790 1979 obitu
821 1904 865 1978 cl.
895 1931 943 1979 m.
976 1905 1074 2000 de.
1098 1906 1158 1978 De
1179 1906 1291 1978 Petro
1309 1906 1396 1978 olim
1418 1905 1601 2006 Collegae

102 2034 234 2118 nostri,
264 2033 300 2104 in
337 2031 455 2126 ipsius
491 2028 614 2104 locum
651 2029 865 2103 destinasse
903 2029 1116 2103 Praesulem
1155 2029 1350 2126 Aloysium
1388 2029 1543 2104 Serahni
1581 2057 1604 2105 a

99 2158 278 2232 Maleano
305 2159 341 2228 in
371 2157 529 2242 Sabinis,
560 2179 657 2228 nunc
685 2154 847 2228 Iudicem
876 2155 1089 2228 Tribunalis
1117 2155 1232 2228 civilis
1253 2181 1322 2249 pro
1342 2158 1464 2230 causis
1488 2156 1602 2232 eccle·

100 2282 298 2367 stiasticis;
328 2281 468 2376 quique
496 2281 569 2357 iam
597 2304 617 2352 a
649 2278 815 2353 Secretis
851 2279 973 2352 luerat
1011 2281 1095 2353 Sac.
1126 2278 1280 2354 Ordinis
1316 2280 1448 2353 Nostri
1485 2306 1602 2377 penes

103 2405 205 2502 de.
236 2429 359 2479 meum
390 2403 522 2478 Bonini
527 2461 672 2479 ......

184 2530 280 2603 Cum
309 2531 380 2602 ista
411 2529 502 2601 Rrirs
532 2528 709 2602 Decanus
728 2527 840 2602 hodie
860 2527 1031 2602 Patribus
1050 2528 1253 2614 nunciaret,
1276 2545 1518 2625 perspectum
1538 2531 1605 2604 luit

101 2658 174 2728 hoc
211 2671 323 2749 pacto
357 2653 465 2726 laesa·
492 2652 606 2725 luisse
640 2653 923 2748 quodammodo
958 2654 1038 2726 iura
1069 2677 1113 2726 ac
1150 2651 1344 2750 privilegia
1376 2652 1602 2728 Auditorum

97 2780 137 2853 S.
170 2780 304 2852 Rotae.
335 2778 484 2851 Etenim
513 2801 597 2850 cunr
627 2775 719 2856 Nos,
750 2791 884 2870 utpote
915 2777 1102 2851 Pontificis
1131 2777 1350 2851 subdiaconi
1378 2793 1418 2852 et
1437 2777 1601 2875 Cappel·

95 2905 183 2988 lani,
215 2904 392 2977 continuo
410 2901 588 2976 fuerimus
609 2925 676 2996 per
695 2902 893 2996 ipsiusmet
913 2899 1100 2975 Pontificis
1119 2901 1410 2976 nominationem
1430 2904 1466 2975 in
1488 2902 1601 2977 Ordi-

96 3055 185 3102 nem
216 3028 397 3101 Nostrum
425 3027 605 3123 cooptati,
635 3025 834 3100 videbatur
863 3027 1013 3100 minime
1050 3026 1190 3099 decens
1227 3026 1320 3116 fore,
1349 3042 1391 3100 ut
1428 3029 1463 3101 in
1496 3053 1602 3124 prae-

95 3155 195 3229 senti
226 3150 377 3226 Praesul
406 3152 562 3226 Serahni
589 3175 612 3224 a
641 3149 918 3225 Commissione
947 3153 1079 3225 Status
1108 3153 1374 3228 nominaretur.
1411 3153 1600 3227 Concordi

97 3283 229 3373 itaque
257 3277 381 3350 animo
409 3275 652 3360 decrevimus,
683 3275 849 3350 adhibito
877 3278 926 3348 ad
954 3276 992 3349 id
1019 3274 1166 3374 collega
1184 3293 1316 3350 nostro
1337 3278 1435 3374 de.
1463 3279 1605 3352 Mertel

95 3403 167 3501 qui
195 3401 459 3476 Commissioni
487 3402 609 3475 eidem
638 3415 699 3473 est
725 3401 909 3484 addictus,
940 3401 1078 3474 haecce
1108 3400 1370 3475 Cardinalibus
1398 3427 1600 3499 exponere,

95 3553 214 3626 prece
243 3524 372 3600 addita
399 3540 450 3612 ut,
482 3541 626 3599 remota
655 3525 791 3620 prioris
819 3525 1085 3600 nominationis
1113 3525 1303 3611 schedula,
1325 3526 1445 3599 altera
1469 3526 1604 3600 ineius

94 3655 225 3728 locum
254 3650 497 3734 sufficeretur,
533 3675 580 3722 ex
612 3674 688 3744 qua
716 3651 979 3736 innotesceret,
1020 3650 1206 3724 Praesulis
1242 3650 1399 3723 Serafini
1435 3651 1603 3725 nomina-

95 3779 241 3852 tionem
270 3803 294 3850 a
321 3776 478 3850 Summo
506 3775 590 3871 ipso
619 3773 795 3848 Pontifice
824 3775 1068 3871 processisse.

838 4053 858 4096 ’lt

816 4115 879 4158 Η

705 4272 749 4344 25
781 4251 853 4325 ian.
890 4256 1000 4346 1850.

183 4428 309 4503 Hodie
338 4430 436 4525 de.
477 4453 583 4502 meus
622 4427 758 4502 Mertel
794 4428 881 4502 tulit
918 4454 1141 4526 responsum
1186 4430 1441 4506 Cardinalium
1480 4432 1544 4529 qui
1581 4457 1603 4505 a

93 4552 377 4630 Commissione
415 4567 538 4625 status
567 4567 665 4625 sunt.
704 4549 778 4644 Qui
816 4552 968 4649 quidem
1005 4577 1045 4625 re
1083 4569 1123 4626 et
1155 4553 1254 4627 facto
1282 4553 1406 4649 palam
1435 4553 1604 4628 fecerunt

91 4671 284 4778 quantum
313 4679 476 4752 iustitiae
506 4701 672 4750 consona
700 4677 810 4750 suerit
839 4679 970 4775 petitio
999 4695 1141 4754 nostra.
1173 4677 1420 4777 Quapropter
1451 4694 1489 4754 et
1526 4683 1602 4755 sui-

91 4808 198 4881 fecta
226 4819 285 4877 est
311 4802 383 4877 alia
412 4802 593 4876 schedula
621 4802 884 4876 nominationis
911 4827 958 4876 ex
978 4827 1054 4898 qua
1073 4822 1243 4902 apparet,
1265 4804 1366 4880 Sum.
1386 4803 1600 4880 Pontificem

91 4930 314 5004 nominasse
344 4927 558 5000 Praesulem
586 4926 746 5000 Serahni
773 4926 811 5002 S.
844 4929 966 5001 Rotae
993 4929 1240 5016 Auditorem;
1280 4944 1320 5002 et
1351 4929 1444 5004 haec
1483 4931 1602 5003 nomi-

91 5055 202 5130 natio
230 5052 365 5148 publici
394 5051 482 5124 iuris
511 5049 609 5124 sacta
636 5068 707 5126 est.
