3720 5916
215 329 270 390 342
853 336 990 396 soeculo
1008 335 1038 396 X
1048 335 1110 396 VII

214 549 397 615 creamus,
437 526 591 602 iacimus
632 543 673 603 et
709 528 944 616 instituimur,
984 529 1142 624 illasque
1180 529 1231 603 sic
1272 543 1419 603 erectas
1456 543 1496 600 et
1522 527 1710 600 institutas

218 649 339 725 Monti
368 652 473 726 Pacis
501 651 746 728 Notariorum
773 670 1006 751 nuncupatas
1034 651 1149 728 alias¹
1181 677 1250 748 per
1277 652 1335 729 fel.
1367 677 1439 727 rec.
1471 650 1615 724 Sixtum
1647 649 1712 724 Pa-

216 801 304 872 pam
341 776 376 848 V
415 778 748 854 praedecessorem
787 795 955 854 nostrum
993 780 1042 852 ad
1080 779 1261 852 rationem
1299 792 1392 852 scut.
1432 777 1598 874 quinque
1631 801 1712 848 cum

216 919 352 999 quarta
378 919 487 998 parte
513 904 667 978 alterius
686 905 782 980 scuti
801 904 929 979 similis
949 919 1123 978 monetae
1141 928 1211 999 pro
1230 902 1399 1000 quolibet
1417 903 1499 976 loco
1519 900 1714 997 impositas

214 1045 253 1100 et
281 1027 482 1112 institutas,
512 1043 625 1124 prout
652 1029 687 1102 in
716 1030 884 1103 eiusdem
915 1028 1219 1102 praedecessoris
1247 1027 1380 1102 litteris
1408 1027 1573 1122 desuper
1600 1050 1714 1120 expe-

216 1152 303 1225 ditis
330 1176 430 1226 anno
465 1155 534 1246 158
541 1175 575 1244 5.
593 1153 643 1224 lV
675 1153 759 1228 Kal.
780 1155 944 1250 Augusti
964 1154 1075 1226 latius
1094 1151 1315 1238 continetur,
1337 1151 1521 1237 addimus,
1553 1150 1711 1232 unimus,

216 1275 476 1373 coniungimus
504 1292 544 1350 et
572 1279 863 1372 incorporamus,
895 1277 1111 1373 dictumque
1140 1275 1310 1349 Montem
1331 1273 1436 1348 Pacis
1455 1276 1505 1349 ad
1532 1274 1605 1347 alia
1632 1273 1715 1346 loca

215 1403 456 1498 septingenta
485 1418 631 1497 septem
662 1400 707 1504 ¹l,
737 1403 974 1476 extendimus
1002 1416 1041 1475 et
1072 1425 1267 1498 augemus,
1304 1399 1427 1495 illique
1465 1401 1517 1472 sic
1554 1416 1715 1472 extenso

215 1540 255 1599 et
282 1540 403 1610 aucto,
433 1543 472 1600 et
499 1524 602 1613 locis,
632 1542 672 1600 et
699 1528 932 1624 portionibus
961 1527 1013 1599 sic
1045 1525 1182 1599 additis
1219 1541 1257 1598 et
1296 1523 1405 1596 unitis
1439 1546 1510 1620 pro
1546 1548 1715 1620 congrua

217 1653 316 1736 dote,
348 1668 387 1724 et
413 1653 546 1724 annuis
564 1650 744 1726 fructibus
762 1653 811 1725 ad
830 1651 991 1724 eandem
1017 1652 1198 1724 rationem
1219 1665 1411 1723 scutorum
1430 1649 1597 1743 quinque
1629 1674 1714 1720 curn

215 1793 352 1872 quarta
396 1791 503 1871 parte
522 1776 676 1850 alterius
695 1777 790 1850 scuti
818 1801 888 1872 pro
907 1775 1074 1872 quolibet
1101 1775 1195 1860 loc0,
1215 1793 1254 1848 et
1282 1775 1453 1870 portione
1480 1789 1519 1846 et
1548 1772 1716 1869 quolibet

215 1901 392 1975 bimestre
421 1900 456 1972 in
477 1900 549 1974 fine
577 1927 647 1996 pro
668 1918 747 1976 rata
767 1901 1027 1998 persolvendis
1047 1901 1183 1974 dictam
1202 1923 1362 1973 annuam
1384 1922 1568 1972 summam
1589 1913 1716 1970 scuto-

216 2049 296 2096 rum
318 2041 479 2120 quatuor
498 2025 650 2098 millium
669 2026 887 2124 octuaginta
902 2041 1076 2098 monetae
1096 2023 1270 2099 Iuliorum
1292 2022 1330 2096 X
1350 2048 1418 2120 pro
1438 2039 1546 2096 scuto
1564 2048 1612 2095 ex
1631 2049 1716 2096 con-

217 2151 386 2224 cessione
405 2150 467 2226 dd.
491 2166 757 2246 scripturarum
776 2151 981 2225 officiorum
1003 2148 1245 2224 Notariorum
1265 2149 1518 2246 praefatorum
1538 2164 1580 2220 ut
1599 2172 1716 2244 supra

216 2273 505 2371 persolvendam
533 2277 582 2348 ad
611 2275 747 2348 dictam
779 2275 959 2349 rationem
980 2292 1072 2348 scut.
1101 2278 1147 2368 85
1171 2299 1240 2370 pro
1260 2273 1427 2370 quolibet
1447 2271 1618 2359 Notario,
1640 2273 1715 2345 sin-

213 2397 313 2495 gulis
341 2398 459 2485 annis,
489 2398 524 2471 in
555 2414 675 2471 totum
703 2397 840 2472 dictam
869 2423 1030 2472 annuam
1059 2423 1243 2472 summam
1273 2415 1366 2476 scut.
1396 2395 1713 2493 quatuormillium

214 2523 432 2620 octuaginta
459 2523 762 2607 constituentem,
793 2537 922 2596 tenore
951 2522 1206 2618 praesentium
1239 2538 1424 2618 perpetuo
1461 2521 1713 2605 concedimus,

213 2645 456 2742 applicamus,
485 2647 785 2743 appropriamus,
815 2665 854 2719 et
881 2647 1120 2742 assignamus
1157 2646 1460 2742 applicatamque
1491 2645 1714 2741 appropria·

213 2783 290 2844 tam
310 2787 349 2843 et
367 2773 598 2868 assignatam
614 2797 701 2844 esse
720 2771 893 2844 volumus
907 2767 937 2856 ;²
958 2789 997 2844 et
1018 2771 1261 2867 Depositario
1276 2771 1364 2844 dicti
1383 2771 1525 2844 Montis
1540 2770 1714 2844 volumus

214 2912 253 2968 et
281 2897 502 2969 mandamus
530 2897 633 2994 quod
661 2897 749 2970 dicti
777 2896 922 2970 Notarii
963 2912 1004 2969 et
1039 2896 1184 2970 illorum
1224 2895 1435 2993 Collegium
1463 2895 1562 2992 dicta
1590 2919 1714 2970 annua

116 3023 120 3034 '
215 3036 307 3096 scut.
339 3025 444 3112 4080
486 3037 659 3095 monetae
701 3021 873 3096 Iuliorum
912 3019 960 3107 X,
1000 3046 1070 3118 pro
1111 3036 1219 3096 scuto
1247 3020 1416 3118 quolibet
1452 3043 1550 3094 anno
1591 3020 1713 3093 eidem

216 3146 337 3218 Monti
366 3162 407 3218 ut
435 3170 549 3241 supra
576 3146 771 3242 assignata
811 3162 851 3218 et
888 3144 1156 3242 hypothecam
1191 3145 1334 3220 eisdem
1364 3145 1540 3227 terminis,
1581 3144 1714 3217 harum

215 3270 347 3366 vigore
374 3270 572 3342 dumtaxat
599 3285 640 3341 ut
669 3294 793 3364 supra,
824 3253 1128 3365 persolvanturz³
1150 3267 1365 3343 facultatem
1384 3285 1511 3342 autem
1530 3283 1570 3340 et
1588 3283 1714 3340 aucto-

214 3394 362 3467 ritatem
391 3393 553 3490 eligendi
580 3409 621 3467 et
646 3391 853 3490 deputandi
884 3393 1158 3490 Depositarios,
1180 3393 1442 3480 Secretarium,
1463 3411 1501 3467 et
1517 3391 1715 3488 Computi-

215 3534 311 3592 stam
340 3517 552 3592 huiusmodi
570 3517 771 3592 additionis
790 3535 830 3592 et
856 3519 1051 3616 augmenti
1078 3518 1165 3591 dicti
1194 3520 1335 3594 Montis
1364 3518 1516 3592 liberam
1559 3517 1714 3591 faculta-

214 3662 292 3719 tem
329 3660 369 3719 et
403 3643 666 3716 auctoritatem
694 3645 927 3740 impertimur
964 3659 1004 3718 et
1040 3645 1280 3718 concedimus
1321 3644 1422 3717 dicto
1458 3641 1715 3715 Thesaurario

216 3785 345 3842 nostro
374 3767 550 3840 Generali
592 3793 676 3840 cum
702 3768 1013 3862 promissionibus
1040 3783 1079 3842 et
1113 3767 1287 3840 clausulis
1321 3767 1422 3840 dicto
1459 3765 1715 3840 Thesaurario

213 3908 343 3966 nostro
371 3891 547 3988 generali,
578 3891 764 3966 benevisis
778 3891 807 3978 3⁴
838 3917 992 3978 necnon,
1015 3891 1157 3966 eisdem
1176 3892 1399 3966 auctoritate
1419 3908 1458 3966 et
1476 3908 1618 3979 tenore,
1641 3907 1716 3964 sta-

214 4018 352 4089 tuimus
381 4015 483 4112 quod
512 4041 772 4113 quaecumque
800 4031 839 4090 et
868 4018 1063 4112 utriusque
1102 4043 1216 4091 sexus
1254 4042 1438 4113 personae
1475 4040 1573 4111 quae
1610 4015 1715 4089 iuxta

213 4143 442 4238 primaevam
470 4141 557 4216 dicti
587 4141 727 4216 Montis
745 4143 972 4216 erectionem
1000 4141 1168 4216 locorum
1188 4141 1282 4216 illius
1299 4167 1459 4236 capaces
1479 4158 1576 4226 sunt,
1597 4165 1714 4236 quas-

213 4291 374 4362 cumque
411 4267 653 4362 pecuniarum
695 4268 926 4362 quantitates
954 4267 990 4338 in
1019 4268 1153 4342 eodem
1197 4267 1329 4340 Monte
1371 4291 1492 4362 usque
1523 4265 1573 4338 ad
1611 4290 1714 4338 sum-

215 4416 314 4465 mam
343 4391 405 4467 dd.
439 4415 511 4485 777
532 4391 575 4492 ¹1,
606 4391 772 4464 locorum
791 4391 1017 4477 additorum,
1047 4417 1188 4487 ponere
1216 4408 1255 4464 et
1284 4408 1359 4464 tam
1390 4393 1493 4486 ipsae
1525 4414 1712 4486 personae

113 4577 116 4586 .
213 4538 327 4612 quam
355 4518 403 4589 ab
431 4516 486 4589 eis
514 4541 664 4589 causam
694 4517 817 4589 etius
845 4517 1029 4590 babentes
1056 4516 1198 4591 fructus
1216 4517 1265 4590 ad
1285 4517 1468 4589 rationem
1488 4531 1580 4590 scut.
1603 4514 1711 4612 quin-

294 4775 482 4834 ¹Institutio
508 4775 628 4834 Montis
647 4777 739 4835 Pacis
766 4793 824 4852 per
848 4777 900 4836 tei.
924 4793 987 4836 rec.
1012 4776 1139 4838 Sixtum
1159 4776 1190 4834 V
1214 4777 1355 4852 impositi
1379 4793 1467 4836 anno
1493 4777 1571 4849 1585,
1595 4779 1614 4836 t
1641 4777 1710 4836 Kal.

217 4866 367 4940 Augusti.

162 5013 173 5030 ,
291 4955 302 4988 ²
322 4953 444 5012 Notarii
454 4969 495 5012 ex
513 4956 720 5014 concessione
733 4956 970 5029 scripturarum
981 4963 1154 5016 teneantur
1166 4957 1295 5015 solvere
1316 4957 1458 5033 quolibet
1476 4971 1564 5016 anno
1583 4956 1712 5031 Deposi-

212 5044 295 5102 tario
313 5041 430 5102 Montis
449 5041 541 5102 Pacis
559 5053 640 5104 scut.
657 5044 730 5104 4080
748 5053 904 5119 monetae,
923 5053 1003 5103 scut.
1021 5046 1059 5104 85
1077 5061 1135 5119 pro
1153 5045 1303 5118 quolibet,
1321 5046 1362 5105 de
1380 5045 1535 5104 bimestre
1558 5045 1594 5104 in
1614 5045 1710 5104 bime·

215 5139 283 5191 stre
296 5134 329 5190 in
348 5131 412 5190 fine
430 5139 463 5190 et
481 5132 565 5190 dicto
584 5133 685 5191 Monti
703 5133 878 5206 assignata.

289 5222 301 5256 ³
319 5218 433 5280 Cessio
452 5221 610 5280 facultatis
627 5220 848 5282 Thesaurario
865 5222 1007 5296 eligendi
1024 5222 1265 5296 depositarium,
1285 5222 1507 5296 secretarium,
1531 5231 1564 5281 et
1585 5239 1711 5299 compu-

213 5312 322 5372 tistam
340 5310 514 5369 additionis
532 5309 661 5370 Montis.

293 5401 304 5435 ⁴
323 5396 415 5470 Quod
433 5399 656 5473 unusquisque
675 5399 774 5474 possit
792 5414 902 5458 emere
921 5400 1001 5457 haec
1020 5400 1088 5458 loca
1107 5399 1226 5460 Montis
1244 5407 1279 5460 ut
1297 5415 1396 5476 supra
1414 5399 1533 5460 addita.
