3688 5924
240 385 260 444 6
885 382 1022 442 Soeculo
1040 381 1131 440 XIII
1180 469 1183 475 Ι

241 593 427 674 ponerent
458 578 561 673 quod
589 577 900 652 Sanctimoniales
929 576 970 652 B.
1002 577 1055 654 M.
1075 577 1111 650 in
1140 602 1274 674 campo
1304 577 1436 650 Martis
1464 593 1603 651 statum
1632 601 1743 674 paro-

241 703 407 778 chiarum
440 723 603 777 suarum>
620 702 813 798 multiplici
831 719 913 775 arte
932 704 1139 789 turbarent,
1161 703 1256 777 hanc
1275 727 1428 776 causam
1448 703 1621 777 dominus
1642 703 1744 799 Papa

242 829 350 903 nobis
378 827 605 902 audiendam
635 827 818 900 commisit
829 883 892 901 .....
923 824 1071 919 Quibus
1099 827 1272 901 omnibus
1298 825 1446 914 auditis,
1468 844 1628 926 utraque
1655 853 1743 924 pars

243 978 336 1051 sepe
371 967 410 1027 et
438 954 566 1049 sepius
604 953 634 1026 si
669 953 760 1049 quid
793 954 879 1026 novi
915 952 1057 1026 addere
1086 950 1234 1036 vellent,
1266 968 1307 1026 ut
1339 953 1429 1026 iuris
1461 965 1499 1025 et
1533 953 1647 1026 moris
1684 970 1745 1026 est

242 1103 265 1152 a
293 1078 401 1152 nobis
429 1077 674 1176 interrogata,
696 1077 774 1151 suis
803 1076 1091 1176 allegationibus
1119 1078 1167 1150 de
1196 1077 1382 1152 communi
1409 1076 1602 1151 voluntate
1629 1095 1668 1152 et
1696 1078 1744 1150 de

243 1201 397 1276 consilio
424 1202 696 1277 advocatorum
725 1203 968 1277 renuntiavit:
1000 1202 1097 1276 lacta
1124 1201 1251 1298 itaque
1278 1202 1327 1275 ab
1345 1218 1506 1297 utraque
1526 1219 1634 1297 parte
1652 1201 1744 1276 rela-

242 1327 356 1415 tione,
395 1341 437 1400 ut
480 1326 619 1401 dictum
656 1344 726 1410 est,
765 1344 804 1400 et
840 1329 992 1401 testium
1029 1327 1338 1424 depositionibus,
1369 1340 1546 1422 presente
1583 1341 1744 1423 utraque

243 1467 362 1549 parte,
383 1452 558 1550 perlectis
584 1468 624 1526 et
652 1453 859 1548 publicatis,
890 1455 1014 1526 omnia
1033 1453 1220 1528 seriatim:
1251 1451 1401 1525 domini.
1418 1451 1518 1548 Pape
1538 1449 1745 1526 Clementis

244 1575 424 1652 mandato
451 1592 490 1650 et
516 1578 750 1664 auctoritate,
780 1595 819 1652 et
846 1602 1031 1652 consensu
1060 1594 1099 1652 et
1127 1577 1321 1651 voluntate
1349 1575 1613 1663 Cardinaliurn,
1631 1576 1744 1650 talem

245 1702 467 1799 protulimus
496 1703 719 1776 sententiam
732 1759 794 1778 .....

325 1825 407 1899 Nos
435 1825 592 1900 Alexius
603 1883 666 1902 .....
697 1844 738 1900 et
765 1827 949 1902 lohannes
961 1884 1023 1902 .....
1056 1827 1287 1912 Cardinales,
1316 1851 1338 1898 a
1366 1825 1519 1899 domino
1548 1825 1745 1900 Clemente

248 1949 349 2048 Papa
376 1949 541 2049 delegati
570 1975 686 2048 super
712 1952 867 2048 querela
880 2010 940 2026 .....

980 2353 1016 2430 5.

249 2565 479 2640 Innocentius
506 2538 580 2640 Ill
599 2566 860 2663 (1198·1216)
885 2563 1134 2640 Camellan'ae
1160 2565 1280 2660 officia
1306 2564 1531 2648 moderatur,
1552 2591 1595 2637 ac
1621 2571 1679 2636 ter
1705 2565 1743 2636 in

328 2689 552 2764 hebdomada
561 2689 705 2790 publice
721 2690 971 2764 concz'slorznm
989 2688 1182 2776 celebrum,
1202 2689 1242 2762 in
1259 2715 1298 2762 no
1324 2691 1483 2762 minores
1500 2713 1632 2762 causas
1658 2713 1744 2762 exa·

328 2818 443 2890 minat
471 2840 538 2912 per
566 2813 670 2900 alios,
700 2815 857 2888 Μαίονος
883 2823 1004 2888 annm
1025 2826 1097 2912 per
1123 2841 1169 2889 se.

323 2985 504 3060 (Butuntos,
529 2985 653 3046 «Gesta
672 2983 929 3044 InnocentiiIII
943 2989 999 3044 etc.
1011 2983 1058 3044 ad
1074 2983 1304 3058 Epistularum
1325 2984 1436 3043 Innoc.
1449 3009 1475 3058 »,
1493 2984 1546 3042 cit.
1567 2982 1672 3056 Edit).

327 3221 475 3298 XLL...
506 3223 606 3296 lnter
641 3246 773 3296 omnes
808 3223 937 3318 itaque
969 3236 1097 3319 pestes
1134 3221 1264 3297 habuit
1299 3221 1538 3297 venalitatem
1576 3246 1745 3306 exosam,

245 3347 416 3445 cogitans
444 3345 606 3443 qualiter
637 3347 721 3420 eam
759 3363 893 3443 posset
919 3372 941 3420 a
970 3347 1015 3422 R.
1047 3346 1215 3421 Ecclesia
1249 3347 1448 3443 extirpare.
1479 3347 1614 3422 Statim
1646 3349 1747 3420 enim

245 3473 331 3558 fecit
354 3472 509 3546 edz'ctnm
537 3487 578 3544 ut
615 3470 738 3545 nullus
777 3471 986 3545 officialium
1025 3471 1161 3546 Curiae
1199 3496 1291 3545 suae
1325 3471 1525 3567 quicquam
1563 3473 1746 3570 exigeret,

245 3612 397 3693 praeter
426 3597 529 3671 solos
557 3595 760 3693 scriptores
788 3615 828 3670 et
855 3593 1073 3680 bullatores,
1091 3597 1228 3692 quibus
1256 3611 1382 3670 tamen
1415 3613 1558 3670 certum
1586 3596 1744 3671 modum

245 3721 426 3818 praefixit,
448 3720 616 3810 districte
644 3721 879 3818 praecipiens
909 3735 950 3792 ut
978 3719 1114 3818 singuli
1143 3746 1252 3794 suum
1280 3720 1441 3795 officium
1467 3721 1588 3820 gratis
1607 3722 1749 3817 impen-
1835 3709 1836 3786 l

243 3846 388 3926 derent‚
410 3845 596 3940 recepturi
624 3859 821 3942 gratanter
839 3844 870 3917 si
889 3843 980 3940 quid
998 3843 1053 3917 eis
1074 3844 1242 3942 gratuito
1264 3846 1479 3919 donaretur.
1502 3844 1606 3918 Fecit
1633 3845 1750 3942 igitur

246 3970 433 4045 Ostiarios
461 3995 484 4043 a
512 3969 755 4044 Notariorum
781 3970 942 4044 cameris
979 3970 1157 4056 amoveri,
1186 3985 1228 4042 ut
1255 3969 1369 4043 libere
1406 3969 1455 4044 ad
1490 3994 1558 4043 eos
1596 3986 1749 4066 pateret

243 4120 466 4171 accessus...
498 4095 639 4168 Terin
666 4094 889 4169 hebdomoda
918 4089 1087 4169 solemne
1114 4095 1390 4182 consistorium,
1410 4097 1510 4194 qnod
1526 4095 1566 4170 in
1585 4095 1747 4168 desuetu-

243 4220 366 4295 dinem
392 4222 469 4294 iam
494 4227 697 4303 devenerat,
732 4218 879 4317 publice
911 4219 1137 4305 celebrabat,
1167 4220 1203 4294 in
1235 4245 1313 4316 quo
1339 4220 1477 4294 auditis
1505 4219 1748 4316 querimoniis

246 4344 489 4444 singulorum,
530 4346 693 4419 minores
729 4370 865 4418 causas
903 4345 1139 4419 examinabat
1174 4369 1244 4440 per
1279 4342 1382 4430 alios,
1418 4345 1579 4418 maiores
1620 4360 1749 4418 autem

247 4469 452 4544 ventilabat
479 4483 548 4566 per
575 4495 661 4544 se...
776 4513 781 4526 ·
