3720 5914
781 287 877 348 Sixto
896 288 920 347 I
922 287 951 350 V
1563 287 1619 350 209

110 480 321 557 modolibet
338 481 444 578 penis
463 497 530 555 aut
547 481 715 554 censuris
734 479 772 554 in
790 495 894 554 certo
913 478 1093 562 mundato
1112 495 1243 554 nostro
1261 480 1457 566 contentis,
1475 480 1618 555 directo
1665 503 1668 508 ·

110 605 328 681 Venerabili
355 605 461 681 fratri
488 621 620 680 nostro
650 605 837 680 Roderico
865 604 1058 701 Episcopo
1087 604 1262 679 Portuen.
1292 603 1330 678 S.
1361 604 1406 680 R.
1438 605 1481 682 E.
1507 604 1618 680 Vice-

109 731 332 806 cancellario
360 754 476 827 super
503 729 731 805 admissione
757 729 953 803 'cuiusdam
983 728 1171 803 Francisci
1191 729 1326 804 Brevio
1346 729 1425 828 (sic)
1442 745 1615 806 veneten.

110 853 162 926 ad
191 851 350 928 offitium
379 852 616 928 auditoratus
636 853 754 927 Rote:
784 850 994 926 inhibentes
1022 851 1144 926 eidem
1173 877 1220 927 ne
1248 854 1298 928 ad
1332 853 1497 950 aliquam
1528 880 1616 930 exe-

111 979 302 1053 cntionem
331 978 516 1053 dictarum
545 1002 728 1074 penarum
755 992 795 1051 et
821 1000 1066 1051 censurarum
1085 995 1217 1052 contra
1235 978 1391 1052 eosdem
1410 980 1616 1056 Auditores

111 1128 182 1176 seu
219 1101 379 1176 alterum
415 1125 558 1186 eorum,
588 1102 782 1198 procedat.
818 1099 1079 1176 Decernentes
1106 1099 1363 1177 nichilominus
1398 1103 1540 1178 irritum
1577 1119 1618 1178 et

110 1228 223 1302 inane
249 1227 280 1302 si
312 1252 424 1302 secus
462 1226 573 1302 suerit
610 1240 897 1323 attemptatum
926 1226 1028 1301 dicto
1064 1227 1244 1301 mandato
1278 1241 1318 1301 et
1344 1228 1425 1302 aliis
1457 1229 1493 1303 in
1528 1254 1618 1304 con-

110 1353 267 1426 trarium
296 1352 517 1428 facientibus
548 1377 622 1426 non
649 1351 888 1426 obstantibus
915 1351 1226 1450 quibuscumque.

192 1477 332 1553 Placet.
363 1473 414 1552 F.
1166 1471 1169 1478 λ
1484 1561 1488 1574 ,

185 1598 330 1706 (veno)
359 1600 533 1678 inhibitio
562 1601 661 1677 lacta
688 1627 758 1699 per
786 1602 925 1699 Papam
954 1601 1268 1678 Vicecancellario
1296 1627 1342 1678 ne
1371 1605 1551 1700 procedat
1567 1602 1616 1680 ad

110 1728 375 1802 executionem
404 1751 585 1825 penarum
623 1742 883 1804 contentarum
902 1727 946 1826 (i)
977 1727 1012 1800 in
1046 1727 1226 1803 mandato
1261 1727 1446 1804 Francisci
1481 1729 1615 1804 Brevii.

858 1991 878 2035 *

830 2053 906 2098 *ἡ

125 2189 394 2264 «Mandatum
422 2201 523 2289 papa
559 2188 665 2264 Sixti
696 2188 800 2264 curas
833 2189 959 2287 vigore
984 2189 1070 2284 ficit
1097 2187 1282 2264 admissus
1317 2189 1354 2262 d.
1393 2188 1617 2264 Franciscus

201 2343 221 2384 c
239 2313 509 2411 rastasm‘plus
534 2313 612 2388 sim
638 2314 807 2388 exama'm
832 2322 869 2387 et
891 2313 969 2388 sine
995 2313 1125 2412 aliqua
1150 2311 1377 2387 observantia
1396 2313 1616 2388 consuluisa-

201 2468 221 2508 «
240 2463 340 2524 num,
369 2439 507 2512 amasa
532 2438 914 2513 cxcommum'catabnis
939 2446 975 2511 et
989 2437 1155 2512 altarum
1166 2449 1375 2535 poenarum
1392 2437 1451 2512 die
1469 2439 1545 2514 III
1553 2439 1616 2513 de·

202 2561 395 2637 «cambris
422 2565 575 2658 14821».
596 2605 623 2618 -
650 2563 711 2636 lta
737 2562 869 2637 cedula
896 2564 937 2637 in
962 2587 1077 2638 verso.

192 2717 315 2790 (Asca.
334 2717 422 2792 Ron,
447 2717 703 2778 «Admr'ssrbnes
715 2743 741 2792 »,
759 2717 853 2778 Sixto
870 2719 893 2778 I
896 2717 931 2791 V,
948 2736 979 2778 n.
998 2717 1060 2790 15).

1291 2861 1370 2935 1482,
1389 2862 1572 2922 decembris
1589 2859 1616 2919 3.
1725 2835 1732 2859 l

697 2945 699 2950 Ι
803 2971 931 3048 Sixtus

193 3115 303 3191 Motu
333 3115 486 3214 proprio
514 3113 742 3191 Mandamus
770 3117 916 3192 dilectis
944 3115 1027 3192 filiis
1055 3115 1269 3216 Capellanis
1297 3118 1436 3194 nostris
1454 3119 1617 3194 Audito-

109 3243 216 3316 ribus
244 3241 353 3329 Rote,
384 3254 572 3338 quatenus
599 3266 668 3338 per
695 3257 815 3316 totam
842 3239 942 3317 diem
969 3241 1118 3316 tertiam
1137 3243 1324 3340 presentis
1343 3244 1483 3318 mensis
1501 3245 1617 3318 admi-

111 3365 211 3439 sisse
239 3366 406 3439 debeant
433 3381 472 3439 et
499 3364 702 3442 admittant
728 3363 905 3441 dilectum
924 3365 1038 3439 hlium
1059 3364 1298 3441 Franciscum
1318 3367 1505 3454 Brevium,
1526 3367 1615 3444 iuris

111 3489 311 3588 utriusque
338 3490 545 3577 doctorem,
575 3488 612 3564 in
640 3507 680 3565 et
707 3491 755 3566 ad
783 3489 945 3568 officium
974 3490 1222 3567 auditoriatus
1249 3517 1333 3567 cum
1366 3491 1539 3567 omnibus
1574 3511 1616 3570 et

112 3614 273 3715 singulis
298 3613 504 3691 honoribus
532 3631 571 3691 et
598 3615 776 3692 oneribus
808 3617 1010 3704 consuetis,
1041 3617 1143 3691 iuxta
1180 3616 1357 3692 mandata
1393 3633 1524 3692 nostra
1559 3619 1615 3694 eis

110 3738 206 3816 alias
233 3765 302 3839 per
329 3764 398 3817 nos
425 3743 510 3817 vive
539 3742 642 3816 vocis
670 3739 822 3820 oraculo
850 3741 968 3816 lacta:
998 3757 1039 3816 et
1065 3741 1136 3816 hoc
1164 3744 1236 3817 sub
1263 3767 1361 3839 pena
1397 3769 1615 3818 excommu-

113 3857 310 3940 nicationis
337 3864 412 3941 late
441 3867 626 3942 sententie
654 3883 694 3941 et
720 3865 948 3974 privationis⁴
970 3866 1197 3956 officiorum3
1234 3893 1331 3966 quas
1366 3892 1510 3967 poenas
1546 3894 1615 3944 eos

112 4005 313 4064 eteorum
341 3989 547 4086 quemlibet
575 3992 763 4067 incurrere
790 3973 975 4078 volumus,
1006 3990 1038 4066 si
1064 3990 1360 4080 contrafecerint,
1393 3992 1475 4089 ipso
1503 3991 1614 4069 lacto.

113 4113 202 4188 Non
229 4114 469 4190 obstantibus
496 4115 793 4212 quibuscumque
813 4115 1001 4189 mandatis
1019 4115 1169 4201 nostris,
1190 4117 1308 4190 verbo
1326 4115 1386 4190 vel
1405 4117 1441 4190 in
1465 4117 1614 4216 scriptis

111 4240 150 4312 in
178 4239 402 4318 contrarium
423 4239 616 4327 emanatis,
638 4239 784 4314 etiamsi
802 4254 905 4314 motu
925 4241 1089 4337 proprio,
1110 4238 1260 4338 quibus,
1280 4256 1384 4316 motu
1403 4257 1442 4315 et
1460 4243 1613 4317 scientia

112 4364 305 4449 similibus,
335 4389 404 4462 per
430 4378 629 4462 presentes
655 4388 837 4462 expresse
864 4364 1134 4463 derrogamus;
1154 4390 1199 4440 ac
1216 4364 1308 4453 aliis,
1330 4364 1367 4439 in
1388 4365 1613 4442 contrarium

111 4487 345 4578 facientibus,
376 4513 452 4564 non
489 4489 729 4565 obstantibus
760 4488 1070 4586 quibuscumque,
1099 4489 1213 4564 etiam
1249 4489 1329 4566 sine
1360 4490 1487 4586 aliquo
1524 4515 1613 4566 exa·

109 4615 211 4690 mine
240 4615 343 4712 quod
370 4615 448 4689 heri
475 4615 724 4690 consueverit.

191 4741 324 4816 Placet
347 4749 445 4850 anatra
465 4741 625 4842 propani>
651 4749 687 4814 et
710 4741 764 4814 ita
790 4739 1020 4816 mandamus.
1051 4740 1096 4814 F.
