3720 5916
729 317 859 378 Urbano
880 319 963 378 VIII
1532 321 1587 382 367

93 509 247 597 sionem;
279 511 406 586 Causa
438 527 519 586 erat
555 536 623 608 per
651 503 975 608 Compromissum
1005 512 1040 584 in
1070 512 1181 598 Rota,
1211 511 1314 607 quod
1349 513 1588 609 expiraverat

91 660 156 731 per
184 652 303 713 totum
323 661 491 710 mensem
510 635 663 732 Aprilis,
686 636 754 709 sed
782 635 914 710 aderat
942 637 1123 710 terminus
1151 653 1396 732 proservato;
1420 654 1586 712 attamen

93 757 313 865 DD[omini]
347 755 557 848 noluerunt,
588 776 629 832 ut
658 760 784 834 Causa
820 759 1072 857 expediretur,
1110 762 1177 834 sed
1212 761 1386 834 dixerunt
1419 762 1585 844 Ponenti,

90 902 128 958 ut
153 888 374 960 admoneret
403 886 533 959 Partes
561 886 611 956 ad
639 885 687 958 de
715 909 814 958 novo
842 886 1232 980 compromittendum,
1264 902 1307 958 ut
1333 911 1458 972 causa,
1489 911 1587 982 quae

91 1010 394 1106 inappellabiliter
422 1009 625 1108 pendebat,
655 1010 703 1083 de
732 1009 831 1106 stylo
868 1010 925 1083 bis
961 1027 1000 1083 et
1034 1011 1261 1084 accurratius
1299 1012 1585 1086 examinaretur,

797 1341 887 1420 232.

94 1498 229 1574 Causae
247 1503 463 1599 attzirgantcs
475 1527 657 1576 summam
671 1511 904 1576 scutarorum
922 1503 993 1576 boo
1011 1511 1169 1576 maeatae
1182 1493 1353 1577 debebant
1363 1505 1536 1578 committi
1547 1506 1586 1578 in

167 1627 266 1699 Rota
285 1670 311 1680 -
330 1628 370 1700 in
387 1627 612 1702 aestt'mando
638 1653 768 1701 causae
794 1628 920 1702 valore
946 1629 1044 1702 ratio
1066 1627 1266 1702 habebatur
1283 1653 1355 1702 non
1372 1628 1586 1703 cmdemna-

166 1751 284 1836 lionz's,
300 1752 570 1849 sedpctitt'ams.
586 1797 612 1808 -
627 1753 674 1825 In
692 1754 811 1826 causas
829 1752 1092 1846 beneficz'alzbus
1102 1753 1267 1852 propina
1282 1763 1366 1826 erat
1378 1777 1446 1827 100
1460 1780 1587 1828 aureo·

166 1902 253 1950 rum
281 1920 307 1931 -
333 1877 400 1950 sed
422 1877 459 1949 si
482 1875 688 1972 bamfia'am
705 1877 848 1972 farisei
872 1888 985 1966 tenue,
1015 1877 1163 1976 aliquid
1187 1879 1297 1964 Rota,
1325 1878 1482 1952 arbz'lria
1508 1904 1584 1964 sua,

164 2001 398 2074 condonabat.

164 2155 280 2228 (Anca.
299 2156 387 2228 Ros,
411 2155 633 2217 ‹Extractum
652 2156 773 2216 Dr'arr'i
790 2157 1008 2228 Otthoborrb).

551 2359 624 2432 Die
651 2357 799 2434 veneris
825 2381 868 2452 ¹3
899 2358 990 2432 Maii
1014 2365 1125 2451 1644.

171 2525 255 2594 106.
287 2517 432 2592 Diebus
466 2519 678 2614 praeteritis
716 2519 836 2592 Rri‘rus
867 2519 914 2594 D.
945 2517 1125 2592 Datarius
1154 2519 1202 2592 de
1228 2521 1359 2594 ordine
1388 2519 1427 2594 S.
1459 2519 1507 2595 D.
1538 2521 1585 2596 N.

89 2641 175 2716 dixit
202 2643 303 2716 ano
330 2641 542 2728 Sacchetto,
573 2641 797 2739 Signaturae
826 2642 991 2716 Iustitiae
1019 2642 1239 2740 dignissimo
1268 2643 1471 2728 Praefecto,
1492 2641 1588 2718 velle

90 2766 125 2842 S.
144 2766 271 2856 Suam,
293 2767 397 2863 quod
416 2791 548 2841 omnes
569 2766 719 2840 Causae
737 2792 836 2864 quae
855 2767 1047 2866 attingunt
1065 2793 1248 2842 summam
1269 2785 1459 2842 scutorum
1478 2770 1587 2866 quin-

89 2910 284 2990 gentorum
314 2908 500 2979 monetae,
523 2895 802 2966 committantur
829 2892 866 2965 in
895 2893 1044 2980 Rotam,
1066 2910 1106 2967 et
1124 2893 1195 2966 hoc
1214 2893 1326 2967 etiam
1347 2895 1468 2968 luerat
1486 2919 1587 2968 reso·

89 3015 200 3092 lutum
229 3019 268 3092 in
296 3018 459 3114 quadam
490 3017 799 3116 congregatione
822 3019 858 3090 in
878 3042 953 3114 qua
973 3017 1254 3092 intervenerunt
1274 3017 1432 3092 Praelati
1452 3019 1587 3092 Curiae

90 3142 378 3239 principaliores,

170 3291 254 3360 107.
288 3268 337 3341 Et
374 3282 499 3341 stante
536 3267 701 3340 iussione
735 3267 773 3342 S.
813 3267 862 3342 D.
898 3267 945 3340 N.
976 3282 1016 3340 et
1052 3264 1158 3363 Stylo
1194 3266 1363 3364 antiqu0,
1393 3266 1453 3340 die
1491 3266 1587 3342 lovis

90 3392 345 3486 praecedentis
375 3392 502 3468 Causa
528 3392 715 3489 quaedam
744 3391 909 3466 Alerien.
932 3391 1136 3478 Pensionis,
1157 3415 1256 3487 quae
1284 3417 1357 3466 non
1380 3391 1587 3466 excedebat

91 3541 270 3592 summam
290 3518 583 3616 quingentorum
611 3534 803 3591 scutorum
831 3533 1017 3604 monetae,
1040 3517 1107 3591 luit
1127 3516 1327 3591 commissa
1355 3517 1391 3590 in
1420 3519 1532 3590 Rota.

170 3646 254 3719 108.
277 3639 376 3736 Quia
403 3667 494 3716 vero
522 3643 557 3716 in
586 3641 685 3716 dicta
715 3642 842 3716 Causa
870 3643 1000 3738 petitio
1028 3658 1110 3716 erat
1137 3631 1429 3741 quingentorum
1457 3657 1584 3717 scuto-

91 3791 176 3852 rum,
200 3767 463 3842 condemnatio
485 3793 576 3841 vero
605 3783 857 3841 trecentorum
883 3764 942 3870 (?),
964 3781 1090 3842 tamen
1110 3767 1177 3840 fuit
1194 3768 1395 3842 commissa
1418 3767 1453 3841 in
1474 3767 1584 3852 Rota,

90 3892 172 3984 quia
199 3893 360 3966 habetur
387 3893 482 3966 ratio
511 3893 712 3990 petitionis,
743 3917 816 3966 non
846 3891 1175 3968 condemnationis.

171 4041 255 4108 109.
286 4017 319 4089 E
347 4040 531 4090 converso
558 4032 684 4090 autem
713 4017 750 4090 in
777 4017 910 4090 eadem
938 4017 1143 4116 Signatura
1170 4018 1355 4116 agebatur
1383 4017 1432 4091 de
1461 4018 1588 4092 Causa

92 4137 235 4214 Census
265 4158 403 4216 scutor.
426 4143 556 4214 decem
586 4167 655 4238 pro
683 4143 896 4216 centenario
924 4144 959 4215 in
989 4159 1091 4217 sorte
1120 4157 1312 4217 scutorum
1334 4165 1429 4235 300;
1459 4142 1588 4216 Causa

91 4287 160 4336 non
188 4267 256 4340 luit
284 4267 483 4341 commissa
512 4267 548 4338 in
576 4267 688 4352 Rota,
708 4266 797 4362 quia
825 4267 986 4340 habetur
1013 4268 1108 4340 ratio
1136 4267 1260 4352 sortis,
1286 4290 1361 4341 non
1389 4267 1585 4352 fructuum,

91 4389 198 4462 etita
227 4416 315 4464 esse
343 4391 492 4488 stylum,
516 4392 728 4464 testabatur
752 4390 799 4466 D.
823 4389 1044 4477 Ghislerius,
1064 4405 1103 4464 et
1121 4391 1260 4465 coeteri
1279 4416 1327 4465 ex
1346 4390 1587 4491 DD[ominis]

91 4513 328 4611 antiquiores.

174 4665 258 4716 110.
282 4641 321 4714 ln
350 4666 464 4714 causa
495 4641 700 4716 Bononien.
723 4641 1042 4738 lurispatronatus
1071 4663 1197 4713 coram
1223 4639 1362 4726 Bichio,
1383 4664 1481 4736 quae
1509 4657 1591 4714 erat

91 4761 124 4834 in
150 4765 398 4861 expeditione,
420 4764 552 4839 Victor
570 4767 768 4839 recusabat
787 4765 878 4838 dare
898 4766 1095 4861 propinam
1115 4782 1264 4837 centum
1284 4788 1482 4836 aureorum
1502 4764 1589 4861 quia

91 4887 306 4963 beneficium
339 4906 422 4964 erat
459 4891 731 4976 tenuissimum,
761 4907 801 4963 et
838 4893 920 4987 ipse
955 4915 1110 4986 pauper,
1143 4885 1368 4993 DD[omini]
1402 4889 1586 4974 dixerunt,

91 5014 189 5106 quod
218 5015 254 5086 in
283 5014 461 5090 similibus
489 5015 638 5088 casibus
673 5015 773 5088 Rota
810 5031 891 5090 erat
929 5015 1039 5090 solita
1075 5013 1217 5110 aliquid
1245 5014 1447 5100 remittere,
1477 5029 1589 5111 prout

89 5135 224 5212 sactum
253 5137 319 5213 luit
345 5139 499 5214 arbitrio
528 5139 871 5239 DD[ominorum].
