3718 5918
753 302 919 363 Clemente
938 303 1012 363 XII
1578 305 1633 365 505

128 493 367 569 confirmaret
380 519 458 593 quo
472 493 730 570 affirmabatur
749 497 784 569 in
799 496 908 570 dictis
923 495 1048 570 causis
1063 509 1146 570 tuto
1161 495 1314 593 procedi
1327 521 1453 594 posse,
1471 511 1631 593 utraque

1 635 8 646 '
130 633 276 692 tantum
295 635 403 714 parte
423 619 701 708 consentiente,
722 619 780 695 cui
800 621 951 716 quidem
981 619 1244 717 supplicationi
1263 620 1440 696 Clemens
1464 622 1632 696 Pontifex

4 764 8 806 ε
131 767 201 841 per
227 768 414 842 organum
441 745 477 820 b.
508 770 556 817 m.
587 744 736 818 Ioannis
765 744 950 819 Dominici
978 743 1016 819 S.
1038 746 1083 819 R.
1106 744 1149 820 E.
1181 743 1392 820 Cardinalis
1421 746 1632 822 Paracciani

3 927 7 934 ,
131 870 344 964 nuncupati,
384 885 474 942 tunc
508 869 565 942 sui
601 869 794 956 auditoris,
834 869 894 943 die
922 891 999 942 xxx
1037 870 1262 965 septembris
1290 871 1376 944 anni
1411 893 1544 944 noccn
1581 872 1632 954 ita

132 991 338 1090 rescripsit:
371 992 508 1084 Quoad
531 996 679 1068 tertium
707 995 784 1090 (ubi
803 994 941 1068 scilicet
969 994 1017 1069 de
1046 993 1115 1068 hoc
1144 993 1346 1097 agebatur)
1365 995 1516 1068 dabitur
1534 1021 1633 1070 resa·

130 1118 223 1192 latia
244 1127 438 1216 postquam
455 1120 641 1192 maturius
658 1119 912 1192 examinatum
928 1119 1058 1214 fiarr't
1082 1119 1242 1196 dubiam.
1272 1120 1429 1194 luania
1448 1119 1634 1196 Sanctitas

132 1241 212 1315 Sua
231 1243 407 1341 permz'sit
430 1244 580 1318 servari
603 1243 760 1318 salitum.

213 1366 301 1452 Sed,
331 1365 578 1455 nihilominus,
606 1368 730 1442 adhuc
757 1383 950 1442 crescente
988 1366 1214 1466 litigantium
1244 1368 1391 1455 malitia,
1421 1368 1634 1466 complures

1 1521 3 1548 =
131 1517 181 1566 ex
208 1490 252 1564 iis
281 1515 356 1566 non
383 1491 504 1566 solum
524 1493 560 1566 in
588 1493 711 1567 causis
739 1508 828 1589 post
857 1493 1078 1591 praestitum
1107 1517 1333 1568 consensum
1361 1493 1540 1590 exceptis,
1566 1495 1634 1570 sed

131 1615 247 1689 etiam
275 1630 364 1712 post
394 1615 518 1690 editas
553 1618 602 1692 ab
637 1617 723 1713 ipso
756 1639 953 1690 causarum
987 1614 1177 1691 auditorio
1210 1615 1431 1704 decisiones,
1461 1634 1500 1692 et
1537 1619 1633 1694 sorte

1 1773 3 1790 ι
131 1739 246 1814 etiam
273 1741 443 1836 prolatas
470 1741 504 1815 in
533 1743 655 1839 primo
683 1741 816 1828 reditu,
847 1766 962 1838 quem
989 1741 1105 1841 vulgo
1133 1756 1285 1816 turnum
1313 1741 1517 1840 appellant,
1549 1766 1636 1817 sen-

1 1935 2 1938 ,
132 1865 280 1952 tentias,
311 1865 385 1940 alio
412 1865 599 1941 declinare
628 1867 864 1942 studuerunt.

215 1987 345 2083 Quare
373 2004 416 2064 ut
443 2007 520 2066 tam
539 1993 683 2066 absona
711 2015 734 2065 a
762 2006 894 2066 nostro
920 1991 1107 2066 auditorio
1136 1991 1170 2066 in
1200 2017 1311 2066 unam
1336 1993 1512 2068 iustitiam
1542 2017 1636 2092 erga

132 2115 324 2212 quoslibet
351 2115 598 2190 exercendam
618 2113 792 2214 religiose
821 2115 1057 2199 incumbenti,
1079 2140 1160 2203 nos,
1182 2117 1280 2190 votis
1303 2118 1523 2191 eorumdem
1543 2116 1635 2193 dile·

134 2255 282 2314 ctorum
309 2238 468 2315 filiorum
497 2239 812 2327 obsecundantes,
841 2239 999 2337 provida
1027 2263 1116 2314 cura
1143 2265 1369 2329 arceremus,
1394 2242 1561 2342 quinque
1588 2267 1636 2316 ex

133 2389 220 2440 ven.
249 2365 426 2439 fratribus
453 2365 492 2441 S.
523 2365 567 2440 R.
599 2365 643 2440 E.
674 2363 936 2440 Cardinalibus
968 2387 1047 2439 rem
1076 2380 1195 2440 totam
1224 2366 1509 2442 examinandam
1538 2391 1635 2442 com-

134 2487 314 2574 misimus,
345 2504 387 2562 ut
414 2489 471 2562 his
498 2487 672 2564 omnibus
699 2511 886 2562 unacum
923 2487 1081 2588 singulis
1116 2490 1194 2564 suis
1230 2490 1516 2566 circumstantiis
1553 2491 1635 2584 dili·

133 2628 272 2712 genter
307 2613 514 2711 perpensis,
545 2613 636 2710 quid
664 2613 823 2710 aequius
850 2627 890 2687 et
918 2612 1044 2688 utilius
1070 2637 1096 2686 a
1126 2614 1235 2688 nobis
1262 2614 1503 2689 statuendum
1533 2631 1636 2690 esset

134 2738 208 2835 ipsi
236 2754 502 2838 suggererent:
536 2739 641 2835 quod
668 2736 821 2834 quidem
849 2737 909 2811 die
937 2759 1013 2812 xxx
1041 2739 1181 2812 mensis
1209 2739 1437 2838 septembris
1466 2741 1635 2838 proxime

134 2862 255 2959 elapsi
284 2881 429 2938 mature
448 2863 626 2939 lecerunt.
656 2863 849 2961 Siquidem
870 2864 907 2938 in
934 2889 1049 2938 unum
1078 2864 1355 2948 convenientes,
1377 2880 1530 2962 peracto
1554 2866 1635 2941 dili·

132 2989 239 3086 genti
266 2987 384 3063 totius
412 2987 553 3087 negotii
570 2989 752 3070 examine,
784 2988 888 3084 quod
915 2986 1197 3085 opportunioris
1224 2975 1511 3064 remedii'esset
1528 2990 1635 3065 adhi-

135 3112 313 3200 bendum,
344 3112 507 3188 unanimi
533 3111 688 3187 consilio
715 3129 985 3208 exposuerunt.

217 3233 365 3332 Quibus
396 3253 509 3336 grato
545 3239 669 3312 animo
706 3237 881 3335 acceptis,
910 3252 955 3346 ut
988 3237 1024 3312 in
1054 3239 1176 3314 Rotae
1209 3238 1395 3312 auditorio
1423 3239 1562 3314 iustitia
1597 3255 1638 3314 et

134 3385 211 3460 pax
238 3385 280 3437 se
308 3377 442 3437 mutuo
467 3363 753 3460 amplectantur,
774 3385 855 3448 nos,
886 3379 990 3437 motu
1019 3363 1184 3460 proprio,
1214 3388 1262 3438 ex
1289 3379 1392 3438 certa
1420 3363 1575 3440 scientia
1593 3389 1637 3439 ac

135 3485 406 3564 deliberatione
434 3487 584 3572 nostris,
613 3489 739 3584 deque
766 3486 997 3584 apostolicae
1020 3489 1221 3584 potestatis
1248 3486 1492 3585 plenitudine,
1513 3489 1638 3563 omnia

136 3630 177 3688 et
204 3613 459 3712 singularam
488 3637 603 3711 super
630 3614 710 3687 eius
738 3610 924 3687 decanatu
952 3635 1067 3708 quam
1096 3637 1212 3709 super
1238 3613 1538 3711 quibuscumque
1556 3613 1637 3688 aliis
1678 3601 1682 3612 ’

135 3737 176 3812 in
202 3735 338 3812 eodem
365 3737 551 3812 auditorio
579 3737 774 3834 hucusque
800 3735 1022 3810 introductis
1041 3753 1080 3811 et
1107 3738 1288 3812 discussis
1314 3740 1364 3812 ab
1390 3762 1437 3813 eo
1464 3738 1635 3822 iudicata,

135 3861 231 3936 itaut
257 3885 389 3936 eorum
424 3861 575 3937 nullitas
611 3858 661 3936 ab
691 3859 945 3957 infrascriptis,
976 3885 1051 3934 non
1083 3862 1133 3936 ad
1160 3861 1312 3960 aliquod
1350 3863 1637 3960 praeteritorum

56 4015 60 4020 ·
135 3986 416 4084 praeiudicium,
446 3988 515 4062 sed
541 3988 592 4062 ad
617 3987 846 4061 exactiorem
875 3987 1084 4061 futurorum
1113 3985 1293 4086 regulam,
1324 3986 1471 4061 desumi
1504 3989 1637 4084 possit,

136 4111 243 4186 firma
279 4127 319 4186 et
346 4111 492 4186 stabilia
527 4135 722 4186 remanere
756 4113 1002 4188 decernimus.
1036 4112 1225 4210 Deinceps
1252 4136 1344 4186 vero
1379 4126 1419 4186 et
1445 4114 1639 4210 perpetuis

136 4236 271 4310 futuris
299 4237 545 4333 temporibus,
564 4238 794 4333 episcopum,
815 4238 1138 4335 archiepiscopum
1166 4252 1205 4311 et
1233 4237 1494 4334 patriarcham,
1525 4239 1638 4311 etiam

137 4359 320 4448 titulares,
345 4363 567 4436 decanatum
596 4377 730 4460 optare
757 4386 831 4437 non
859 4386 976 4460 posse
1004 4363 1222 4449 statuimus;
1253 4363 1361 4460 sique
1388 4363 1571 4436 decanum
1589 4363 1639 4437 ad

135 4483 300 4584 aliquam
320 4511 369 4560 ex
387 4487 444 4560 his
463 4485 709 4585 dignitatibus
737 4487 851 4563 etiam
879 4488 1067 4562 titularem
1094 4488 1310 4583 promoveri
1334 4488 1543 4586 contigerit,
1564 4511 1639 4561 non

135 4613 315 4685 obstante
329 4611 442 4685 etiam
458 4613 666 4687 retentione
681 4611 751 4687 loci
765 4611 946 4686 auditoris
961 4635 1143 4709 expressa
1163 4611 1198 4686 in
1212 4611 1427 4710 provisione
1445 4610 1637 4698 ecclesiae,

138 4735 364 4809 decanatum
392 4735 515 4832 ipsum
542 4759 678 4810 vacare
704 4733 889 4810 volumus.

222 4858 352 4933 Dictas
379 4883 472 4933 vero
501 4858 552 4934 Pii
571 4858 623 4933 lV
651 4875 690 4932 et
719 4857 820 4933 Pauli
842 4857 875 4929 V
904 4859 1239 4955 praedecessorum
1259 4873 1474 4934 nostrorum
1503 4857 1642 4933 consti·

138 4984 304 5058 tutiones
332 4984 616 5082 restringendas
644 5009 732 5058 esse
759 4983 810 5058 ad
837 5007 972 5058 causas
1000 4985 1173 5082 proprias
1197 4983 1421 5058 Auditorum
1452 4985 1574 5059 Rotae
1602 4997 1642 5056 et

138 5109 505 5207 consanguineorum
524 5110 561 5182 in
581 5109 701 5206 primo
719 5109 841 5208 gradu
861 5125 1018 5197 tantum,
1037 5134 1181 5184 necnon
1202 5112 1251 5186 ab
1270 5109 1312 5183 iis
1331 5109 1396 5207 qui
1415 5111 1641 5184 Auditorum

139 5233 274 5308 studiis
302 5234 519 5308 inserviunt.
540 5232 617 5308 Ubi
644 5258 736 5310 vero
763 5234 890 5334 agitur
916 5234 965 5308 de
992 5233 1075 5323 aliis
1102 5258 1201 5332 quae
1229 5233 1332 5309 iuxta
1360 5235 1478 5309 dictas
1505 5233 1643 5309 consti·-

138 5359 306 5434 tutiones
341 5357 378 5432 in
416 5359 539 5433 Rotae
573 5359 760 5434 auditorio
791 5359 967 5458 cognosci
1007 5382 1081 5432 non
1117 5375 1306 5456 poterant,
1336 5385 1403 5434 eas
1438 5359 1474 5432 in
1506 5359 1641 5432 eodem
