3720 5916
721 325 852 385 Urbano
872 325 955 385 VIII
1531 325 1587 384 365

88 520 329 607 Commenda,
351 537 542 596 annuente
561 520 693 607 SSriio,
716 537 865 595 mortuo
885 518 1231 596 ¹Commendatario:
1254 521 1458 594 Successor
1476 541 1585 614 prae-

86 647 254 730 tendens,
285 647 504 744 pensionem
533 645 647 720 fuisse
677 645 825 721 nulliter
853 661 1094 732 reservatam,
1115 645 1274 719 obtinuit
1302 670 1454 718 causam
1484 669 1586 716 com-

87 771 177 844 mitti
221 771 365 869 Magno
403 771 591 870 Magistro
628 797 712 845 cum
749 770 916 845 clausula
943 815 969 826 -
998 769 1123 844 Parito
1150 769 1290 842 Literr's
1317 767 1534 867 Apostolicis
1558 813 1585 823 -

87 894 250 992 Magnus
288 894 475 993 Magister
510 897 654 991 absque
692 895 876 992 paritione
913 895 1121 968 Literarum
1160 893 1464 990 Apostolicarum
1501 917 1584 988 pro·

85 1020 216 1094 cessit:
248 1019 359 1094 Unde
388 1018 651 1094 Pensionarius
679 1018 901 1116 appellavit:
932 1019 1058 1092 Causa
1087 1019 1174 1092 mihi
1201 1019 1411 1102 commissa,
1442 1017 1583 1091 dubita·

86 1147 203 1230 batur,
235 1169 284 1218 an
320 1160 423 1218 esset
460 1145 768 1220 subscribendum
805 1145 991 1219 Dubium:
1022 1145 1083 1217 An
1118 1158 1267 1216 constet
1302 1142 1351 1216 de
1386 1142 1582 1239 paritione,

85 1268 141 1342 vel
168 1294 216 1343 an
251 1269 444 1343 Sententia
473 1270 604 1367 Magni
633 1271 807 1369 Magistri
837 1271 866 1342 si
895 1268 1148 1344 confirmanda
1176 1268 1236 1341 vel
1262 1267 1514 1352 infirmanda?,
1545 1284 1584 1339 et

86 1394 304 1495 DD[omini]
333 1395 538 1470 secundum
578 1396 742 1470 Dubium
781 1396 983 1492 amplexati
1020 1411 1118 1480 sunt,
1158 1395 1259 1481 moti,
1291 1394 1378 1490 quia
1411 1393 1583 1466 executio
1638 1395 1640 1402 '

85 1519 292 1594 Literarum
323 1521 626 1617 Apostolicarum
657 1521 870 1595 retardatur
897 1522 947 1595 ob
976 1521 1199 1594 sententiam
1228 1543 1326 1616 quae
1349 1519 1447 1592 iusta
1474 1542 1584 1615 prae·

82 1645 249 1731 sumitur,
280 1645 376 1718 sicut
403 1645 520 1720 etiam
547 1646 728 1745 obligatio
749 1645 956 1720 Cameralis
975 1670 1045 1742 per
1062 1645 1298 1719 Sententiam
1321 1642 1579 1718 retardatur...

1011 1949 1027 1982 l

789 1981 878 2060 228.

86 2143 294 2240 Segnatura
330 2142 528 2217 rescribere
563 2169 637 2216 non
672 2141 807 2216 solebat
831 2143 950 2216 Rotae
986 2151 1029 2216 ut
1062 2143 1196 2216 ilerum
1230 2140 1400 2220 auderet·
1428 2139 1586 2237 quodsi

150 2270 311 2364 fecisset,
343 2269 442 2342 Rota
461 2277 595 2367 partes
621 2293 693 2341 non
720 2267 900 2341 audz’ebat.

160 2423 280 2496 (Aecn.
300 2423 387 2494 Rom,
412 2421 635 2482 «Extractum
654 2421 774 2481 Dr'are'r'
790 2421 1011 2492 onhobonin

515 2641 588 2716 Die
618 2641 777 2716 Veneris
812 2667 851 2714 11
886 2643 1008 2716 martii
1041 2647 1152 2735 1644.
1186 2695 1192 2702 -

162 2805 224 2892 98.
257 2801 345 2874 Non
373 2802 470 2877 solet
490 2801 691 2900 Signatura
719 2803 924 2877 rescribere
950 2803 1074 2877 Rotae
1102 2819 1145 2876 ut
1171 2805 1306 2877 iterum
1333 2800 1472 2888 audiat,
1492 2799 1582 2897 quia

86 2925 180 3000 Rota
198 2925 341 3023 pluries
361 2925 474 3001 sentit
494 2926 624 3001 Partes
653 2951 720 3000 nec
748 2928 918 3023 procedit
936 2928 972 3002 in
991 2927 1127 3002 Causis
1146 2928 1215 3001 nisi
1243 2927 1416 3001 omnibus
1436 2943 1581 3000 mature

85 3051 280 3140 discussis;
302 3067 566 3148 praeterquam
596 3050 701 3148 quod
721 3051 927 3127 Auditores
946 3053 1069 3127 Rotae
1087 3053 1151 3150 qui
1180 3068 1267 3126 sunt
1294 3050 1437 3126 ludices
1467 3051 1582 3124 Com·

84 3163 248 3262 missar'ii,
271 3192 362 3273 post
380 3176 613 3250 sententiam
634 3176 748 3250 suncti
776 3193 864 3250 sunt
882 3175 1003 3251 officio
1032 3201 1112 3264 su0,
1135 3201 1203 3250 nec
1222 3176 1319 3250 ultra
1346 3201 1388 3250 se
1407 3175 1579 3274 ingerere

85 3317 261 3393 possunt;
282 3301 349 3375 ruit
376 3302 502 3399 itaque
521 3301 661 3375 dictum
691 3300 931 3401 DD[ominis]
955 3301 1018 3398 qui
1038 3301 1287 3376 interveniunt
1310 3301 1346 3374 in
1366 3299 1579 3399 Signatura,

84 3440 122 3497 ut
140 3423 354 3500 huiusmodi
373 3427 554 3523 rescripta
573 3425 718 3501 blandis
737 3426 861 3500 verbis
881 3426 1120 3514 declinarent,
1142 3424 1313 3524 rogando
1333 3425 1520 3499 Votantes
1539 3442 1581 3498 ut

85 3573 151 3644 pro
178 3551 433 3648 appellatione
462 3552 565 3625 iuxta
593 3551 730 3648 stylum
759 3553 984 3638 rescribant;
1014 3549 1117 3647 quod
1147 3551 1177 3626 si
1206 3576 1280 3624 non
1307 3549 1459 3637 iaciunt,
1481 3549 1580 3624 Rota

86 3698 157 3748 non
185 3675 291 3750 audit
320 3676 463 3763 Partes,
493 3693 534 3750 ut
561 3675 688 3749 videre
715 3693 778 3750 est
804 3675 907 3772 apud
935 3677 973 3752 S.
1004 3675 1057 3751 M.
1088 3675 1316 3774 Gregorium
1344 3673 1458 3748 decis.
1491 3698 1578 3756 211,

88 3821 119 3874 n.
155 3825 167 3872 1
201 3817 243 3874 et
273 3823 306 3894 3,
338 3801 406 3874 sed
434 3801 578 3876 transit.

787 4065 876 4144 229.

92 4225 172 4299 Una
199 4238 311 4325 capsa
337 4228 520 4301 continens
547 4228 618 4302 boo
646 4229 782 4326 Agnus
800 4229 879 4301 Dei
903 4229 1073 4332 'dabatur
1101 4229 1218 4303 Rotae
1245 4227 1490 4336 Apdileribus
1515 4229 1583 4327 qui

161 4354 262 4426 inter
287 4379 360 4427 sese
387 4379 444 4427 eos
471 4353 745 4440 deatribuebant,
763 4353 876 4448 sacta
900 4363 1011 4452 parte
1037 4354 1146 4426 ebriam
1173 4354 1385 4428 absentibus.

165 4507 280 4577 (Atreu.
298 4507 386 4580 Ron,
410 4507 631 4568 ‹Extractum
650 4507 771 4567 Deerit·
787 4508 1006 4582 otthoboni»).

517 4710 590 4782 Die
617 4710 746 4784 Lunae
781 4735 822 4783 12
855 4711 995 4806 Aprilis
1030 4716 1141 4802 1644.

165 4893 228 4962 99.
254 4869 395 4946 SSri‘rus
415 4871 463 4947 D.
486 4872 533 4946 N.
555 4871 626 4946 hoc
644 4896 742 4946 anno
770 4873 833 4968 qui
853 4889 912 4946 est
935 4897 977 4944 21
1003 4871 1060 4946 sui
1089 4871 1327 4946 Pontificatus
1348 4871 1433 4945 lecit
1463 4873 1576 4946 Bene·

86 4993 283 5069 dictionem
310 4995 448 5094 Agnus
478 4995 561 5082 Dei,
590 5014 630 5070 et
658 4997 780 5070 Rotae
808 4995 876 5069 luit
903 4995 993 5068 data
1021 5018 1094 5069 una
1123 4995 1251 5092 Capsa
1288 4996 1390 5069 iuxta
1427 4995 1576 5069 solitum

84 5135 122 5192 et
140 5117 300 5193 Ministri
313 5120 412 5194 illam
431 5121 615 5219 integram
636 5122 818 5195 miserunt
833 5120 882 5198 D.
899 5121 1087 5196 Ghislerio
1100 5123 1151 5196 ob
1164 5123 1366 5196 assentiam
1384 5120 1432 5195 D.
1451 5120 1576 5194 Duno-

86 5244 172 5317 zetti
191 5243 332 5318 Decani
355 5245 392 5317 in
411 5242 542 5318 Galliis
561 5245 772 5320 existentis:
798 5245 883 5319 Fuit
912 5247 1134 5333 dubitatum,
1155 5248 1217 5320 An
1235 5247 1357 5321 eidem
1377 5245 1426 5322 D.
1450 5246 1574 5320 Duno·

85 5383 182 5442 zetto
210 5385 312 5443 esset
339 5369 510 5444 iacienda
530 5371 664 5468 portio,
687 5387 726 5444 et
746 5371 830 5470 Ego
859 5371 933 5444 dixi
952 5371 1055 5467 quod
1075 5373 1137 5457 sic,
1159 5373 1247 5468 quia
1274 5372 1309 5444 in
1340 5369 1576 5446 Notabilibus
