3720 5916
233 315 290 376 418
858 315 996 374 Saeculo
1014 314 1045 374 Χ
1055 314 1116 374 VI!

234 509 340 584 simili
360 511 474 584 etiam
501 535 550 583 ex
577 525 669 584 voto
696 509 919 605 posterioris
947 506 1277 606 congregationis,
1297 507 1509 582 huiusmodi
1537 532 1732 581 numerum
1840 519 1841 528 ³

234 632 484 743 quadraginta
529 651 618 709 octo
663 633 868 710 officiorum
916 634 1180 709 Notariatuum
1218 611 1440 720 huiusmodi,
1479 633 1529 706 ad
1571 649 1733 730 quatuor

233 759 354 834 officia
381 759 560 834 vacabilia
589 759 831 834 Notariorum
850 758 1063 833 huiusmodi
1090 759 1297 842 dumtaxat,
1320 758 1466 854 reliqua
1484 759 1734 856 quadraginta
1840 833 1841 844 ἶ

234 899 399 980 quatuor
425 883 546 958 officia
564 884 787 970 huiusmodi,
815 899 856 957 et
882 883 1028 958 illorum
1057 883 1186 957 titulos
1213 899 1319 956 motu
1348 883 1429 979 pari
1456 883 1735 980 supprimentes

234 1023 273 1081 et
299 1005 547 1093 annullantes,
578 1023 764 1104 perpetuo
791 1007 1016 1082 reducimus.

315 1131 435 1219 Primi,
465 1130 648 1218 videlicet,
679 1156 750 1229 per
776 1131 1015 1206 Vincentium
1040 1131 1091 1205 ad
1119 1155 1199 1214 nos,
1229 1145 1271 1205 et
1298 1155 1540 1206 successores
1583 1151 1734 1206 nostros

234 1256 428 1330 Romanos
457 1254 675 1342 Pontifices;
705 1255 870 1338 secundi,
901 1279 1003 1339 vero,
1033 1279 1104 1352 per
1132 1253 1311 1330 Carolum
1338 1254 1389 1328 ad
1417 1255 1509 1328 Vice
1542 1254 1734 1328 Cancella·
1840 1259 1841 1350 J

234 1381 345 1466 rium;
373 1395 414 1453 et
441 1378 569 1465 Tertii,
600 1403 668 1475 per
696 1381 870 1454 Iacobum
899 1378 1108 1476 Philippum
1144 1379 1194 1452 ad
1228 1378 1485 1454 Camerarium
1522 1379 1561 1456 S.
1592 1379 1640 1454 R.
1671 1379 1732 1466 E.;
1840 1399 1841 1466 ,

234 1527 379 1579 necnon
416 1506 539 1600 quarti
580 1503 786 1579 officiorum
826 1503 1050 1591 huiusmodi,
1081 1502 1130 1577 de
1170 1517 1325 1580 coetero
1360 1519 1636 1592 vacaturorum,
1668 1528 1735 1601 per

235 1629 396 1714 Petrum,
427 1628 685 1724 infrascriptos
724 1629 936 1725 respective
963 1652 1242 1725 possessorum,
1276 1626 1496 1704 collationes
1536 1629 1586 1703 ad
1615 1627 1736 1728 dictos

232 1753 440 1827 Auditores
468 1776 539 1848 pro
566 1767 738 1849 tempore
766 1755 972 1826 existentes
1010 1754 1223 1850 respective
1264 1768 1438 1850 spectare
1473 1769 1513 1826 et
1546 1754 1734 1848 pertinere

234 1876 486 1962 declaramus;
515 1876 624 1950 acin
652 1876 773 1950 dictos
801 1893 965 1973 quatuor
994 1877 1174 1953 Notarios
1202 1901 1317 1952 unum
1347 1875 1558 1975 Collegium
1596 1877 1736 1952 consti-

234 2016 396 2087 tuentes,
433 2025 483 2076 ex
522 2018 613 2075 voto
655 2000 826 2074 eiusdem
863 1999 1085 2097 posterioris
1123 1999 1453 2100 Congregationis,
1498 1998 1735 2074 Vincentium

235 2125 438 2210 Cicellium,
457 2123 635 2200 Carolum
657 2123 857 2212 Bonamici,
871 2125 1045 2200 Iacobum
1066 2123 1276 2222 Philippum
1297 2124 1504 2212 Caesarini,
1524 2140 1564 2198 et
1583 2125 1734 2200 Petrum

235 2251 537 2326 Francisconium
564 2249 723 2324 dilectos
751 2248 857 2336 filios,
879 2250 1033 2348 triginta
1060 2264 1209 2346 septem
1228 2249 1350 2326 olficia
1367 2250 1582 2324 huiusmodi
1611 2273 1736 2348 respe-

233 2377 329 2452 ctive
354 2374 405 2449 ad
432 2399 616 2472 praesens
643 2375 869 2459 obtinentes,
899 2375 993 2450 itaut
1020 2375 1092 2472 ipsi
1116 2373 1259 2471 reliqua
1278 2374 1449 2449 undecim
1468 2373 1591 2449 officia
1606 2375 1735 2449 huius-

235 2500 335 2576 modi
363 2525 433 2598 per
458 2498 666 2574 Antonium
694 2499 926 2587 Cartonium,
954 2515 994 2574 et
1023 2499 1296 2596 Hieronymum
1324 2499 1522 2597 Aloysium
1550 2501 1737 2599 Rosigna·

234 2651 334 2712 num,
355 2649 400 2700 ac
418 2624 619 2699 Aemilium
639 2623 811 2709 Gottum,
827 2624 942 2698 etiam
956 2624 1116 2698 dilectos
1134 2623 1229 2698 lilios
1249 2625 1462 2722 respective
1473 2623 1524 2699 ad
1552 2647 1737 2719 praesens

234 2773 428 2846 possessa,
457 2747 559 2824 iusto
585 2765 625 2824 et
652 2750 881 2846 competenti
917 2763 958 2824 et
997 2773 1068 2844 per
1101 2750 1349 2846 posteriorem
1383 2748 1734 2848 congregationem

235 2873 447 2950 huiusmodi
480 2873 746 2950 constituendo
785 2889 826 2950 et
862 2871 1042 2948 beneviso
1082 2875 1216 2970 pretio,
1258 2872 1386 2949 habita
1422 2888 1549 2948 tamen
1589 2874 1735 2948 tatione

233 2999 455 3099 qualitatum
483 2999 739 3096 praesentium
767 3014 981 3096 temporum
1007 3013 1049 3072 et
1076 2996 1321 3073 consimilium
1362 2998 1568 3074 officiorum
1605 2999 1735 3072 huius-

234 3124 337 3202 modi
364 3123 466 3198 lrisce
493 3125 736 3220 temporibus,
766 3140 806 3198 et
832 3124 958 3198 forsan
987 3147 1063 3198 non
1090 3122 1142 3198 ita
1170 3122 1316 3220 pridem
1344 3122 1526 3198 factarum
1552 3123 1734 3198 venditio

235 3276 323 3325 num
350 3265 389 3322 et
414 3247 573 3323 aliorum
601 3248 889 3344 particularium,
910 3273 995 3324 cum
1014 3249 1228 3324 conditione
1246 3265 1286 3323 et
1304 3266 1429 3344 pacto,
1451 3263 1589 3338 tamen,
1608 3251 1734 3323 omnia

234 3390 275 3449 et
300 3373 448 3471 singula
475 3397 601 3460 onera,
630 3371 723 3446 alias
751 3372 1003 3471 quadraginta
1029 3391 1119 3448 octo
1148 3373 1314 3448 Notariis
1342 3373 1557 3448 huiusmodi
1592 3374 1734 3448 incum-
1840 3399 1841 3430 ³

233 3500 369 3584 bentia,
391 3497 641 3593 supportandi
658 3521 682 3570 a
702 3497 810 3572 dictis
829 3498 998 3572 Antonio
1017 3513 1056 3573 et
1077 3498 1311 3595 Hieronymo
1329 3499 1488 3596 Aloysio
1502 3513 1541 3574 et
1559 3499 1728 3584 Aemilio,

234 3647 370 3704 emere,
400 3621 462 3696 dd.
481 3645 572 3694 vero
599 3621 790 3696 Antonius
817 3637 857 3696 et
877 3621 1144 3720 Hieronymus,
1167 3621 1346 3719 Aloysius
1364 3647 1410 3696 ac
1427 3622 1612 3698 Aemilius
1631 3647 1732 3720 prae·

233 3745 321 3820 dicti
348 3745 448 3821 dicta
476 3741 648 3820 undecim
666 3744 787 3819 officia
807 3745 859 3819 sic
878 3771 1087 3844 suppressa
1104 3746 1272 3821 vendere
1292 3747 1503 3844 respective
1523 3762 1730 3836 teneantur,

236 3889 340 3945 motu
367 3869 476 3943 simili
502 3870 749 3947 nominamus.
1840 3849 1841 3878 ¹

314 3995 499 4069 Volumus
517 4009 654 4079 autem,
677 3993 781 4090 quod
799 3995 969 4070 Antonio
992 4011 1032 4070 et
1053 3996 1298 4094 Hieronymo,
1320 3995 1479 4094 Aloysio
1496 4021 1540 4070 ac
1560 3996 1729 4084 Aemilio,

234 4118 447 4216 praedictis,
476 4133 542 4192 aut
559 4117 687 4214 aliquo
706 4118 864 4207 illorum,
880 4119 981 4194 dicta
999 4119 1171 4194 undecim
1190 4119 1324 4208 officia,
1346 4145 1413 4194 seu
1432 4119 1579 4194 illorum
1597 4120 1732 4218 aliqua,

234 4259 276 4318 ut
303 4243 523 4340 praefertur,
553 4268 761 4339 suppressa
787 4244 952 4320 vendere
980 4245 1253 4334 recusantibus,
1282 4271 1350 4320 seu
1378 4239 1588 4332 recusante,
1610 4247 1734 4320 statim
1840 4235 1841 4286 l

233 4371 332 4446 lacto
358 4369 535 4466 deposito
562 4371 672 4466 pretii
699 4387 742 4445 ut
769 4369 980 4468 praefertur
1014 4373 1182 4446 benevisi
1218 4396 1339 4469 penes
1372 4371 1528 4446 Sacrum
1566 4371 1736 4447 Montem
1840 4427 1841 4458 ,

236 4493 387 4570 Pietatis
417 4493 542 4582 Urbis,
574 4497 609 4569 in
638 4496 820 4570 creditum
849 4495 995 4570 illorum
1023 4497 1189 4572 venditio
1217 4497 1385 4596 legitime
1413 4497 1517 4571 tacta·
1538 4515 1737 4572 censeatur

234 4645 283 4695 eo
310 4621 404 4717 ips0,
436 4635 475 4693 et
501 4621 607 4718 quod
634 4622 682 4693 de
711 4637 864 4696 coetero
892 4620 963 4718 ipsi
991 4622 1182 4696 Antonius
1209 4637 1249 4695 et
1277 4622 1542 4718 Hieronymus,
1559 4621 1738 4718 Aloysius
1840 4615 1841 4638 ¹

233 4771 277 4820 ac
306 4743 498 4830 Aemilius,
530 4744 687 4833 Notarii,
718 4763 795 4820 tam
822 4744 1031 4826 scribendo,
1061 4771 1174 4843 quam
1203 4748 1239 4820 in
1267 4749 1390 4820 causis
1417 4743 1505 4819 dicti
1524 4745 1736 4822 Tribunalis

233 4895 275 4944 se
311 4869 528 4966 ingerendo,
557 4887 624 4945 aut
659 4871 914 4957 immiscendo,
945 4871 1176 4944 denominari
1212 4886 1279 4944 aut
1309 4869 1491 4968 appellari
1525 4869 1736 4946 nullatenus

234 4994 382 5091 possint
410 4994 664 5090 probibemus.
695 4993 873 5088 Quinimo
901 4994 993 5091 ipsis
1021 4995 1058 5068 in
1085 4996 1224 5070 virtute
1252 5009 1406 5069 sanctae
1433 4993 1676 5070 obedieutiae
1702 5009 1739 5069 et

235 5121 307 5193 sub
333 5118 599 5216 indignationis
627 5135 791 5206 nostrae,
811 5135 851 5193 et
868 5119 950 5193 aliis
967 5118 1123 5196 arbitrio
1142 5117 1364 5218 infligendis,
1386 5117 1530 5215 poenis,
1550 5135 1738 5215 quatenus

235 5243 316 5340 ipsi.
347 5242 474 5316 statim
502 5242 602 5318 lacto
630 5244 804 5341 deposito
833 5245 942 5341 pretii
969 5243 1192 5332 huiusmodi,
1214 5269 1346 5319 omnes
1364 5261 1404 5318 et
1422 5242 1593 5342 singulos
1611 5243 1734 5330 libros,

236 5370 451 5464 scripturas,
491 5384 531 5441 et
571 5369 743 5467 registra,
782 5385 1010 5467 coeteraque
1051 5367 1200 5468 singula
1242 5369 1485 5444 Notariorum
1526 5369 1736 5447 huiusmodi
