3718 5918
258 279 313 340 482
875 277 1013 338 Socculo
1031 277 1155 339 XVIII

257 473 466 558 Auditoris,
496 497 609 569 quam
637 470 792 546 alterius
821 469 980 546 Praelati
1006 489 1164 568 propter
1191 489 1474 568 praesumptam
1499 471 1753 548 excellentiam

259 598 435 673 Virorum
464 597 575 671 huius
602 595 835 682 Tribunalis;
856 597 908 670 ita
936 598 1039 693 quod
1067 595 1152 670 licet
1179 596 1214 668 in
1251 597 1437 694 rescripto
1473 613 1662 694 ponantur
1698 596 1756 672 illa
1838 611 1839 656 l

257 725 373 798 verba
400 737 508 796 extra
537 723 686 809 Rotam,
717 739 757 796 et
783 722 931 817 absque
957 721 1240 818 participatione
1268 721 1404 810 Rotae,
1433 737 1474 796 et
1490 723 1544 796 uti
1571 720 1755 808 Praelato,
1838 777 1839 830 ,

259 867 385 924 tamen
411 848 449 920 in
476 847 611 922 effectu
646 845 923 942 contemplatur
937 846 1067 920 'virtus
1103 862 1143 920 et
1179 846 1399 920 excellentia
1431 845 1519 922 talis
1547 846 1754 934 Auditoris,
1838 831 1839 858 ¹

257 989 453 1070 tamquam
488 972 610 1070 magis
637 973 778 1046 versati
814 972 849 1044 in
887 971 1013 1044 causis
1044 969 1263 1054 iudicandis,
1302 987 1341 1044 et
1377 970 1510 1046 maiori
1542 971 1757 1069 cognitione

258 1099 352 1172 luris
379 1098 527 1185 imbuti;
556 1095 647 1170 alias
676 1120 750 1170 non
779 1093 1102 1169 committerentur
1128 1095 1177 1169 illi
1205 1093 1301 1170 tales
1329 1119 1477 1182 causae,
1506 1097 1611 1192 quod
1642 1097 1685 1168 fit
1720 1111 1758 1168 ut

260 1224 309 1297 sit
335 1220 606 1298 attendendum
625 1221 675 1307 id,
695 1219 800 1316 quod
817 1233 879 1292 est
897 1219 933 1292 in
957 1217 1173 1306 intentione,
1194 1235 1234 1293 et
1253 1243 1327 1296 non
1347 1221 1449 1316 quod
1469 1221 1586 1295 verba
1605 1237 1756 1296 sonant:
1838 1195 1839 1282 Ῐ

259 1373 354 1446 ergo
382 1371 423 1419 re
451 1346 534 1442 ipsa
561 1345 616 1418 uti
644 1345 808 1419 Auditor
834 1344 995 1442 eligitur,
1032 1367 1107 1416 non
1144 1345 1198 1418 uti
1227 1344 1421 1420 Praelatus
1458 1345 1506 1420 de
1538 1344 1679 1431 Turno,
1721 1362 1760 1419 et

258 1485 535 1568 consequenter
568 1495 651 1543 cum
680 1469 861 1565 qualitate
889 1483 929 1542 et
956 1468 1176 1542 necessariis
1205 1468 1284 1543 suis
1311 1469 1425 1544 debet
1453 1468 1579 1566 recipi,
1619 1493 1756 1566 nempe

258 1622 343 1673 curn
372 1596 540 1670 Notariis
569 1595 704 1668 Rotae.

341 1721 429 1794 Non
456 1720 590 1795 omitto
617 1718 721 1815 quod
749 1717 876 1792 statim
906 1718 1060 1812 quando
1087 1717 1223 1815 aliquis
1252 1719 1446 1792 Praelatus
1464 1735 1613 1793 creatur
1633 1718 1757 1794 Rotae
1838 1781 1839 1830 ,

259 1845 434 1940 Auditor,
465 1867 600 1918 causas
628 1843 697 1916 sibi
725 1842 780 1916 uti
809 1839 979 1916 Praelato
1007 1843 1228 1917 commissas
1248 1845 1439 1918 remittere
1457 1843 1572 1918 debet
1599 1861 1638 1917 et
1662 1843 1759 1919 solet
1838 1831 1839 1862 ³

259 1974 308 2046 ad
337 1967 618 2054 Cancellariam,
649 1982 690 2040 et
714 1968 766 2042 ita
792 1982 854 2040 est
880 1966 930 2040 de
958 1965 1066 2064 stylo.

341 2092 571 2169 Constitutio
599 2107 726 2166 autem
755 2090 808 2165 Pii
836 2089 967 2183 Quinti
993 2091 1091 2166 laeta
1117 2093 1166 2166 ad
1196 2092 1363 2167 favorem
1402 2091 1561 2190 Collegii
1595 2093 1759 2168 Archivii

259 2219 318 2294 cui
344 2218 535 2292 adduntur
562 2216 601 2291 S.
632 2217 678 2290 R.
708 2215 753 2289 E.
783 2213 1004 2289 Cardinales
1033 2239 1107 2289 non
1135 2214 1365 2312 praeiudicat
1391 2215 1559 2290 Notariis
1578 2217 1703 2290 Rotae
1722 2233 1759 2290 et

259 2369 389 2418 eorum
418 2341 620 2428 Tribunali,
652 2365 736 2426 cum
766 2340 802 2412 in
840 2365 885 2412 ea
923 2363 998 2414 non
1033 2339 1081 2412 sit
1108 2340 1207 2415 lacta
1233 2335 1375 2414 mentio
1410 2339 1499 2418 DD.
1529 2341 1758 2416 Auditorum

260 2468 363 2542 Sacri
392 2465 532 2550 Palatii,
562 2465 626 2561 qui
655 2478 743 2539 sunt
770 2462 983 2562 exeeptuati
1011 2464 1048 2536 in
1076 2463 1196 2560 prima
1223 2465 1412 2540 erectione
1449 2480 1488 2540 et
1523 2465 1759 2540 Institutione
1838 2515 1839 2520 ,

261 2592 340 2666 Iulii
368 2591 399 2664 ΙΙ
426 2591 476 2665 ad
504 2613 617 2685 quam
645 2589 745 2662 idem
766 2588 852 2662 Pius
881 2585 1053 2680 Quintus
1074 2613 1117 2662 se
1145 2589 1270 2664 refert.

342 2715 502 2791 Etcum
530 2714 566 2788 in
595 2713 788 2809 praedicta
816 2711 1097 2789 Constitutione
1125 2715 1203 2788 lulii
1234 2740 1253 2790 2
1284 2716 1350 2812 qui
1381 2715 1501 2790 erexit
1528 2717 1757 2799 Ambivium,

261 2856 300 2916 et
336 2841 404 2916 luit
440 2840 583 2936 primus
620 2839 655 2911 in
692 2837 936 2913 concedendo
970 2837 1091 2913 eidem
1119 2838 1328 2924 facultates,
1359 2840 1495 2916 fuerint
1527 2843 1761 2937 praeservati

264 2964 351 3039 DD.
382 2963 588 3039 Auditores
626 2963 759 3048 Rotae,
796 2963 869 3036 ista
905 2964 1162 3059 praeservatio
1198 2965 1341 3038 censeri
1373 2966 1489 3039 debet
1525 2967 1686 3061 repetita
1725 2967 1760 3040 in

259 3089 341 3166 aliis
373 3087 610 3164 facultatibus
636 3103 676 3161 et
712 3086 914 3185 privilegiis
950 3104 1088 3184 postea
1118 3090 1167 3163 ab
1194 3088 1278 3166 aliis
1312 3089 1549 3164 Pontificibus
1587 3089 1761 3188 Collegio

260 3217 443 3291 dictorum
473 3216 699 3310 scriptorum
717 3214 919 3300 concessis
941 3237 1009 3311 per
1028 3237 1124 3310 quas
1143 3237 1217 3290 non
1235 3213 1383 3288 videtur
1401 3214 1516 3288 luisse
1534 3215 1760 3314 derogatum

260 3339 485 3436 supradictis
518 3337 846 3412 constitutionibus
874 3338 923 3412 ad
951 3337 1118 3412 savorem
1148 3339 1391 3413 Notariorum
1427 3337 1555 3416 Rotae
1584 3339 1692 3415 sactis
1721 3358 1761 3414 et
1838 3391 1839 3442 ᾗ

259 3465 461 3562 presertim
500 3464 592 3537 Sixti
622 3487 646 3556 4
675 3464 738 3537 ubi
770 3479 811 3537 ut
838 3463 984 3548 dicitur,
1014 3480 1057 3537 ut
1084 3463 1169 3550 dixi,
1209 3462 1437 3560 praecipitur
1476 3463 1564 3540 DD.
1595 3465 1762 3538 Audito-

261 3591 375 3676 ribus,
405 3604 447 3663 ut
473 3590 579 3683 ipsos
607 3587 731 3662 Rotae
759 3587 941 3662 Notarios
967 3588 1017 3661 ad
1049 3588 1285 3663 scribendum
1314 3614 1441 3664 coram
1468 3590 1524 3664 eis
1558 3590 1764 3664 admittant

262 3733 302 3790 et
329 3739 404 3790 non
431 3713 537 3788 alios.

343 3839 393 3912 Et
420 3838 491 3911 hoc
520 3834 655 3910 suadet
683 3859 821 3934 magna
848 3837 1021 3932 aequitas
1049 3854 1162 3932 prout
1190 3839 1303 3913 etiam
1334 3839 1395 3912 alii
1433 3839 1565 3914 notarii
1602 3837 1762 3914 aliorum

261 3960 518 4038 Tribunalium
545 3962 811 4058 praetendunt,
841 3977 880 4034 et
908 3979 1091 4050 servatur,
1121 3964 1224 4059 quod
1254 3963 1400 4038 Notarii
1428 3965 1550 4038 Rotae
1569 3989 1643 4038 non
1672 3990 1765 4061 pos-

262 4089 336 4163 sint
363 4087 527 4160 scribere
555 4110 680 4159 coram
708 4083 790 4159 aliis
810 4086 990 4159 Praelatis
1017 4102 1057 4160 et
1085 4087 1281 4174 ludicibus,
1304 4089 1356 4162 ita
1372 4089 1485 4162 etiam
1505 4113 1574 4184 per
1592 4088 1763 4186 regulam

261 4213 364 4311 quod
393 4211 553 4308 quisque
581 4211 685 4296 luris,
701 4210 885 4285 deberent
913 4236 1065 4285 servare
1092 4210 1150 4286 alii
1180 4211 1312 4286 notarii
1330 4212 1486 4286 aliorum
1506 4213 1764 4288 Tribunalium
1838 4207 1839 4260 3

262 4355 300 4412 et
328 4337 517 4412 abstinere
544 4363 566 4410 a
596 4336 793 4412 scribendo
813 4361 939 4410 coram
960 4337 1207 4412 Auditoribus
1226 4338 1349 4412 Rotae
1368 4362 1415 4411 ne
1434 4338 1597 4435 alioquin
1618 4340 1766 4413 dicatur
1838 4371 1839 4420 3

263 4461 367 4558 quod
396 4461 541 4534 Notarii
568 4462 691 4536 Rotae
720 4461 794 4536 sint
820 4460 959 4556 peioris
987 4461 1210 4536 conditionis
1229 4487 1342 4559 quam
1362 4462 1422 4536 alii
1441 4463 1585 4538 Notarii
1603 4464 1765 4538 aliorum
1838 4447 1839 4458 ἵ

264 4585 532 4661 Tribunalium.

343 4711 509 4784 Additur
544 4711 647 4806 quod
693 4709 836 4784 Notarii
874 4711 998 4784 Rotae
1035 4736 1157 4807 usque
1191 4712 1315 4785 adhuc
1357 4713 1551 4786 solverunt
1587 4712 1766 4787 salarium
1838 4749 1839 4754 ¹

263 4837 341 4910 suis
370 4837 629 4921 AuditoribuS,
660 4849 699 4908 et
727 4834 780 4907 sic
807 4836 927 4908 multo
963 4836 1086 4909 minus
1121 4837 1215 4910 alios
1245 4853 1395 4933 praeter
1423 4838 1527 4933 ipsos
1564 4839 1767 4912 admittere

263 4961 403 5033 debent
430 4959 479 5034 ad
508 4958 745 5032 scribendum
773 4984 899 5032 coram
928 4961 993 5034 eis.
1024 4957 1100 5052 Qui
1127 4961 1226 5034 enim
1256 4961 1368 5035 sentit
1397 4986 1504 5050 onus,
1525 4964 1766 5036 commodum

263 5111 416 5182 quoque
436 5084 575 5158 sentire
595 5084 726 5169 debet,¹
741 5083 905 5180 alioquin
924 5085 995 5158 hoc
1014 5085 1140 5172 modo,
1157 5110 1226 5181 per
1244 5078 1464 5158 indirectum
1485 5086 1597 5161 datur
1615 5087 1767 5162 occasio

263 5207 489 5284 annihilandi
516 5207 638 5282 officia
667 5207 907 5282 Notariorum
937 5209 1071 5292 Rotae,
1102 5210 1189 5306 quia
1220 5209 1365 5283 Notarii
1392 5209 1549 5284 aliorum
1583 5210 1766 5285 Tribuna-

263 5334 352 5408 lium
379 5349 538 5431 possent
566 5356 770 5427 procurare
798 5334 938 5428 passim
965 5334 1057 5408 istas
1077 5335 1372 5421 commissiones
1392 5353 1533 5410 etcum
1553 5335 1622 5409 illis
1640 5352 1766 5409 toturn
