3688 5924
650 291 827 364 Praefatio
845 293 892 350 od
910 293 1066 352 lectorem
1549 312 1605 356 xui

3 489 4 492 ’
108 486 142 555 in
170 484 460 558 admt'sszom'bus
480 513 517 572 >,
548 485 711 558 continet
748 484 972 559 Auditorum
1008 484 1311 580 supplicationes,
1342 487 1522 582 epistolas
1556 491 1606 563 ad

110 609 225 680 Rotae
246 609 447 682 Decanum
475 634 545 705 pro
573 609 776 683 obtinenda
801 609 1020 682 executione
1044 625 1194 682 actuum
1223 611 1286 706 qui
1314 611 1349 682 in
1378 611 1606 686 admissione

110 735 187 806 novi
209 734 408 808 Auditoris
427 751 535 808 erant
551 735 725 830 ponendi,
747 735 950 830 dequibus
979 759 1049 807 suo
1077 734 1159 808 loco
1183 735 1381 832 plurimum
1401 737 1513 812 habui
1533 764 1604 812 ser-

110 859 237 932 monis.
276 859 383 932 Haec
420 859 644 933 documenta
679 883 724 954 55
760 875 1025 934 enumerantur
1056 875 1094 933 et
1126 885 1255 933 eorum
1293 863 1409 934 series
1446 861 1608 960 epistolii

109 983 246 1056 domini
266 982 440 1057 Ghislerii
458 985 507 1056 ad
528 985 741 1070 Coccinum,
766 985 972 1068 Decanum,
992 986 1174 1079 aperitur,
1195 985 1378 1060 clauditur
1392 1001 1517 1060 autem
1532 989 1606 1082 epi·

110 1106 202 1180 stola
232 1109 371 1181 domini
402 1109 498 1181 Petri
528 1109 778 1206 Frangipanc.

187 1257 249 1326 3¹·
277 1277 302 1288 -
321 1235 447 1307 Antea
474 1234 699 1308 documenta
728 1234 820 1307 haec
848 1236 1096 1308 servabantur
1115 1233 1269 1308 collecta
1298 1236 1333 1306 in
1352 1236 1481 1331 plures
1500 1236 1605 1310 fasci-

108 1359 221 1445 culos,
254 1356 433 1432 numerali
461 1359 591 1431 ordine
620 1359 827 1446 distinctos,
858 1361 921 1456 qui
949 1359 1157 1434 ‹Marto›
1192 1360 1489 1455 appellabantur.
1522 1361 1609 1435 Hoc

109 1506 245 1557 nomen
273 1508 356 1554 cum
384 1507 542 1555 numero
569 1482 692 1558 adhuc
719 1482 846 1580 legere
874 1500 933 1556 est
961 1485 996 1556 in
1025 1485 1140 1558 dorso
1173 1483 1417 1580 complurium
1451 1487 1606 1559 istorum

110 1604 456 1680 documentorum.¹
491 1605 547 1678 Ex
576 1607 633 1679 his
662 1631 735 1681 non
765 1625 909 1681 tantum
937 1607 1080 1681 elicitur
1100 1633 1235 1682 nomen
1264 1610 1502 1694 Auditorum,
1538 1609 1607 1682 sed

107 1749 142 1804 et
170 1731 294 1804 forma
314 1731 583 1827 Motusproprii
603 1747 642 1803 et
670 1757 793 1806 rerum
814 1734 1089 1828 quamplurium
1110 1734 1239 1807 notitia
1259 1733 1434 1808 historiae
1456 1750 1608 1809 nostrae

110 1856 334 1953 perutilium.

188 2007 251 2076 32.
282 2025 309 2037 -·
339 1983 410 2056 His
445 1984 631 2056 accedunt
663 1983 886 2056 documenta
928 2007 1026 2078 quae
1054 1981 1189 2080 collegi
1226 1982 1391 2081 egomet*
1418 1985 1488 2056 huc
1525 1982 1610 2054 illuc

113 2107 281 2202 dispersa
302 2109 336 2179 in
355 2107 532 2181 Archivio
550 2133 594 2180 ac
622 2106 657 2180 in
686 2131 927 2204 pergamena,
949 2108 1126 2202 inscripta
1155 2109 1332 2181 ‹Letloro
1350 2133 1368 2180 e
1387 2109 1560 2205 Bz'glrirtli
1570 2136 1606 2193 t,

110 2232 291 2328 colligavi.
329 2233 546 2306 ‹Lattara›
582 2249 669 2305 sunt
696 2231 879 2327 epistolae
909 2233 1150 2327 Superiorum
1179 2235 1226 2306 ad
1262 2233 1454 2306 Decanum
1486 2233 1609 2306 Rotae

109 2357 165 2430 vel
184 2357 294 2430 istius
317 2356 366 2430 ad
390 2356 622 2452 Superiores,
643 2381 687 2429 ac
706 2372 748 2429 ut
767 2355 966 2450 plurimum
986 2357 1268 2432 Advocatorum
1288 2383 1470 2453 personas
1491 2360 1611 2452 respi-

111 2483 221 2556 ciunt.
260 2481 472 2579 ‹Bz'glisttz‘
486 2507 504 2552 r
544 2499 672 2555 autem
710 2500 798 2555 sunt
830 2482 1061 2556 Secretariae
1097 2484 1226 2558 Status
1263 2484 1435 2579 epistolia
1473 2486 1610 2579 quibus

111 2608 234 2680 Rotae
254 2608 500 2682 nunciabatur
517 2607 649 2680 electio
668 2608 753 2682 novi
773 2609 967 2680 Auditoris
987 2634 1055 2704 per
1075 2609 1213 2704 Papam
1232 2610 1340 2683 facta.
1364 2609 1511 2682 Horum
1531 2609 1612 2704 epi-

111 2734 307 2806 stoliorum
328 2731 445 2806 series
465 2757 620 2805 numero
650 2757 722 2804 non
751 2733 891 2829 ingenti
911 2733 1220 2806 documentorum
1246 2734 1489 2817 concluditur,
1509 2757 1611 2828 quae

110 2859 313 2932 novissimo
342 2857 493 2931 soeculo
522 2858 654 2942 Rotae,
686 2855 746 2929 vel
774 2856 899 2953 paullo
927 2876 1025 2943 ante,
1056 2857 1287 2952 prodierunt.

190 3007 252 3076 33.
283 3026 309 3037 -
338 2981 509 3078 Utraque
529 2982 661 3054 horum
680 2983 990 3056 documentorum
1011 2983 1156 3078 species
1176 2983 1299 3056 Rotae
1319 2983 1496 3056 historiae
1521 3009 1609 3056 con·

107 3109 256 3182 dendae
275 3107 491 3180 adiumento
511 3104 598 3179 fuit:
619 3106 738 3200 prima
756 3130 847 3179 vero
868 3106 987 3202 magis
1016 3107 1134 3179 multo
1161 3107 1300 3193 altera;
1322 3133 1407 3180 nam
1432 3107 1610 3180 Archivio

107 3249 235 3306 manet
263 3228 491 3304 notabillima
518 3230 670 3303 collectio
689 3231 931 3304 Processuum
951 3231 1189 3316 Auditorum,
1220 3233 1359 3306 scilicet
1379 3231 1473 3305 illius
1494 3232 1608 3328 inqui·

109 3359 265 3442 sitionis
296 3355 332 3429 in
363 3355 438 3427 vim
471 3353 592 3428 bullae
625 3353 837 3427 MartiniV
875 3354 958 3427 ‹ln
978 3356 1237 3452 ,apostolicam
1275 3357 1463 3430 faciendae
1496 3383 1613 3452 super

108 3483 195 3567 vita,
218 3481 416 3555 honestate
444 3479 633 3564 natalium,
655 3479 744 3552 iuris
774 3481 928 3554 scientia
950 3495 990 3552 et
1017 3479 1236 3554 sufficientia
1255 3482 1468 3554 reddituum
1489 3483 1613 3555 unius-

107 3609 291 3702 cuiusque
318 3603 427 3678 electi
446 3604 652 3690 Auditoris,
675 3621 878 3701 antequam
907 3603 965 3678 hic
990 3605 1025 3676 in
1055 3605 1155 3680 Rota
1182 3606 1330 3680 admitti
1358 3623 1499 3701 posset.
1523 3605 1611 3680 Col-

105 3732 219 3807 lectio
248 3731 341 3804 haec
368 3731 493 3826 incipit
520 3752 619 3804 anno
655 3753 763 3821 ¹492·
783 3746 844 3804 ast
871 3753 943 3804 non
973 3753 1105 3804 omnes
1132 3756 1175 3804 ac
1199 3731 1368 3828 singulos
1396 3756 1611 3827 processus,

107 3873 203 3953 quot
216 3855 306 3928 sacti
320 3853 478 3940 luerunt,
497 3869 643 3928 servat:
664 3853 911 3940 nihilominus,
929 3877 1085 3928 numero
1099 3879 1174 3946 224
1188 3879 1435 3950 processuum
1451 3871 1609 3941 constat,

105 3998 146 4055 et
174 4005 247 4076 pro
277 3977 406 4051 ultimo
433 3979 556 4052 Rotae
584 3975 736 4052 soeculo
764 3977 910 4075 integra
937 3995 1008 4052 est.
1039 3977 1206 4052 Utillima
1233 3979 1346 4098 igitur
1374 3979 1613 4068 documenta,

106 4107 247 4201 quibus
276 4103 353 4178 fere
381 4103 568 4198 superflua
587 4103 680 4176 fiunt
706 4119 1031 4199 supramemorata
1049 4103 1230 4199 epistolia.
1257 4147 1282 4158 -
1302 4104 1612 4178 Animadvertere

106 4243 293 4325 praestat,
323 4227 553 4323 antiquiores
581 4251 782 4322 processus
811 4228 955 4299 nonnisi
981 4243 1154 4302 constare
1173 4226 1282 4300 dictis
1301 4231 1451 4302 testium
1481 4230 1545 4323 qui
1564 4229 1612 4300 ad

106 4354 310 4450 probanda
337 4352 516 4448 requisita
543 4351 652 4424 electi
679 4352 875 4426 Auditoris
904 4352 1053 4424 suerunt
1081 4354 1214 4439 auditi;
1245 4369 1414 4426 recentes
1442 4378 1544 4438 ver0,
1574 4372 1614 4429 et

107 4479 230 4552 multo
260 4477 381 4575 magis
409 4477 695 4560 recentissimos,
721 4478 858 4549 nedum
887 4479 1038 4550 testium
1067 4477 1186 4563 dictis,
1207 4478 1276 4551 sed
1303 4495 1342 4552 et
1362 4479 1478 4574 copiis
1498 4480 1613 4553 docu-

107 4621 326 4677 mentorum
354 4625 452 4696 quae
472 4601 619 4696 scriptis
646 4600 770 4674 attulit
789 4602 950 4674 Auditor
978 4602 1121 4675 electus
1149 4617 1188 4674 et
1208 4603 1479 4699 Motusproprii
1499 4603 1611 4677 colla-

107 4729 222 4802 tionis
252 4728 513 4800 Auditoratus.

190 4935 198 4966 ¹
210 4932 436 4991 Inventarium
455 4933 531 4991 anui
549 4931 618 4990 1799
629 4933 710 4991 haee
722 4933 914 4992 documenta
927 4932 972 4991 sic
984 4933 1152 4992 describit:
1171 4933 1397 5006 ‹(Inventaria)
1447 4934 1614 4996 scansio„

112 5047 124 5070 ι
137 5030 407 5096 contrassegnate
419 5023 501 5080 colla
514 5031 617 5080 stessa
629 5023 743 5081 lettera
756 5021 823 5081 Β...
834 5054 843 5065 ·
854 5022 906 5082 Un
920 5022 1023 5080 Tomo
1032 5023 1064 5080 in
1076 5022 1174 5095 foglio
1186 5023 1293 5097 legato
1305 5024 1339 5081 in
1352 5039 1551 5098 pergamena
1563 5027 1612 5084 col

114 5135 126 5160 ι
138 5114 244 5171 titolo:
255 5111 484 5170 Admissiones
492 5110 520 5168 T
521 5127 584 5170 om.
598 5111 651 5170 l....
664 5141 682 5154 -
693 5109 926 5172 Credenzino...
940 5128 1000 5170 con
1013 5120 1261 5185 soprassegnata
1273 5113 1339 5170 lett.
1352 5114 1424 5172 Α...
1434 5115 1516 5171 altre
1526 5114 1613 5172 scrit·
1638 5108 1646 5122 '

114 5211 211 5258 sture
227 5203 262 5258 in
280 5201 365 5258 altra
384 5213 584 5274 pergamena
596 5200 644 5256 col
663 5200 765 5258 titolo:
779 5199 1006 5258 Admissiones
1024 5198 1115 5257 Tom.
1134 5199 1162 5257 ΙΙ
1175 5222 1200 5256 ι.
1213 5198 1255 5257 Ηί
1274 5199 1338 5258 duo
1356 5199 1448 5259 Tomi
1462 5203 1495 5260 in
1509 5217 1611 5260 unum

109 5290 238 5364 religati
259 5298 370 5363 postea
389 5289 497 5346 forsan
516 5295 599 5358 sunt,
612 5288 841 5346 constituentes
861 5289 1013 5346 volumen
1032 5289 1174 5346 existens
1192 5285 1277 5361 quod
1294 5289 1376 5346 duas
1393 5291 1614 5362 complectitur

109 5389 223 5452 partes
237 5379 309 5439 Nisi
328 5379 374 5436 ita
393 5379 444 5450 sit,
456 5377 496 5436 de
508 5377 650 5436 secunda
673 5401 685 5428 ι
694 5385 928 5451 pergameno»
952 5377 1127 5436 lnventarii
1147 5376 1274 5435 nullum
1287 5385 1409 5436 extaret
1428 5379 1615 5451 vestigium,
