3688 5924
256 381 275 436 t
895 377 1033 436 Soeculo
1051 376 1123 436 XII

339 572 482 645 Datum
510 571 713 646 Tusculani
744 595 814 667 per
847 593 980 642 manus
1018 567 1188 642 Gratiani
1223 585 1352 642 sancte
1389 569 1561 642 Romane
1598 565 1753 642 ecclesie

254 695 471 770 subdiaconi
498 712 537 770 et
565 695 709 780 notarii,
741 717 810 767 x111
838 691 1019 766 kalendas
1047 691 1139 790 julii.
1174 693 1379 767 Indictione
1407 715 1458 768 tv,
1487 691 1753 767 lncarnationis

255 820 436 895 dominice
463 845 563 895 anno
604 842 714 914 1171,
745 817 984 916 pontificatus
1020 841 1111 891 vero
1148 818 1288 891 domini
1325 815 1530 890 Alexandri
1571 841 1671 914 pape
1708 815 1754 887 lll

256 968 357 1018 anno
384 967 450 1020 ΧΗ.

987 1209 1022 1288 2.

253 1443 366 1516 Lucii
381 1443 455 1516 ΙΙΙ
471 1441 734 1546 (1181-1185)
752 1444 932 1518 acrarum
952 1467 1021 1541 quo
1040 1444 1099 1516 ius
1126 1467 1310 1516 commune
1327 1445 1368 1517 in
1386 1444 1634 1517 auxiliarium
1656 1446 1755 1518 zicrts

334 1568 501 1640 canonici
523 1577 750 1666 assumptum
777 1575 838 1643 est.
1520 1583 1521 1588 ’

334 1737 478 1810 (Consus
494 1740 580 1798 lutus
597 1737 761 1812 Cnuoutct,
780 1739 908 1798 Decret.
932 1738 1029 1810 (ἶνες.
1050 1739 1112 1809 IX,
1131 1739 1184 1797 tio.
1211 1737 1245 1810 V,
1263 1739 1311 1796 tit.
1331 1738 1474 1810 XXXII,
1492 1747 1561 1814 cap.
1577 1739 1602 1798 1.
1626 1771 1644 1782 -
1667 1739 1755 1797 Edit.

256 1827 446 1899 Friedberg.
467 1827 614 1902 Lipsiae,
633 1827 735 1900 1881).

334 2045 518 2118 Paduano
533 2045 720 2145 Episcopo.
741 2089 768 2099 -
786 2043 1039 2119 Intelleximus
1054 2070 1102 2118 ex
1119 2043 1251 2118 litteris
1265 2045 1349 2130 tuis,
1373 2043 1487 2141 quod,
1504 2067 1620 2139 quum
1640 2067 1762 2116 causa.
1832 2055 1833 2126 g

252 2194 326 2265 que
345 2169 503 2242 vertitur
521 2169 618 2242 inter
631 2169 788 2243 dilectos
807 2168 902 2243 filios
922 2186 1074 2243 nostros
1093 2169 1256 2265 priorem
1276 2167 1314 2243 S.
1332 2167 1508 2264 Cypriani
1526 2168 1575 2240 de
1592 2165 1757 2241 Venetia
1832 2172 1833 2192 ²

252 2313 292 2371 et
317 2297 472 2371 clericos
500 2298 547 2371 de
576 2298 742 2396 Rodigio·
767 2323 882 2393 super
908 2296 1063 2395 capella,
1093 2297 1231 2395 quein
1260 2297 1501 2394 preiudicium
1520 2295 1757 2392 baptismalis
1832 2323 1833 2398 J

253 2421 411 2497 ecclesie
425 2421 473 2495 de
494 2421 612 2496 Costa
630 2423 679 2497 ab
697 2422 841 2496 eisdem
860 2421 1002 2496 clericis
1016 2437 1077 2496 est
1094 2438 1319 2508 constructa,
1342 2422 1438 2494 sicut
1457 2422 1566 2496 nobis
1584 2421 1757 2494 eiusdem

253 2547 388 2642 prioris
418 2545 548 2620 relatio
576 2545 861 2631 demonstravit,
891 2545 1113 2620 fraternitati
1140 2562 1255 2620 tuea
1292 2545 1384 2619 sede
1418 2543 1626 2642 apostolica
1653 2543 1759 2619 dele·
1832 2635 1833 2656 Χ

252 2687 343 2771 gata
365 2671 508 2759 suisset,
528 2672 601 2746 fine
628 2673 807 2746 canonico
835 2671 1077 2758 terminanda,
1110 2673 1279 2767 partibus
1315 2671 1365 2745 ad
1393 2689 1496 2746 tuam
1524 2671 1758 2768 presentiam
1832 2729 1833 2768 ᾗ

252 2796 476 2882 convocatis,
495 2819 563 2892 per
581 2811 699 2870 testes
728 2795 954 2870 sufficienter
982 2797 1047 2870 tibi
1081 2797 1252 2883 innotuit,
1281 2795 1386 2890 quod
1419 2795 1563 2893 prelata
1600 2793 1760 2869 eeclesia
1832 2773 1833 2794 l

252 2919 301 2993 de
330 2920 482 3017 Rodigo
510 2921 669 2993 eandem
696 2919 880 3016 capellam
909 2936 998 3016 post
1024 2919 1316 3018 appellationem
1353 2920 1401 2992 ad
1441 2945 1509 2994 nos
1546 2919 1681 2993 laetam
1718 2939 1761 2992 et

252 3043 577 3118 denunciationem
606 3046 691 3118 novi
718 3047 856 3142 operis,
885 3043 1059 3118 edificare
1097 3060 1285 3142 coeperat,
1316 3060 1356 3118 et
1393 3047 1443 3120 ob
1478 3045 1549 3118 hoc
1586 3044 1761 3140 prelatus
1832 3121 1833 3142 2

251 3167 354 3266 prior
379 3169 416 3242 in
445 3169 578 3243 iudicio
606 3170 835 3264 postulabat,
856 3170 1041 3266 quidquid
1068 3170 1104 3242 in
1134 3169 1326 3266 sepedicta
1352 3169 1494 3267 capella
1514 3186 1601 3266 post
1629 3170 1760 3266 appel·

251 3295 427 3369 lationem
446 3296 496 3368 ad
515 3319 585 3369 nos
614 3294 749 3369 laetam
778 3313 817 3369 et
844 3296 1171 3371 denunciationem
1196 3296 1281 3370 novi
1299 3297 1427 3392 operis
1454 3294 1592 3368 sactum
1621 3295 1757 3382 suerat,
1832 3279 1833 3294 ἶ

250 3419 400 3514 penitus
419 3417 599 3492 demoliri.
623 3420 746 3516 Super
773 3445 850 3517 quo
877 3420 1090 3494 discretioni
1120 3439 1184 3494 tue
1211 3420 1364 3494 dubium
1392 3420 1600 3506 videbatur,
1630 3435 1760 3492 utrum

249 3544 298 3616 ad
318 3543 387 3617 hec
406 3543 559 3642 procedi
578 3568 694 3639 posse
722 3544 857 3619 iudicio
884 3547 1075 3632 canonico,
1096 3546 1162 3643 (et)
1181 3571 1297 3641 quum
1327 3544 1413 3617 nibil
1441 3546 1489 3618 de
1518 3544 1761 3620 nuntiatione

252 3667 338 3742 novi
360 3667 487 3765 operis
524 3667 572 3741 sit
599 3669 636 3741 in
678 3671 883 3743 canonibus
920 3669 1121 3756 definitum,
1161 3669 1298 3743 duxisti
1340 3673 1471 3744 sedem
1507 3669 1761 3765 apostolicam

254 3793 536 3870 consulendam.

332 3915 443 4010 Quia,
468 3943 570 4005 vero,
602 3917 697 3990 sicut
724 3918 887 3992 humane
915 3918 1021 4016 leges
1051 3943 1123 3993 non
1153 3918 1405 4017 dedignantur
1433 3945 1562 3994 sacros
1591 3932 1764 3994 canones

250 4041 395 4126 imitari,
426 4043 478 4115 ita
504 4058 544 4115 et
571 4067 762 4117 sacrorum
795 4059 938 4118 statuta
965 4067 1150 4116 canonum
1177 4043 1386 4140 Principum
1425 4044 1763 4120 constitutionibus

249 4165 483 4250 adiuvantur,
515 4166 736 4241 fraternitati
765 4186 828 4241 tue
866 4161 1104 4264 presentibus
1139 4167 1254 4242 literis
1296 4169 1530 4256 mandamus,
1566 4185 1766 4267 quatenus

250 4289 450 4388 diligenter
478 4291 731 4377 considerans,
761 4293 863 4386 quod
892 4306 981 4388 post
1011 4292 1336 4367 denunciationem
1374 4294 1461 4367 novi
1496 4293 1634 4388 operis,
1674 4293 1767 4368 sive

250 4415 339 4500 iure,
373 4414 450 4488 sive
479 4417 620 4501 iniuria,
651 4416 790 4512 aliquid
819 4433 1069 4504 construatur,
1092 4417 1140 4490 de
1167 4415 1352 4514 legalibus
1379 4417 1492 4492 debet
1520 4419 1771 4492 constitutio-

252 4541 360 4613 nibus
399 4539 586 4613 demoliri:
624 4556 664 4612 et
696 4542 784 4636 quia
819 4541 918 4614 nulla
954 4540 1113 4616 ecclesia
1149 4543 1185 4614 in
1221 4543 1464 4638 preiudicium
1503 4558 1563 4616 est
1599 4544 1771 4619 alterius

250 4665 515 4751 construenda,
545 4664 697 4739 adscitis
725 4666 789 4738 tibi
819 4666 906 4738 viris
944 4667 1203 4762 prudentibus
1240 4667 1433 4766 negotium
1468 4669 1590 4765 ipsum
1618 4693 1771 4743 secun-

251 4788 341 4862 dum
371 4789 516 4887 Legum
545 4805 584 4863 et
613 4791 809 4865 Canonum
840 4806 992 4878 statuta,
1021 4791 1275 4888 appellatione
1310 4808 1465 4877 remota,
1497 4817 1570 4867 non
1603 4793 1774 4872 differas

253 4914 463 4988 terminare.
973 4987 975 4991 ,

359 5039 455 5111 Nam
485 5065 600 5135 quum
630 5055 667 5112 te
695 5037 894 5114 credamus
922 5042 958 5113 in
988 5057 1150 5136 utroque
1169 5042 1247 5114 iure
1266 5041 1438 5137 peritum,
1462 5041 1628 5115 securius
1647 5043 1777 5118 duxi-

251 5186 334 5234 mus
362 5186 514 5235 causam
543 5188 611 5259 per
638 5178 741 5236 tuam
771 5163 1056 5238 sollicitudinem
1077 5165 1264 5240 terminari
1282 5165 1369 5261 quia
1388 5190 1454 5263 per
1474 5165 1572 5240 dicta
1591 5168 1777 5262 partium

248 5300 288 5359 et
316 5288 496 5361 terminos
523 5303 563 5361 et
590 5287 684 5360 fines
713 5287 880 5361 locorum
914 5289 1060 5385 plenius
1097 5290 1239 5385 poteris
1276 5315 1506 5388 cognoscere
1543 5291 1773 5384 veritatem,

250 5437 363 5507 quam
392 5412 532 5509 aliquid
560 5437 583 5486 a
611 5413 729 5499 nobis,
762 5412 1021 5510 ignorantibus
1050 5411 1267 5510 qualitatem
1296 5415 1446 5515 negotii,
1477 5415 1630 5490 definiri.
