3748 5914
263 295 320 354 314
890 259 1027 350 Saeculo
1044 291 1132 352 XVI

346 485 426 559 Nec
454 484 596 560 relevat
623 485 807 581 exceptio,
838 486 941 581 quod
972 485 1095 581 Papae
1123 486 1278 560 intentio
1307 510 1381 560 non
1410 486 1459 560 sit
1485 486 1766 583 praeiudicandi

267 609 315 681 D.
347 609 574 692 Dohanerio,
596 609 685 704 quia
712 631 787 682 non
805 609 931 706 agitur
949 609 998 682 de
1017 609 1097 682 eius
1116 609 1365 704 praeiudicio;
1387 625 1522 696 stante,
1542 610 1647 704 quod
1665 609 1766 682 dicta

263 733 455 830 exemptio
482 751 521 807 et
550 733 659 808 solita
687 731 783 806 illius
812 733 948 807 solutio
976 756 1050 807 non
1078 749 1144 806 est
1180 759 1243 807 res
1279 757 1388 820 nova,
1421 750 1461 807 et
1495 734 1554 808 ille
1586 733 1766 808 conduxit

266 859 465 932 Dohanam
494 885 577 932 cum
605 858 760 954 antiquo
788 881 902 932 onere
927 857 1109 956 privilegii
1128 858 1387 954 exemptionis,
1404 876 1454 947 et,
1474 873 1762 956 consequenter,

266 1009 335 1080 pro
350 983 496 1079 praetio
511 999 618 1056 tanto
633 984 775 1068 minori,
793 998 937 1079 quanto
953 982 1115 1056 Camera
1133 981 1218 1078 plus
1237 981 1402 1058 locasset
1416 983 1496 1057 sine
1510 982 1762 1079 exemptione.

345 1108 481 1203 Neque
509 1134 556 1182 ex
583 1107 745 1180 adverso
773 1107 1025 1204 principaliter
1052 1109 1177 1206 agitur
1213 1107 1261 1182 de
1298 1107 1526 1206 praeiudicio
1562 1107 1771 1192 evitando;v

175 1253 177 1258 ’
264 1232 335 1306 sed
361 1232 487 1330 agitur
516 1232 767 1328 principaliter
803 1232 852 1305 de
883 1233 1060 1306 evitando
1092 1233 1230 1306 dictam
1268 1231 1492 1307 solutionem
1520 1231 1678 1315 solitam,
1717 1256 1763 1304 ac

264 1357 312 1429 de
340 1356 523 1452 privando
550 1380 619 1451 per
636 1354 855 1428 indirectum
876 1355 994 1428 Rriros
1014 1355 1145 1428 Patres
1164 1381 1295 1430 eorum
1315 1354 1510 1455 privilegio
1528 1371 1569 1429 et
1584 1354 1763 1430 alimento

265 1480 348 1564 vini,
379 1482 483 1578 quod
510 1481 717 1576 antiquitus
746 1479 957 1578 Collegium
985 1505 1137 1576 semper
1158 1481 1288 1556 habuit
1304 1498 1344 1554 et
1362 1479 1477 1557 habet
1495 1507 1518 1556 a
1537 1479 1636 1554 Sede
1655 1481 1766 1576 Apo-

264 1604 406 1692 stolica,
444 1622 484 1680 et
521 1607 743 1692 successive,
783 1605 821 1677 in
857 1607 1138 1700 consequentia,
1177 1605 1224 1678 de
1261 1604 1440 1680 lucrando
1476 1607 1602 1680 valore
1639 1605 1764 1678 dictae

263 1731 525 1828 exemptionis.

346 1855 472 1928 Minus
500 1857 629 1929 obstat
656 1850 976 1954 Sacro'Collegio
1005 1870 1203 1951 praetensa
1232 1857 1327 1929 ratio
1355 1881 1402 1930 ex
1420 1854 1581 1930 adverso
1600 1854 1767 1928 deducta

264 2005 314 2053 ex
342 1979 517 2076 Capitulo
546 1981 602 2054 sui
631 1980 822 2076 Appaltus
858 1979 963 2053 ‹che
990 1977 1025 2053 la
1053 1979 1247 2054 franchitia
1274 1979 1335 2053 del
1361 1981 1447 2054 vino
1475 1979 1671 2052 s'intenda
1697 2003 1768 2074 per

273 2131 381 2178 ‹uso
409 2106 573 2201 proprio,
604 2121 643 2180 et
675 2130 749 2179 non
777 2103 978 2178 altrimenti
1018 2104 1055 2177 di
1092 2104 1309 2178 venderla»
1357 2104 1455 2200 quia,
1494 2120 1618 2178 stante
1660 2107 1765 2199 quod

267 2229 482 2334 Capitulum
509 2247 570 2304 est
596 2231 791 2326 antiquum
818 2246 858 2303 et
884 2229 1095 2304 successive
1124 2231 1159 2302 in
1179 2228 1348 2326 quolibet
1364 2227 1534 2326 Appaltu
1554 2246 1615 2303 est
1634 2253 1768 2325 respe-

265 2369 418 2439 ctatum,
449 2379 603 2450 semper
630 2353 859 2454 intelligitur,
889 2356 1003 2429 rebus
1032 2355 1084 2428 sic
1103 2355 1303 2440 stantibus
1323 2354 1394 2430 hoc
1413 2370 1492 2430 est:
1512 2353 1672 2427 durante
1690 2379 1764 2427 usu

176 2517 179 2523 ·
266 2479 349 2554 talis
378 2478 464 2553 Vini
492 2481 612 2576 Ripae
641 2497 679 2554 et
707 2504 812 2554 more
839 2478 928 2553 illud
956 2479 1202 2553 communiter
1231 2495 1270 2552 et
1297 2478 1498 2554 honorifice
1531 2480 1679 2554 emendi
1714 2481 1764 2553 ad

239 2635 240 2640 ¹
264 2605 458 2701 proprium
487 2631 607 2690 usum,

345 2729 495 2804 Mutato
522 2746 649 2804 autem
679 2754 748 2802 usu
777 2728 865 2802 dicti
892 2727 977 2802 Vini
1007 2727 1160 2824 Ripalis‚
1191 2744 1305 2824 prout
1333 2728 1487 2826 contigit
1508 2752 1577 2824 per
1593 2727 1765 2802 introdu-

264 2855 427 2930 ctionem
454 2853 607 2930 alterius
635 2853 720 2927 Vini
748 2869 825 2928 tam
853 2853 1018 2928 melioris
1046 2870 1085 2927 et
1113 2853 1282 2938 sanioris,
1313 2869 1354 2928 ut
1382 2854 1477 2928 illius
1503 2853 1696 2948 exemptio
1724 2870 1765 2926 et

266 3005 356 3054 usus
398 2980 519 3054 omitti
565 2979 800 3053 laudabiliter
837 3004 910 3052 non
946 2979 1079 3075 possit,
1111 2980 1180 3053 rite
1221 2979 1288 3053 fuit
1329 2979 1614 3076 interpretatum
1656 2979 1762 3073 quod

263 3105 515 3201 exemptionis
542 3104 778 3201 privilegium
807 3127 881 3178 non
909 3104 958 3177 sit
985 3104 1189 3178 extinctum
1218 3121 1258 3178 et
1285 3104 1432 3190 debeat,
1456 3103 1643 3178 mediante
1661 3103 1764 3178 dicta

265 3233 432 3327 pecunia,
473 3230 666 3304 observari
703 3254 786 3303 cum
829 3229 1118 3304 diminutione...
1162 3229 1211 3302 ad
1252 3229 1518 3326 praeiudicium
1561 3228 1687 3302 Rotae
1725 3227 1762 3300 in

263 3354 443 3452 pluribus,
474 3371 515 3428 ut
543 3378 670 3450 supra,
699 3355 748 3427 ad
776 3355 1015 3429 commodum
1044 3354 1248 3428 Dohanerii
1276 3370 1317 3427 et
1344 3353 1539 3428 Camerae.

345 3481 520 3566 Demum,
551 3504 625 3554 non
653 3478 863 3576 applicatur
881 3481 1054 3575 exceptio
1073 3481 1265 3576 praetensi
1283 3480 1426 3554 abusus
1444 3480 1506 3575 qui
1526 3480 1575 3554 sit
1593 3476 1763 3554 sublatus

263 3629 332 3701 per
360 3605 534 3680 Edictum
562 3605 779 3703 generalem
808 3605 865 3678 sui
892 3604 1079 3700 appaltus,
1110 3603 1198 3700 quia
1225 3603 1438 3703 Collegium
1466 3627 1535 3700 pro
1553 3605 1634 3678 eius
1652 3619 1763 3699 parte

262 3745 449 3827 perpetuo
477 3732 652 3805 tractavit
679 3729 799 3804 solum
829 3755 899 3826 pro
928 3755 995 3802 sua
1023 3729 1262 3826 exemptione
1281 3755 1340 3817 eo,
1369 3754 1446 3825 quo
1465 3729 1597 3825 potuit,
1620 3729 1764 3802 meliori

263 3855 389 3929 modo.

344 3980 393 4052 Et
421 3980 571 4055 solitum
588 3981 721 4090 'dctae
749 3979 946 4054 solutionis
975 4003 1048 4052 non
1077 3979 1144 4052 fuit
1170 3980 1312 4053 abusus
1343 3979 1547 4052 Dohanerii
1575 4003 1646 4074 pro
1665 3959 1763 4052 tem-

264 4127 356 4199 pore
385 4129 467 4177 cum
497 4103 723 4200 praeiudicio
752 4103 994 4189 successoris,
1024 4104 1091 4178 sed
1134 4102 1201 4177 luit
1237 4103 1336 4177 iusta
1371 4102 1612 4178 observantia
1648 4104 1765 4175 inter-

218 4212 222 4219 *
264 4229 448 4324 pretativa
477 4228 669 4326 privilegii,
701 4228 805 4324 quod
831 4229 953 4312 durat,
984 4245 1027 4301 ut
1054 4251 1181 4325 supra,
1211 4244 1251 4301 et
1288 4228 1379 4302 haec
1415 4227 1655 4302 observantia
1693 4225 1765 4300 luit

262 4353 333 4426 rite
361 4354 573 4427 introducta
599 4355 823 4428 auctoritate
852 4352 1036 4427 Camerae
1065 4377 1164 4449 quae
1192 4353 1342 4427 admisit
1377 4369 1416 4426 et
1444 4351 1618 4426 solidavit
1646 4350 1765 4426 Com·

262 4495 354 4574 puta
384 4479 684 4554 Dohaneriorum
713 4504 796 4552 cum
829 4478 1002 4552 omnibus
1037 4477 1144 4552 dictis
1176 4477 1434 4564 solutionibus,
1466 4476 1518 4551 uti
1553 4475 1691 4551 debitis
1723 4495 1765 4552 et

262 4604 333 4678 rite
361 4604 477 4680 lactis.

344 4727 473 4821 Quare
501 4747 572 4805 etc.
