3748 5914
255 317 310 380 246
886 315 1023 375 Soerulo
1042 313 1130 374 XVI

313 579 316 584 ,
336 512 478 586 Datum
507 511 640 595 Rome,
657 509 758 607 apud
787 509 825 585 S.
847 510 1010 595 Petrum,
1039 531 1138 582 anno
1157 505 1419 580 incarnationis
1439 501 1635 578 millesimo
1654 503 1758 601 quin-

253 637 464 737 gentesimo
492 636 665 732 septimo,
696 634 827 732 quinto
854 631 927 709 kal.
958 633 1054 716 iunii,
1086 629 1329 706 Pontificatus
1354 631 1472 704 nostri
1489 651 1590 702 anno
1607 643 1758 724 quarto.

337 761 476 849 Gratis,
508 761 556 834 de
585 760 764 835 mandato
792 758 870 832 Sriri
898 758 934 833 d.
966 781 1065 855 pape

1229 881 1254 956 1.
1285 880 1334 954 de
1362 878 1542 952 Annuciis

472 1010 520 1085 N.
550 1011 753 1084 Andonart

472 1135 514 1209 F.
546 1133 727 1232 Scapputj

470 1258 662 1333 Theromo
690 1255 816 1332 Fortis

1203 1376 1245 1452 F.
1277 1375 1539 1450 Castilioneus.

822 1594 844 1642 ἢ

968 1679 1054 1758 145.

256 1861 502 1974 Andeloribus
528 1863 646 1936 Rotae
673 1861 795 1934 Julius
822 1859 875 1934 II
890 1860 1106 1952 facultatem
1139 1862 1233 1950 sacri
1267 1860 1427 1934 artandi
1449 1861 1558 1934 etrum
1585 1859 1629 1934 dr
1661 1860 1764 1934 bonu

335 2013 383 2060 ex
399 1984 601 2082 sructzbus,
632 1984 834 2060 redditibus
860 1993 895 2058 et
914 1985 1148 2082 prournubus
1174 1984 1418 2060 ecclesiasticas
1443 1984 1641 2083 acquiritis.

335 2158 451 2231 (Auca.
468 2157 555 2232 Ros,
580 2155 798 2230 ‹Prrur'legr’a
811 2182 837 2231 »,
852 2163 933 2224 tom.
951 2157 981 2226 I,
997 2163 1085 2232 part.
1104 2157 1131 2228 I,
1153 2173 1185 2216 n.
1205 2155 1344 2230 XXXI).

1369 2319 1447 2392 1507,
1465 2317 1546 2378 iunii
1562 2315 1609 2390 25,
1627 2317 1765 2378 Romae.

337 2484 451 2558 lulius
478 2484 692 2579 episcopus,
723 2505 855 2557 servus
883 2506 1080 2558 servorum
1118 2482 1202 2558 Dei.
1233 2484 1296 2557 Ad
1328 2483 1491 2556 suturam
1528 2481 1582 2556 rei
1617 2507 1766 2556 memo-

258 2609 361 2684 riam.
400 2609 564 2684 Romam‘
603 2605 793 2697 Pontzfia's
830 2615 1008 2704 tanquam
1040 2607 1125 2682 boni
1154 2607 1288 2682 Patres
1307 2606 1484 2702 samrlrus
1524 2606 1765 2702 providentia

256 2735 527 2830 circumspecta
561 2755 677 2829 supra
713 2731 882 2829 singulos
923 2732 1060 2807 familie
1102 2757 1170 2808 sue
1210 2732 1376 2830 dirigens
1417 2731 1766 2827 circumspectionis

255 2858 429 2933 intuitum
457 2883 502 2932 ac
529 2857 763 2955 singulorum
791 2856 924 2932 merita
951 2873 991 2932 et
1017 2856 1167 2932 labores
1195 2856 1323 2932 debita
1358 2855 1602 2930 meditatione
1639 2857 1766 2930 consi-

256 2984 406 3066 derans,
436 2980 498 3056 illa
525 2980 682 3078 provida
711 2979 981 3056 deliberatione
1008 2981 1182 3056 concedit
1208 2996 1248 3055 et
1273 2979 1424 3055 ordinat
1440 3004 1511 3076 per
1533 3003 1607 3077 que
1626 2978 1767 3078 singuli

257 3107 429 3182 laborum
471 3130 624 3180 suorum
653 3103 878 3204 condignam
915 3103 1067 3179 valeant
1102 3105 1442 3180 remunerationem
1470 3119 1509 3178 et
1548 3105 1766 3180 mercedem

259 3231 465 3328 suscipere.

339 3355 495 3430 Dudum
522 3355 708 3452 siquidem
737 3354 851 3430 felicis
878 3355 1148 3430 recordationis
1177 3353 1305 3428 Sixtus
1333 3355 1399 3450 Pp.
1422 3353 1485 3441 lV,
1515 3353 1768 3451 predecessor

260 3497 400 3568 noster,
430 3481 542 3554 certis
571 3506 619 3554 ex
646 3481 770 3555 causis
788 3481 951 3554 animum
972 3504 1081 3554 suum
1101 3459 1350 3566 moventibus,
1371 3477 1630 3554 instaurationi
1649 3477 1767 3553 Urbis

258 3631 303 3680 ac
345 3604 549 3680 Curialium
592 3605 707 3680 statui
748 3621 787 3678 et
829 3605 1046 3679 necessitati
1085 3603 1311 3700 opportunis
1352 3604 1526 3678 remediis
1567 3603 1768 3677 consulere

258 3724 430 3825 cupiens,
454 3743 640 3825 perpetuo
681 3726 840 3803 valitura
869 3727 1149 3802 Constitutione
1191 3728 1323 3802 statuit
1363 3743 1404 3801 et
1438 3727 1625 3802 ordinavit
1661 3728 1769 3823 quod

258 3877 391 3928 omnes
418 3869 459 3928 et
486 3853 623 3952 singuli
651 3854 815 3938 tamvsui
844 3851 1015 3928 Curiales
1043 3877 1157 3951 quarn
1184 3853 1245 3926 alii
1268 3853 1535 3948 cuiuscumque
1557 3850 1766 3948 dignitatis,

258 3991 392 4066 status,
423 3978 576 4076 gradus,
597 3977 753 4064 ordinis,
774 3978 1042 4077 preeminentie
1061 3976 1123 4052 vel
1136 3977 1359 4052 conditionis
1373 3977 1587 4064 existerent,
1604 3974 1722 4050 etiam
1737 3976 1768 4050 si

260 4101 524 4177 Cardinalatus
552 4101 695 4177 honore
721 4118 788 4176 aut
815 4101 1066 4201 patriarchali,
1095 4101 1426 4200 Archiepi'scopali,
1449 4100 1674 4200 Episcopali,
1701 4116 1770 4174 aut

258 4250 497 4324 quacumque
524 4226 777 4301 ecclesiastica
804 4227 863 4302 vel
890 4227 964 4301 alia
992 4226 1183 4300 mundana
1210 4225 1469 4324 prefulgerent
1486 4224 1680 4325 dignitate,
1701 4225 1768 4322 qui

261 4351 412 4437 Palatia,
444 4351 603 4438 Domos,
635 4350 786 4426 Casulia
814 4353 893 4427 sive
920 4351 993 4426 alia
1021 4349 1164 4425 edificia
1193 4352 1337 4426 urbana
1364 4351 1425 4424 vel
1451 4350 1590 4425 rustica
1617 4347 1769 4425 edifica-

258 4493 393 4551 verant
420 4491 488 4550 aut
514 4475 730 4552 edificarent
757 4502 826 4551 seu
854 4476 1002 4551 fundari
1036 4491 1078 4550 et
1108 4475 1271 4550 edificari
1306 4474 1473 4549 fecerant
1508 4491 1574 4549 aut
1600 4473 1768 4548 lacerent

258 4619 325 4676 aut
353 4600 525 4676 edificata
552 4615 592 4674 et
620 4617 842 4692 constructa,
862 4615 1033 4675 emerant
1060 4598 1120 4674 vel
1148 4615 1319 4674 emerent
1345 4616 1412 4673 aut
1438 4598 1510 4673 alia
1537 4597 1598 4673 vel
1629 4623 1767 4673 census

259 4749 408 4800 annuos
436 4726 516 4801 iura
542 4741 581 4800 et
609 4726 742 4822 quevis
769 4725 976 4802 immobilia
1002 4727 1102 4800 bona
1130 4725 1167 4798 in
1195 4723 1302 4800 Urbe
1329 4723 1388 4799 vel
1415 4738 1522 4798 extra
1551 4737 1619 4798 aut
1645 4747 1765 4820 prope

260 4873 345 4925 eam
385 4850 436 4923 ad
476 4851 608 4925 decem
649 4849 817 4925 milliaria
857 4848 932 4924 alio
968 4850 1104 4946 quovis
1140 4851 1241 4925 iusto
1275 4847 1383 4923 titulo
1411 4865 1488 4922 tam
1515 4874 1564 4922 ex
1590 4848 1699 4924 bonis
1728 4863 1766 4920 et

261 4975 429 5070 pecuniis
454 4975 617 5071 propriis
645 5000 758 5071 quam
785 4998 833 5048 ex
860 4974 1053 5062 fructibus,
1071 4969 1280 5050 redditibus
1307 4989 1347 5049 et
1373 4972 1620 5069 proventibus
1648 4972 1766 5047 eccle-

261 5097 496 5174 siasticorum
523 5097 789 5174 beneficiorum
816 5100 866 5173 ad
894 5124 962 5174 eos
990 5099 1241 5195 spectantium
1270 5099 1578 5196 provenientibus
1605 5097 1767 5194 acquisi-

261 5237 395 5298 verant
412 5238 570 5298 eatenus
585 5222 645 5296 vel
658 5225 694 5297 in
709 5237 905 5321 posterum
920 5223 1158 5320 acquirerent
1176 5224 1224 5297 de
1242 5223 1386 5298 eisdem
1402 5221 1612 5310 Casalibus,
1634 5221 1766 5296 Domi·

261 5347 343 5434 bus,
374 5347 535 5436 Palatiis,
565 5347 729 5432 edificiis,
760 5348 945 5433 censibus,
975 5349 1127 5434 iuribus,
1158 5371 1227 5422 nec
1264 5372 1338 5423 non
1374 5348 1599 5437 Territoriis,
1633 5345 1763 5429 leudis,
