3688 5924
701 371 893 474 Innocentio
910 415 966 474 III
1568 418 1587 474 7

246 515 263 519 --
278 515 892 522 --——-.-—--—--—-—-—-—--—0-——.-—s---
949 517 953 520 -
992 517 1038 522 ...-
1065 517 1103 525 ...—
1122 516 1585 526 —0-ffl—-ffl-—ss-

823 783 859 860 6.

89 994 310 1066 Innocentius
342 995 417 1068 III
438 993 760 1094 Arcbc'episcopum
777 1006 813 1069 et
833 995 1050 1094 Episcopum
1069 995 1175 1093 apud
1189 994 1316 1070 Sedcm
1337 996 1584 1095 Apostolicam

158 1127 433 1200 commorantes,
463 1119 530 1191 dat
556 1119 768 1202 Auditores,
789 1127 832 1203 et,
851 1144 964 1192 causa
984 1119 1173 1217 pendente,
1204 1119 1382 1219 Episcopo
1409 1121 1453 1194 ab
1488 1120 1585 1194 Urbe

161 1243 323 1330 discesso,
355 1244 430 1317 loco
456 1245 534 1317 eius
562 1243 748 1318 substituit
773 1243 1040 1318 Subdc'aconnm
1066 1253 1102 1318 ct
1130 1242 1378 1340 Capelianum.

160 1416 250 1488 (Risu.
270 1415 366 1489 Vns,
384 1417 408 1474 4
418 1415 485 1490 fol.
504 1417 561 1475 68·
585 1433 676 1476 nuno
695 1416 722 1488 I,
739 1424 809 1491 cap.
827 1415 914 1487 269,·
932 1417 1062 1490 Bnnun,
1077 1417 1101 1478 t.
1114 1432 1151 1486 c.,
1168 1416 1230 1476 vot.
1249 1415 1295 1486 II,
1313 1433 1345 1474 n.
1358 1415 1449 1484 283,¹
1466 1415 1587 1488 Minus

84 1505 145 1562 ool.
166 1505 243 1576 2111,
262 1506 324 1576 col,
341 1505 423 1576 237,
444 1523 475 1563 n.
498 1505 587 1572 283,¹
607 1505 784 1576 Possunss,
809 1505 964 1578 «neges.
983 1503 1105 1564 Pont.»
1128 1511 1196 1578 etc,
1214 1521 1247 1564 n.
1266 1505 1356 1577 292).

1196 1683 1274 1754 ins,
1293 1684 1374 1744 sunu
1394 1659 1437 1758 n,
1455 1684 1586 1744 Romae.

162 1888 321 1984 Hugoni
337 1887 474 1962 Abbati
497 1897 533 1960 ct
561 1887 761 1962 Conventui
786 1887 824 1962 S.
848 1889 1007 1961 Zenonis
1034 1889 1207 1962 Vononen.
1229 1885 1373 1961 -Cum
1401 1887 1498 1961 inter
1516 1912 1586 1961 vos

76 2037 125 2084 ex
156 2036 231 2084 una
257 2026 368 2108 parte
399 2037 470 2108 pro
499 2011 667 2086 Ecclesia
694 2027 833 2096 vestra,
863 2028 903 2086 et
932 2011 1125 2084 Musetum
1153 2010 1532 2109 Archipresbyterum

77 2135 232 2231 questio
260 2151 516 2212 verteretur...
552 2135 786 2212 venerabiles
815 2137 950 2210 iratres
987 2151 1138 2210 nostros
1167 2135 1205 2211 P.
1233 2133 1582 2234 Compostellanum

79 2261 419 2358 Archiepiscopum
448 2278 487 2336 et
517 2262 693 2336 Odonem
723 2261 937 2335 Terdonen.
959 2261 1201 2357 Episcopum,
1224 2279 1312 2335 tunc
1330 2260 1433 2357 apud
1447 2260 1586 2334 Sedem

79 2386 344 2480 Apostolicam
381 2402 672 2473 commorantes,
702 2385 876 2460 dedimus
915 2385 1132 2460 Auditores.
1163 2383 1240 2459 Sed
1275 2387 1361 2481 ipso
1395 2385 1586 2482 Episcopo

76 2510 139 2582 lite
170 2511 364 2606 pendente
390 2511 439 2584 ab
468 2509 583 2584 Urbis
610 2511 779 2607 partibus
808 2509 1019 2592 recedente,
1049 2508 1225 2583 dilectum
1259 2509 1372 2583 filium
1404 2509 1456 2585 M.
1486 2508 1584 2584 Sub·

76 2635 280 2708 diaconum
308 2651 348 2708 et
377 2633 620 2730 Capelianum
652 2652 822 2710 nostrum
849 2635 933 2709 loco
961 2635 1043 2708 eius
1072 2635 1284 2708 curavimus
1308 2634 1583 2709 substituere...

821 2972 858 3052 7.

76 3201 314 3273 innnocentius
333 3199 406 3273 III
429 3199 665 3274 Cardinalcm
693 3201 761 3275 dot
777 3179 1006 3290 Auditorcm,
1027 3205 1130 3277 cuius
1156 3202 1379 3290 commendam,
1401 3203 1516 3278 latam
1540 3205 1585 3278 de

157 3323 336 3398 mandato
366 3332 402 3397 et
434 3324 616 3399 voluntate
649 3348 729 3412 suc,
759 3325 880 3400 habito
907 3326 1081 3426 plurium
1116 3327 1264 3402 consnbnin
1298 3335 1334 3399 et
1366 3327 1581 3428 nomcicutim

159 3449 375 3535 Laurentii,
404 3446 635 3537 Subdiaconi,
665 3451 754 3524 iuris
782 3451 902 3549 periti,
930 3451 1135 3547 confirmat.

157 3622 255 3694 (Rea.
273 3621 367 3695 Van,
384 3621 417 3695 4,
427 3621 492 3694 fot.
515 3622 582 3689 80⁸,
608 3623 699 3684 anno
720 3623 748 3696 Ι,
767 3631 837 3698 cap.
862 3625 949 3694 299,·
967 3623 1137 3700 Ennomus,
1163 3627 1183 3685 t.
1205 3643 1241 3696 c.,
1261 3626 1354 3700 epist.
1363 3627 1430 3686 314
1436 3645 1448 3694 ,·
1466 3627 1586 3700 Mrcun

74 3713 140 3773 tut.
160 3712 245 3784 214,
263 3713 321 3770 col.
339 3711 418 3780 273,
440 3727 473 3770 n.
495 3711 582 3782 314,·
601 3711 778 3787 Porrnnsn,
803 3729 835 3772 n.
853 3713 944 3787 325).

1219 3895 1296 3968 1198,
1315 3896 1384 3956 iulii
1403 3895 1429 3968 9,
1452 3895 1585 3956 Romae.

158 4075 333 4151 cliidran.
366 4077 592 4176 Presbytero.
621 4119 648 4131 -
679 4069 853 4181 Cumptu
886 4092 926 4150 et
961 4075 1002 4150 B.
1034 4077 1232 4174 presbyter
1259 4075 1491 4164 Tarvisinus,
1520 4079 1586 4174 qui

71 4229 113 4274 se
145 4201 397 4275 sufficientem
427 4216 708 4297 procuratorem
736 4225 806 4296 pro
835 4199 861 4273 l.
893 4199 1102 4288 sacerdote,
1123 4226 1236 4298 quem
1256 4201 1424 4275 similiter
1442 4203 1479 4274 in
1497 4225 1586 4275 cau-

71 4355 157 4400 sam
192 4345 372 4410 traxeras,
406 4327 443 4398 in
480 4327 670 4422 presentia
708 4341 838 4400 nostra
866 4327 1035 4424 gerebat,
1067 4349 1136 4421 pro
1172 4325 1298 4399 multis
1323 4325 1584 4424 questionibus

69 4457 173 4527 inter
203 4477 272 4526 vos
301 4452 436 4525 habitis
464 4451 567 4548 apud
594 4451 726 4524 sedem
754 4451 1003 4547 apostolicam
1030 4452 1224 4526 constituti
1251 4452 1400 4540 essetis,
1421 4476 1491 4526 nos
1518 4452 1585 4527 tibi

69 4595 110 4652 et
147 4579 185 4652 ei
220 4576 388 4650 delutum
415 4577 538 4666 filium
575 4591 746 4652 nostrum
774 4575 819 4653 V.
851 4577 905 4653 tit.
938 4577 976 4652 S.
1009 4576 1160 4650 Martini
1193 4576 1458 4674 Presbyterum
1487 4576 1585 4651 'Cur-

69 4701 277 4802 d[inalem]
314 4701 480 4774 dedimus
508 4701 737 4776 Audntorem.
778 4701 862 4798 lpse
900 4717 1028 4776 autem
1066 4700 1204 4776 auditis
1242 4703 1439 4800 utriusque
1466 4702 1585 4799 partis

69 4827 286 4901 rationibus
301 4843 339 4898 et
355 4825 499 4922 plenius
513 4825 720 4914 intellectis,
744 4827 871 4901 habito
890 4825 1043 4900 consilio
1061 4826 1284 4901 dilectorum
1304 4826 1461 4900 filiorum
1472 4827 1510 4902 P.
1527 4828 1583 4902 tit.

71 4971 209 5026 sancte
239 4949 380 5024 Cecilie
409 4949 632 5047 Presbyteri,
664 4951 701 5025 P.
733 4967 862 5024 sancte
892 4950 1011 5024 Marie
1040 4950 1076 5022 in
1106 4951 1269 5025 vialata
1304 4951 1462 5026 Diaconi
1491 4951 1586 5026 Car-

73 5075 266 5157 dinanum,
297 5083 332 5147 et
354 5073 505 5147 Lotarii
529 5073 752 5148 Subdiaconi
776 5076 903 5161 nostri,
934 5075 1032 5148 iuris
1063 5075 1188 5172 periti,
1222 5091 1262 5149 et
1298 5075 1456 5149 aliorum
1495 5101 1584 5174 pru-

74 5202 244 5284 dentum,
276 5199 321 5272 dc
348 5199 521 5272 mandato
548 5207 583 5272 ct
607 5199 789 5272 voluntate
815 5209 944 5274 nostra
974 5201 1236 5274 sententnittitcr
1268 5199 1445 5296 diffint'ccit
1481 5203 1585 5298 quod
1648 5287 1650 5293 Α

75 5326 264 5400 sententia
305 5325 381 5398 lata
417 5323 465 5398 de
510 5323 690 5398 mandato
724 5324 823 5398 bone
861 5326 1039 5398 memorie
1083 5325 1126 5401 C.
1161 5324 1262 5422 Pape
1304 5326 1584 5421 predecessoris

75 5453 191 5526 nostri
210 5479 235 5527 a
254 5447 460 5524 venerabili
480 5449 594 5522 iratre
623 5463 789 5526 nostro„
820 5448 1012 5547 Episcopo
1040 5464 1079 5522 et
1106 5446 1244 5522 dilecto
1262 5447 1369 5524 filio..
1393 5449 1584 5524 Archidia·
