3708 5918
243 320 282 380 82
870 319 1007 380 Soeculo
1025 318 1111 379 XIV

245 513 369 587 dilecti
405 511 467 585 filii
507 537 704 586 causarum
742 511 871 588 Palatii
901 511 1098 609 apostolici
1136 512 1355 600 Auditores,
1392 512 1511 587 nostri
1548 511 1745 588 familiares

245 638 441 713 domestici
478 637 763 712 Commensales
797 662 841 711 ac
878 638 997 710 nostri
1031 651 1072 711 et
1108 639 1209 710 sedis
1245 638 1452 733 apostolice
1487 638 1670 734 speciales
1705 655 1745 711 et

244 763 323 838 veri
359 762 524 837 officiarii
554 764 727 850 existant,
758 763 851 850 Nos,
888 764 937 835 ad
965 761 1176 836 huiusmodi
1208 761 1362 836 dubium
1394 761 1610 850 tollendum,
1641 779 1745 837 motu

244 887 407 984 proprio,
430 911 502 960 non
531 887 580 960 ad
599 886 751 960 alicuius
770 887 996 973 instantiam,
1016 886 1241 960 auctoritate
1260 886 1490 982 Apostolica,
1512 887 1643 962 tenore
1660 913 1747 984 pre-

246 1011 407 1085 sentium
435 1010 679 1096 declaramus,
711 1017 878 1108 prelatos
905 1011 1125 1094 Auditores‚
1156 1035 1179 1082 a
1207 1026 1378 1107 tempore
1407 1035 1483 1108 quo
1513 1012 1563 1086 ad
1599 1012 1744 1107 apicem

245 1135 381 1210 suimus
423 1137 556 1210 summi
593 1135 830 1233 apostolatus
866 1134 1063 1231 assumpti,
1095 1152 1203 1209 nostr
1212 1159 1248 1208 >s
1276 1135 1486 1221 familiares,
1516 1136 1748 1210 domesticos

247 1262 518 1336 commensales
545 1284 590 1335 ac
627 1277 779 1336 nostros
814 1277 854 1334 et
890 1259 990 1334 sedis
1018 1258 1185 1358 predicte
1224 1261 1406 1356 speciales
1443 1285 1487 1336 ac
1519 1286 1631 1335 veros
1663 1261 1747 1334 offi-

246 1386 379 1462 ciarios
405 1387 521 1459 luisse
547 1412 591 1462 ac
619 1387 731 1461 etiam
761 1387 943 1473 existere;
964 1410 1007 1459 ac
1035 1385 1152 1483 ipsos,
1168 1384 1281 1460 etiam
1309 1386 1346 1458 in
1373 1387 1612 1460 assecutione
1631 1387 1749 1460 bene-

246 1511 411 1585 ficiorum
443 1510 792 1598 ecclesiasticorum,
817 1511 1041 1585 auctoritate
1077 1508 1284 1606 apostolica
1311 1511 1366 1584 eis
1394 1510 1613 1584 collatorum
1642 1525 1681 1583 et
1709 1510 1747 1582 in

245 1651 356 1711 antea
384 1636 703 1723 conferendorum,
724 1637 897 1710 omnibus
925 1635 1176 1733 prerogativis
1194 1651 1235 1708 et
1261 1634 1393 1733 gratiis
1411 1633 1579 1733 gaudere
1606 1635 1749 1708 debere

247 1761 382 1858 quibus
409 1759 468 1833 alii
510 1761 588 1834 veri
628 1760 828 1835 familiares
869 1759 997 1848 nostri,
1037 1759 1233 1834 domestici
1269 1760 1542 1834 commensales
1578 1760 1748 1858 gaudere

246 1901 407 1982 possunt
434 1900 474 1959 et
500 1899 666 1960 utuntur.

328 2009 428 2084 Nulli
456 2033 550 2108 ergo
569 2009 721 2084 omnino
748 2009 938 2086 hominum
962 2009 1070 2084 liceat
1097 2008 1192 2082 hanc
1220 2010 1397 2110 paginam
1425 2023 1554 2082 nostre
1580 2008 1749 2083 declara·

248 2135 358 2210 tionis
399 2133 601 2233 infringere
642 2135 713 2221 vel,
758 2134 792 2208 ei
832 2157 927 2209 ausu
964 2135 1176 2220 temerario,
1215 2134 1420 2208 contraire:
1450 2134 1481 2207 si
1509 2133 1593 2229 quis
1619 2147 1748 2207 autem

247 2257 318 2334 hoc
354 2273 580 2355 attemptare
616 2258 898 2356 presumpserit,
943 2257 1235 2356 indignationem
1273 2256 1554 2354 Omnipotentis
1596 2257 1669 2331 Dei
1709 2274 1751 2331 et

248 2385 443 2458 beatorum
481 2385 579 2459 Petri
612 2400 652 2458 et
689 2383 791 2458 Pauli
825 2382 1097 2480 Apostolorum
1132 2384 1213 2457 eius
1249 2409 1292 2457 se
1324 2383 1469 2458 noverit
1500 2383 1746 2456 incursurum.

329 2507 471 2583 Datum
486 2511 690 2595 Avenione,
707 2508 876 2584 kalendis
890 2508 1065 2592 octobris,
1082 2507 1322 2604 pontificatus
1337 2509 1454 2582 nostri
1469 2529 1568 2584 anno
1581 2509 1714 2605 primo.
1735 2507 1745 2542 ¹

970 2829 1034 2908 54.

258 3037 276 3080 c
297 3005 559 3083 Ordinationes
571 3009 668 3100 facte
688 3021 762 3108 per
777 3007 841 3102 sel.
863 3035 935 3084 rec.
964 3007 1168 3093 Dominum
1182 3007 1420 3082 Boeotorum
1440 3008 1536 3084 XII
1555 3008 1654 3082 circa
1672 3007 1750 3082 Re-

336 3133 627 3224 ‹formationem
663 3135 937 3209 Advocatorum
973 3143 1010 3208 et
1038 3133 1334 3207 Procuratorum
1368 3158 1569 3206 cansarum
1604 3133 1755 3208 Palatii

337 3258 628 3356 ‹Apostolici›.
657 3301 675 3315 -
702 3257 940 3355 Legebantur
966 3258 1025 3334 die
1051 3257 1267 3357 apert‘ttond
1294 3259 1422 3332 Rotae.

328 3429 443 3502 (Arcu.
461 3427 547 3500 Ron,
570 3453 581 3478 ‹
601 3427 854 3488 Constitutiones
872 3427 977 3487 Rotae
994 3427 1130 3488 Palatii
1145 3431 1319 3504 apostolici
1331 3452 1356 3498 n,
1366 3429 1430 3505 sot.
1450 3430 1492 3490 13
1503 3447 1597 3490 verso
1618 3438 1651 3491 ot
1665 3447 1751 3505 seq.,·

255 3517 386 3578 «Liber
403 3517 537 3577 Rotae»
561 3517 834 3578 constitutionum
855 3518 888 3576 in
907 3533 972 3592 quo
992 3533 1031 3576 ea
1055 3519 1210 3594 leguntur
1227 3533 1310 3595 quae
1337 3519 1472 3579 interius
1498 3521 1653 3580 asterisco
1680 3537 1750 3580 mu·

250 3608 399 3673 niuntur3
417 3605 456 3667 G.
473 3606 596 3681 Enuan,
616 3609 637 3666 l.
655 3623 691 3681 c,
705 3614 784 3682 pag.
803 3609 884 3678 196).

1253 3715 1334 3788 1340,
1345 3717 1486 3776 octobris
1504 3715 1549 3788 26,
1567 3717 1751 3776 Aveutone.

331 3879 558 3955 Benedictus
585 3880 796 3992 episcopus,
818 3907 952 3956 servus
983 3906 1178 3956 servorum
1207 3881 1291 3959 Dei.
1312 3925 1329 3940 ·
1348 3883 1412 3957 Ad
1441 3898 1664 3980 perpetuam
1698 3884 1752 3958 rei

249 4028 478 4080 memoriam.

328 4126 349 4170 *
378 4128 530 4204 Decens
558 4145 598 4204 et
625 4130 875 4204 necessarium
903 4130 1123 4204 estimamus
1151 4146 1194 4204 ut
1220 4123 1373 4228 patroni
1400 4156 1608 4220 causarum,
1630 4133 1751 4230 quiin

249 4279 404 4329 romana
432 4253 533 4328 curia
561 4254 721 4329 officium
750 4254 1021 4329 Advocationis
1048 4273 1255 4341 assumunt,
1294 4256 1476 4355 deinceps
1512 4256 1674 4332 discreto
1710 4274 1752 4332 et

248 4381 393 4477 optimo
421 4379 552 4454 ordine
579 4379 799 4478 dirigantur.
823 4376 843 4420 '¹‘

336 4530 366 4580 1.
399 4505 454 4580 Ut
482 4505 595 4602 igitur
622 4503 693 4599 ipsi
721 4503 871 4578 Patroni
898 4507 1045 4602 absque
1072 4507 1313 4582 tumultuosis
1341 4507 1568 4582 clamoribus
1603 4508 1751 4607 iurgan-

249 4630 340 4704 tium
371 4647 411 4704 et
439 4629 531 4704 alias
550 4653 685 4704 causas
713 4654 796 4704 cum
825 4630 955 4705 debita
981 4633 1168 4730 gravitate
1194 4649 1234 4706 et
1260 4631 1495 4706 ordinatione
1522 4647 1749 4729 proponant,

330 4876 339 4910 ¹
370 4874 408 4932 In
438 4875 532 4933 rotali
559 4873 710 4932 archivio
743 4871 836 4932 Bulla
864 4873 943 4932 baec
974 4873 1009 4932 in
1041 4873 1194 4948 originali
1226 4874 1476 4948 pergaminaceo
1502 4879 1691 4932 asservatur
1715 4874 1752 4932 in

249 4967 325 5022 tom.
344 4963 367 5036 Ι,
385 4963 459 5022 libri
478 4963 671 5034 Priut'legio
691 4962 751 5021 sub
769 4979 800 5020 n.
818 4961 840 5036 1,
859 4970 891 5020 et
908 4969 1019 5021 auctor
1032 4963 1147 5022 indicis
1166 4963 1241 5022 huic
1259 4970 1346 5022 tomo
1359 4963 1561 5037 praeinserti,
1573 4978 1647 5021 eam
1664 4963 1752 5021 attri-

248 5051 317 5111 buit
335 5051 431 5112 Petro
449 5053 489 5110 de
507 5051 602 5110 Luna
620 5067 717 5126 quem
737 5057 829 5109 vocat
847 5051 1058 5110 Benedictum
1076 5051 1158 5124 XIII,
1177 5059 1209 5110 et
1232 5051 1341 5110 datam
1359 5051 1487 5110 Bullam
1511 5051 1629 5110 asserit
1650 5051 1752 5110 tuisse

249 5140 472 5202 ann0139t.-
490 5137 554 5198 Sed
573 5154 689 5213 prorus
714 5154 771 5212 per
795 5153 959 5197 errorem:
983 5154 1060 5198 nam
1084 5139 1166 5200 Rota
1188 5153 1290 5212 usque
1308 5139 1411 5198 tenuit
1433 5139 1561 5199 Bullam
1581 5139 1666 5199 hanc
1687 5140 1752 5198 edi·

248 5233 335 5292 disse
362 5228 573 5288 Benedictum
598 5227 666 5300 XII,
694 5228 740 5286 uti
770 5227 892 5302 probat,
911 5227 997 5286 inter
1024 5229 1098 5298 alia,
1125 5227 1207 5286 liber
1236 5227 1489 5288 Constitutiones
1507 5229 1542 5288 in
1568 5243 1633 5304 quo
1655 5227 1753 5287 Bulla

249 5309 444 5394 transcripta
470 5326 519 5377 est
545 5325 577 5376 et
604 5317 777 5376 Benedicto
803 5317 863 5376 XII
887 5317 1053 5377 tribuitur:
1073 5318 1159 5375 idem
1181 5318 1278 5376 sentit
1305 5319 1339 5376 in
1362 5320 1516 5394 opusculo
1539 5334 1599 5378 suo
1620 5317 1753 5378 Tuiletti

249 5425 347 5484 super
365 5406 547 5483 privilegiis
564 5406 761 5466 Auditorum
780 5405 890 5466 Rotae.
