3686 5916
691 332 857 392 Clemente
875 332 967 393 XIII
1522 329 1578 388 593

77 529 339 626 quantitatem,
369 550 412 602 ac
442 527 695 614 Notarium,a
723 551 799 624 quo
828 527 927 600 illam
955 527 1106 623 recepit,
1128 527 1333 612 adnotabit,
1355 525 1469 620 idque
1489 548 1577 620 pro-

77 653 160 750 prio
190 653 337 726 nomine
366 653 586 727 subscribet.

160 777 242 851 Etsi
269 791 433 872 quatuor
461 777 573 850 luturi
602 776 676 850 sint
704 777 848 851 Notarii
878 776 1089 876 Collegium
1131 775 1417 862 constituentes,
1453 773 1576 849 nihilo·

78 904 199 976 minus
239 903 368 976 um'cus
408 927 495 976 esse
535 904 649 996 debet
689 927 819 976 eorum
860 901 1082 986 substitutus,
1121 918 1160 974 et
1201 900 1310 974 alius·
1324 900 1500 1000 Adzieler,
1531 923 1576 972 ac

76 1029 227 1100 demum
257 1027 450 1101 Novitius:
469 1027 661 1100 substituti
695 1051 830 1100 munus
858 1026 1099 1124 praecipuum
1128 1025 1198 1098 erit
1226 1025 1421 1098 citationes
1450 1047 1575 1096 coram

75 1150 267 1224 Tribunali
296 1151 520 1248 Signaturae
548 1151 716 1224 Iustitiae
748 1151 906 1249 Legere,
937 1150 1095 1246 ipseque
1123 1175 1206 1222 curn
1234 1149 1316 1223 aliis
1344 1149 1415 1222 sub
1457 1147 1576 1220 Nota·-

77 1276 215 1348 riorum
245 1276 450 1350 directione
478 1275 677 1351 curialibus
705 1275 916 1350 deserviet:
947 1274 975 1348 Ii
1012 1300 1165 1370 quoque
1201 1289 1380 1371 poterunt
1420 1297 1575 1345 exarare

76 1419 239 1497 regesta,
256 1419 408 1497 recepta
428 1401 600 1474 mercede
619 1401 772 1475 arbitrio
791 1400 958 1476 eiusdem
979 1400 1219 1474 Thesaurarii
1238 1398 1446 1472 Generalis.
1466 1396 1574 1469 Unus

77 1550 189 1620 porro
219 1551 265 1598 ex
292 1526 395 1600 hisce
422 1526 627 1622 scripturas
654 1525 913 1599 commodatas
956 1517 1114 1621 repetat,
1144 1541 1320 1620 computa
1361 1524 1501 1620 exigat,
1531 1547 1575 1594 ac

76 1649 112 1720 id
139 1673 252 1723 omne
280 1651 350 1746 ipsi
378 1648 513 1746 exequi
541 1650 742 1736 debebunt,
764 1651 867 1746 quod
895 1649 991 1722 eisa
1020 1648 1178 1723 Notario
1207 1647 1446 1745 praesidente
1464 1646 1576 1719 luerit

75 1788 332 1869 praeceptum.
364 1775 498 1870 Neque
525 1775 595 1870 ipsi
623 1775 720 1848 ultra
749 1773 955 1871 praefixum
984 1774 1020 1845 in
1049 1775 1147 1846 dicta
1174 1789 1369 1869 postrema
1406 1770 1572 1868 Congre-

75 1898 228 1994 gatione
256 1899 431 1973 salarium
459 1913 580 1972 ratam
610 1899 835 2004 incertorum
864 1900 898 1971 in
928 1898 1000 1972 line
1027 1899 1114 1970 anni
1146 1896 1396 1982 statuendam,
1427 1910 1468 1969 et
1503 1919 1574 1991 pro

75 2023 189 2118 copiis
220 2041 477 2120 regestrorum
508 2025 731 2110 mercedem,
761 2025 966 2120 quidquam
996 2022 1095 2096 aliud
1123 2022 1371 2118 praetendere
1406 2021 1571 2117 possint:

76 2145 237 2239 Quoties
251 2173 341 2222 vero
361 2148 383 2222 ii
403 2148 621 2223 Officiorum
645 2149 803 2222 Ministri
822 2149 903 2222 aliis
924 2164 1100 2222 vacarent
1119 2130 1435 2242 occupationibus,
1459 2145 1575 2220 Nota-

76 2273 150 2344 rius
180 2271 404 2346 Praesidens
432 2273 480 2346 ad
507 2275 640 2346 eadem
669 2288 840 2371 regestra
869 2270 1138 2346 conscribenda
1161 2271 1458 2344 Amanueusium
1486 2294 1574 2366 ope-

76 2421 163 2482 ram,
195 2397 371 2471 mercede
399 2397 491 2492 ipsis
519 2422 673 2494 quoque
700 2423 723 2472 a
751 2400 851 2472 dicto
879 2397 1132 2472 Thesaurario
1151 2397 1366 2482 constituta,
1396 2395 1574 2469 adhibere

77 2522 223 2618 poterit.

154 2645 296 2740 Quoad
322 2647 543 2721 eorumdem
576 2648 780 2735 substituti,
809 2646 1005 2722 Adiutoris
1041 2664 1081 2720 et
1118 2647 1256 2720 Novitii
1290 2646 1572 2742 deputationem

76 2772 287 2858 statuimus,
318 2774 421 2868 quod
450 2774 621 2868 quamvis
650 2771 711 2860 illi,
740 2770 891 2870 praevia
920 2773 1073 2846 scientia
1100 2770 1341 2846 Thesaurarii
1372 2770 1571 2869 generalis,

73 2920 96 2968 a
125 2897 284 2972 Notario
311 2896 550 2993 praesidente
579 2897 739 2995 proponi
779 2897 952 2983 debeant,
988 2913 1077 2971 ante
1118 2912 1245 2970 tamen
1281 2923 1411 2971 eorum
1440 2897 1573 2970 admis-

76 3023 229 3107 sionem,
264 3021 382 3116 ipsius
423 3022 610 3096 Auditorii
652 3023 830 3096 Decanus
861 3023 945 3096 illos
987 3023 1185 3108 examinet,
1224 3021 1426 3118 praecipue
1459 3045 1573 3116 super

75 3148 175 3240 praxi
203 3161 246 3220 et
282 3145 380 3242 stylo
415 3146 669 3229 Notariorum,
699 3164 739 3222 et
779 3171 828 3220 au
861 3147 1028 3244 polleant
1069 3147 1323 3244 qualitatibus,
1352 3163 1395 3220 ut
1430 3145 1572 3220 habiles

74 3269 203 3358 effecti,
226 3271 403 3344 Novitius
430 3272 467 3343 iu
496 3271 719 3346 Adiutorem
748 3273 820 3346 iste
848 3273 884 3346 in
904 3273 1159 3356 substitutum,
1181 3288 1221 3345 et
1248 3272 1456 3368 respective
1484 3271 1572 3344 sub-

73 3397 221 3470 stitutus
254 3397 290 3468 in
319 3396 528 3480 Notarium,
558 3396 722 3492 repetito
750 3413 790 3471 ut
818 3421 934 3494 supra
961 3397 1144 3481 examine,
1174 3395 1349 3493 deputari
1375 3412 1502 3490 queat.

151 3522 328 3616 Cumque
364 3520 602 3596 Auditorium
646 3521 828 3594 dictarum
858 3546 1066 3608 causarum,
1105 3521 1205 3595 idest
1241 3520 1337 3594 illius
1378 3519 1568 3607 Tribunal‚

70 3649 180 3720 etiam
209 3649 315 3720 iuxta
334 3645 567 3741 praedictam
596 3645 685 3720 dicti
713 3646 815 3719 Pauli
845 3645 1151 3720 Praedecessoris
1179 3645 1494 3730 constitutionem,
1525 3671 1572 3720 ex

70 3772 290 3858 redditibus,
330 3789 369 3844 et
397 3772 643 3867 proventibus
672 3769 819 3868 collegii
847 3771 929 3892 eius
965 3771 1207 3846 Notariorum
1245 3772 1365 3844 Annis
1401 3771 1568 3868 singulis,

72 3921 256 3969 summam
285 3866 974 3992 millecentumquinquagintaduoruin
1003 3911 1195 3969 scutorum
1224 3911 1399 3970 monetae
1431 3896 1572 3970 Rorna-

70 4045 140 4094 nae
179 4021 373 4117 percipere
408 4019 565 4094 debeat:
605 4019 695 4094 Ideo
732 4019 1007 4094 Thesaurarius
1048 4019 1248 4094 Generalis
1290 4045 1359 4117 pro
1401 4035 1571 4117 tempore

70 4145 237 4218 existens
268 4143 452 4220 Camerae
471 4145 717 4240 Apostolicae
737 4143 896 4230 nomine,
919 4144 1075 4242 singulis
1094 4145 1308 4241 quibusque
1326 4143 1432 4218 annis
1452 4168 1570 4241 penes

72 4269 243 4342 Montem
287 4268 438 4344 Pietatis
481 4271 529 4344 de
559 4269 663 4344 Urbe
706 4267 864 4342 similem
897 4293 1081 4343 summam
1124 4271 1159 4344 in
1194 4286 1355 4366 quatuor
1391 4267 1570 4365 aequales

70 4409 172 4465 ratas
201 4391 358 4466 divisam
386 4393 489 4466 iuxta
527 4392 689 4478 solitum,
733 4393 878 4490 absque
905 4394 1164 4490 acceptatione
1200 4393 1335 4489 aliqua,
1373 4411 1439 4466 aut
1476 4409 1570 4466 tem-

70 4516 174 4610 poris
203 4515 433 4603 limitatione,
463 4517 499 4590 in
529 4516 711 4590 creditum
739 4517 857 4614 ipsius
875 4518 1093 4604 auditorii,
1121 4533 1160 4590 et
1196 4517 1245 4590 ad
1286 4517 1570 4613 dispositionem

70 4639 151 4712 eius
182 4639 412 4736 Depositarii
439 4657 611 4716 teneatur
640 4641 841 4739 deponere.
871 4642 911 4714 In
940 4641 1286 4736 compensationem
1314 4667 1406 4716 vero
1434 4643 1569 4715 Iurium

68 4789 139 4859 pro
167 4762 395 4840 admissione
424 4765 665 4840 Notariorum
692 4766 816 4840 eidem
845 4766 1045 4841 Auditorio
1078 4767 1381 4861 competentium,
1420 4779 1571 4862 praeter

67 4889 316 4985 praemissam
344 4891 638 4987 praestationem
658 4913 832 4977 annuam,
853 4892 1064 4975 statuimus,
1082 4890 1186 4986 quod
1204 4889 1361 4986 quilibet
1378 4917 1426 4964 ex
1456 4889 1570 4964 Nota·

66 5014 140 5099 riis,
172 5014 325 5110 praevia
354 5015 508 5090 scientia
527 5015 615 5090 dicti
634 4997 883 5102 Thesaurarii,
906 5018 955 5090 ab
974 5016 1162 5090 Auditorii
1181 5015 1394 5090 huiusmodi
1415 5015 1571 5089 Decano

65 5140 313 5234 approbatus,
342 5141 392 5214 ab
418 5141 554 5216 eodem
585 5142 740 5216 Decano
760 5155 938 5238 patentes
957 5142 1103 5215 litteras
1131 5142 1311 5227 obtinere,
1333 5155 1372 5214 et
1390 5141 1568 5237 recipere,

66 5287 110 5335 ac
139 5288 210 5360 pro
237 5264 466 5340 admissione
493 5265 542 5339 ad
570 5267 741 5350 officium,
765 5292 948 5340 summam
977 5268 1080 5339 iuxta
1109 5265 1259 5340 solitum
1287 5265 1569 5362 centumviginti

68 5404 263 5461 scutorum
291 5405 463 5464 monetae
485 5391 687 5467 ,Romanae
715 5391 838 5464 eidem
867 5377 1066 5466 Auditorio
1107 5391 1202 5464 inter
1239 5390 1333 5464 illius
1362 5378 1569 5466 Auditores
