<?xml version="1.0" encoding="UTF-8"?>
<!DOCTYPE html PUBLIC "-//W3C//DTD XHTML 1.0 Transitional//EN"
    "http://www.w3.org/TR/xhtml1/DTD/xhtml1-transitional.dtd">
<html xmlns="http://www.w3.org/1999/xhtml" xml:lang="en" lang="en">
 <head>
  <title>
</title>
<meta http-equiv="Content-Type" content="text/html;charset=utf-8" />
  <meta name='ocr-system' content='tesseract 3.04.00' />
  <meta name='ocr-capabilities' content='ocr_page ocr_carea ocr_par ocr_line ocrx_word'/>
</head>
<body>
  <div class='ocr_page' id='page_1' title='image "./capellanipapaee00cercgoog_0651.png"; bbox 0 0 3686 5916; ppageno 0'>
   <div class='ocr_carea' id='block_1_1' title="bbox 708 329 1587 390">
    <p class='ocr_par' dir='ltr' id='par_1_1' title="bbox 708 329 1587 390">
     <span class='ocr_line' id='line_1_1' title="bbox 708 329 1587 390; baseline -0.003 -1"><span class='ocrx_word' id='word_1_1' title='bbox 708 330 875 390; x_wconf 82' lang='lat' dir='ltr'><em>Clemente</em></span> <span class='ocrx_word' id='word_1_2' title='bbox 893 329 978 390; x_wconf 88' lang='lat' dir='ltr'>XIV</span> <span class='ocrx_word' id='word_1_3' title='bbox 1533 329 1587 387; x_wconf 78' lang='lat'>607</span> 
     </span>
    </p>
   </div>
   <div class='ocr_carea' id='block_1_2' title="bbox 70 521 1676 5491">
    <p class='ocr_par' dir='ltr' id='par_1_2' title="bbox 79 521 1676 4241">
     <span class='ocr_line' id='line_1_2' title="bbox 95 521 1590 620; baseline -0.001 -25"><span class='ocrx_word' id='word_1_4' title='bbox 95 548 162 620; x_wconf 93' lang='lat' dir='ltr'>pro</span> <span class='ocrx_word' id='word_1_5' title='bbox 189 523 316 596; x_wconf 81' lang='lat' dir='ltr'>officiis</span> <span class='ocrx_word' id='word_1_6' title='bbox 344 549 387 596; x_wconf 91' lang='lat' dir='ltr'>ac</span> <span class='ocrx_word' id='word_1_7' title='bbox 415 523 553 597; x_wconf 91' lang='lat' dir='ltr'>laboris</span> <span class='ocrx_word' id='word_1_8' title='bbox 581 524 728 610; x_wconf 90' lang='lat' dir='ltr'>merito,</span> <span class='ocrx_word' id='word_1_9' title='bbox 749 547 847 619; x_wconf 92' lang='lat' dir='ltr'>quae</span> <span class='ocrx_word' id='word_1_10' title='bbox 867 524 958 619; x_wconf 90' lang='lat' dir='ltr'>ipsis</span> <span class='ocrx_word' id='word_1_11' title='bbox 978 525 1163 596; x_wconf 87' lang='lat' dir='ltr'>debentur</span> <span class='ocrx_word' id='word_1_12' title='bbox 1181 521 1445 608; x_wconf 89' lang='lat' dir='ltr'>emolumenta,</span> <span class='ocrx_word' id='word_1_13' title='bbox 1466 545 1590 616; x_wconf 90' lang='lat' dir='ltr'>aequo</span> 
     </span>
     <span class='ocr_line' id='line_1_3' title="bbox 93 646 1588 744; baseline -0.001 -24"><span class='ocrx_word' id='word_1_14' title='bbox 93 649 170 722; x_wconf 91' lang='lat' dir='ltr'>iure</span> <span class='ocrx_word' id='word_1_15' title='bbox 198 647 420 722; x_wconf 87' lang='lat' dir='ltr'><strong>dividantur.</strong></span> <span class='ocrx_word' id='word_1_16' title='bbox 452 646 709 742; x_wconf 83' lang='lat' dir='ltr'>Quamobrem</span> <span class='ocrx_word' id='word_1_17' title='bbox 738 649 998 744; x_wconf 71' lang='lat' dir='ltr'>praecipimus</span> <span class='ocrx_word' id='word_1_18' title='bbox 1029 674 1073 722; x_wconf 92' lang='lat' dir='ltr'>ac</span> <span class='ocrx_word' id='word_1_19' title='bbox 1106 648 1318 733; x_wconf 83' lang='lat' dir='ltr'><strong>statuimus,</strong></span> <span class='ocrx_word' id='word_1_20' title='bbox 1349 663 1391 720; x_wconf 91' lang='lat' dir='ltr'>ut</span> <span class='ocrx_word' id='word_1_21' title='bbox 1431 646 1463 719; x_wconf 94' lang='lat' dir='ltr'>si</span> <span class='ocrx_word' id='word_1_22' title='bbox 1504 646 1588 741; x_wconf 92' lang='lat' dir='ltr'>quis</span> 
     </span>
     <span class='ocr_line' id='line_1_4' title="bbox 93 771 1589 860; baseline -0.003 -14"><span class='ocrx_word' id='word_1_23' title='bbox 93 799 140 846; x_wconf 90' lang='lat' dir='ltr'>ex</span> <span class='ocrx_word' id='word_1_24' title='bbox 166 771 421 858; x_wconf 87' lang='lat' dir='ltr'>Auditoribus,</span> <span class='ocrx_word' id='word_1_25' title='bbox 452 790 491 846; x_wconf 91' lang='lat' dir='ltr'>et</span> <span class='ocrx_word' id='word_1_26' title='bbox 519 774 876 848; x_wconf 89' lang='lat' dir='ltr'>Locumtenentibus</span> <span class='ocrx_word' id='word_1_27' title='bbox 894 774 993 848; x_wconf 90' lang='lat' dir='ltr'>absit</span> <span class='ocrx_word' id='word_1_28' title='bbox 1019 775 1068 846; x_wconf 92' lang='lat' dir='ltr'>ab</span> <span class='ocrx_word' id='word_1_29' title='bbox 1097 773 1211 860; x_wconf 89' lang='lat' dir='ltr'>Urbe,</span> <span class='ocrx_word' id='word_1_30' title='bbox 1232 773 1292 846; x_wconf 92' lang='lat' dir='ltr'>vel</span> <span class='ocrx_word' id='word_1_31' title='bbox 1320 773 1463 845; x_wconf 88' lang='lat' dir='ltr'>ratione</span> <span class='ocrx_word' id='word_1_32' title='bbox 1491 772 1589 842; x_wconf 88' lang='lat' dir='ltr'>infir-</span> 
     </span>
     <span class='ocr_line' id='line_1_5' title="bbox 93 885 1588 994; baseline -0.003 -24"><span class='ocrx_word' id='word_1_33' title='bbox 93 897 240 982; x_wconf 87' lang='lat' dir='ltr'>mitatis,</span> <span class='ocrx_word' id='word_1_34' title='bbox 271 897 330 971; x_wconf 91' lang='lat' dir='ltr'>vel</span> <span class='ocrx_word' id='word_1_35' title='bbox 358 899 509 972; x_wconf 88' lang='lat' dir='ltr'>statutis</span> <span class='ocrx_word' id='word_1_36' title='bbox 538 899 585 971; x_wconf 94' lang='lat' dir='ltr'>de</span> <span class='ocrx_word' id='word_1_37' title='bbox 614 923 718 972; x_wconf 86' lang='lat' dir='ltr'>more</span> <span class='ocrx_word' id='word_1_38' title='bbox 745 898 919 972; x_wconf 88' lang='lat' dir='ltr'>seriarum</span> <span class='ocrx_word' id='word_1_39' title='bbox 956 885 1191 994; x_wconf 80' lang='lat' dir='ltr'>temporibus</span> <span class='ocrx_word' id='word_1_40' title='bbox 1225 898 1260 970; x_wconf 93' lang='lat' dir='ltr'>in</span> <span class='ocrx_word' id='word_1_41' title='bbox 1295 897 1431 992; x_wconf 89' lang='lat' dir='ltr'>quibus</span> <span class='ocrx_word' id='word_1_42' title='bbox 1469 896 1588 968; x_wconf 86' lang='lat' dir='ltr'>Audi·</span> 
     </span>
     <span class='ocr_line' id='line_1_6' title="bbox 93 1020 1588 1120; baseline -0.001 -26"><span class='ocrx_word' id='word_1_43' title='bbox 93 1023 228 1096; x_wconf 87' lang='lat' dir='ltr'>torium</span> <span class='ocrx_word' id='word_1_44' title='bbox 245 1048 267 1095; x_wconf 91' lang='lat' dir='ltr'>a</span> <span class='ocrx_word' id='word_1_45' title='bbox 287 1023 432 1096; x_wconf 88' lang='lat' dir='ltr'>Iudiciis</span> <span class='ocrx_word' id='word_1_46' title='bbox 451 1039 569 1110; x_wconf 89' lang='lat' dir='ltr'>vacat,</span> <span class='ocrx_word' id='word_1_47' title='bbox 592 1023 679 1095; x_wconf 92' lang='lat' dir='ltr'>nihil</span> <span class='ocrx_word' id='word_1_48' title='bbox 699 1023 770 1120; x_wconf 90' lang='lat' dir='ltr'>ipsi</span> <span class='ocrx_word' id='word_1_49' title='bbox 798 1025 846 1096; x_wconf 92' lang='lat' dir='ltr'>de</span> <span class='ocrx_word' id='word_1_50' title='bbox 865 1024 1017 1108; x_wconf 90' lang='lat' dir='ltr'>iuribus,</span> <span class='ocrx_word' id='word_1_51' title='bbox 1040 1022 1230 1118; x_wconf 90' lang='lat' dir='ltr'>sportulis,</span> <span class='ocrx_word' id='word_1_52' title='bbox 1251 1045 1294 1095; x_wconf 94' lang='lat' dir='ltr'>ac</span> <span class='ocrx_word' id='word_1_53' title='bbox 1325 1020 1588 1096; x_wconf 86' lang='lat' dir='ltr'>emolumentis</span> 
     </span>
     <span class='ocr_line' id='line_1_7' title="bbox 92 1146 1588 1244; baseline 0.003 -27"><span class='ocrx_word' id='word_1_54' title='bbox 92 1146 271 1236; x_wconf 90' lang='lat' dir='ltr'>decedat;</span> <span class='ocrx_word' id='word_1_55' title='bbox 301 1149 331 1221; x_wconf 90' lang='lat' dir='ltr'>si</span> <span class='ocrx_word' id='word_1_56' title='bbox 358 1173 450 1221; x_wconf 93' lang='lat' dir='ltr'>vero</span> <span class='ocrx_word' id='word_1_57' title='bbox 477 1151 576 1222; x_wconf 92' lang='lat' dir='ltr'>absit</span> <span class='ocrx_word' id='word_1_58' title='bbox 602 1173 676 1223; x_wconf 90' lang='lat' dir='ltr'>non</span> <span class='ocrx_word' id='word_1_59' title='bbox 705 1147 837 1222; x_wconf 81' lang='lat' dir='ltr'>feriato</span> <span class='ocrx_word' id='word_1_60' title='bbox 856 1149 940 1220; x_wconf 90' lang='lat' dir='ltr'>anni</span> <span class='ocrx_word' id='word_1_61' title='bbox 970 1165 1140 1244; x_wconf 91' lang='lat' dir='ltr'>tempore</span> <span class='ocrx_word' id='word_1_62' title='bbox 1159 1164 1275 1244; x_wconf 91' lang='lat' dir='ltr'>atque</span> <span class='ocrx_word' id='word_1_63' title='bbox 1294 1173 1340 1222; x_wconf 91' lang='lat' dir='ltr'>eo</span> <span class='ocrx_word' id='word_1_64' title='bbox 1367 1147 1588 1244; x_wconf 83' lang='lat' dir='ltr'>praesertim</span> 
     </span>
     <span class='ocr_line' id='line_1_8' title="bbox 92 1269 1590 1368; baseline -0.001 -25"><span class='ocrx_word' id='word_1_65' title='bbox 92 1273 127 1343; x_wconf 94' lang='lat' dir='ltr'>in</span> <span class='ocrx_word' id='word_1_66' title='bbox 156 1296 232 1368; x_wconf 92' lang='lat' dir='ltr'>quo</span> <span class='ocrx_word' id='word_1_67' title='bbox 261 1273 448 1368; x_wconf 91' lang='lat' dir='ltr'>copiosior</span> <span class='ocrx_word' id='word_1_68' title='bbox 475 1289 536 1346; x_wconf 93' lang='lat' dir='ltr'>est</span> <span class='ocrx_word' id='word_1_69' title='bbox 563 1273 698 1346; x_wconf 90' lang='lat' dir='ltr'>Litium</span> <span class='ocrx_word' id='word_1_70' title='bbox 728 1289 768 1346; x_wconf 93' lang='lat' dir='ltr'>et</span> <span class='ocrx_word' id='word_1_71' title='bbox 784 1273 994 1346; x_wconf 84' lang='lat' dir='ltr'>Causarum</span> <span class='ocrx_word' id='word_1_72' title='bbox 1024 1297 1213 1358; x_wconf 89' lang='lat' dir='ltr'>numerus,</span> <span class='ocrx_word' id='word_1_73' title='bbox 1230 1273 1344 1367; x_wconf 91' lang='lat' dir='ltr'>idque</span> <span class='ocrx_word' id='word_1_74' title='bbox 1363 1298 1411 1346; x_wconf 86' lang='lat' dir='ltr'>ex</span> <span class='ocrx_word' id='word_1_75' title='bbox 1439 1269 1590 1367; x_wconf 90' lang='lat' dir='ltr'>speciali</span> 
     </span>
     <span class='ocr_line' id='line_1_9' title="bbox 92 1395 1589 1494; baseline -0.001 -25"><span class='ocrx_word' id='word_1_76' title='bbox 92 1395 234 1470; x_wconf 88' lang='lat' dir='ltr'>Summi</span> <span class='ocrx_word' id='word_1_77' title='bbox 264 1398 427 1472; x_wconf 87' lang='lat' dir='ltr'>Pontifici</span> <span class='ocrx_word' id='word_1_78' title='bbox 456 1400 731 1485; x_wconf 86' lang='lat' dir='ltr'>commissione,</span> <span class='ocrx_word' id='word_1_79' title='bbox 761 1424 906 1494; x_wconf 87' lang='lat' dir='ltr'>proque</span> <span class='ocrx_word' id='word_1_80' title='bbox 936 1397 1180 1494; x_wconf 86' lang='lat' dir='ltr'>Apostolicae</span> <span class='ocrx_word' id='word_1_81' title='bbox 1218 1399 1327 1470; x_wconf 90' lang='lat' dir='ltr'>huius</span> <span class='ocrx_word' id='word_1_82' title='bbox 1347 1398 1456 1471; x_wconf 89' lang='lat' dir='ltr'>Sedis</span> <span class='ocrx_word' id='word_1_83' title='bbox 1476 1421 1589 1470; x_wconf 89' lang='lat' dir='ltr'>causa</span> 
     </span>
     <span class='ocr_line' id='line_1_10' title="bbox 91 1517 1589 1620; baseline -0.001 -27"><span class='ocrx_word' id='word_1_84' title='bbox 91 1522 295 1620; x_wconf 86' lang='lat' dir='ltr'>contingat,</span> <span class='ocrx_word' id='word_1_85' title='bbox 326 1522 463 1598; x_wconf 87' lang='lat' dir='ltr'>habeat</span> <span class='ocrx_word' id='word_1_86' title='bbox 491 1524 641 1618; x_wconf 91' lang='lat' dir='ltr'>quidem</span> <span class='ocrx_word' id='word_1_87' title='bbox 671 1523 910 1620; x_wconf 85' lang='lat' dir='ltr'>stipendium,</span> <span class='ocrx_word' id='word_1_88' title='bbox 941 1523 1076 1596; x_wconf 90' lang='lat' dir='ltr'>Mense</span> <span class='ocrx_word' id='word_1_89' title='bbox 1104 1517 1274 1618; x_wconf 89' lang='lat' dir='ltr'>quolibet</span> <span class='ocrx_word' id='word_1_90' title='bbox 1296 1523 1466 1596; x_wconf 83' lang='lat' dir='ltr'>distribui</span> <span class='ocrx_word' id='word_1_91' title='bbox 1504 1519 1589 1594; x_wconf 93' lang='lat' dir='ltr'>soli-</span> 
     </span>
     <span class='ocr_line' id='line_1_11' title="bbox 90 1648 1587 1743; baseline 0 -25"><span class='ocrx_word' id='word_1_92' title='bbox 90 1662 180 1732; x_wconf 92' lang='lat' dir='ltr'>tum,</span> <span class='ocrx_word' id='word_1_93' title='bbox 216 1648 290 1720; x_wconf 88' lang='lat' dir='ltr'>alia</span> <span class='ocrx_word' id='word_1_94' title='bbox 316 1673 407 1720; x_wconf 89' lang='lat' dir='ltr'>vero</span> <span class='ocrx_word' id='word_1_95' title='bbox 434 1649 559 1722; x_wconf 91' lang='lat' dir='ltr'>omnia</span> <span class='ocrx_word' id='word_1_96' title='bbox 586 1648 839 1722; x_wconf 87' lang='lat' dir='ltr'>emolumenta</span> <span class='ocrx_word' id='word_1_97' title='bbox 868 1649 1115 1722; x_wconf 85' lang='lat' dir='ltr'>Auditoribus</span> <span class='ocrx_word' id='word_1_98' title='bbox 1144 1650 1407 1743; x_wconf 89' lang='lat' dir='ltr'>praesentibus</span> <span class='ocrx_word' id='word_1_99' title='bbox 1444 1663 1587 1721; x_wconf 89' lang='lat' dir='ltr'>tantum</span> 
     </span>
     <span class='ocr_line' id='line_1_12' title="bbox 89 1772 1588 1868; baseline 0 -24"><span class='ocrx_word' id='word_1_100' title='bbox 89 1795 213 1868; x_wconf 88' lang='lat' dir='ltr'>aequo</span> <span class='ocrx_word' id='word_1_101' title='bbox 242 1772 320 1845; x_wconf 89' lang='lat' dir='ltr'>iure</span> <span class='ocrx_word' id='word_1_102' title='bbox 349 1790 582 1847; x_wconf 87' lang='lat' dir='ltr'>accrescant:</span> <span class='ocrx_word' id='word_1_103' title='bbox 614 1775 653 1846; x_wconf 88' lang='lat' dir='ltr'>In</span> <span class='ocrx_word' id='word_1_104' title='bbox 682 1775 842 1847; x_wconf 89' lang='lat' dir='ltr'>caeteris</span> <span class='ocrx_word' id='word_1_105' title='bbox 869 1789 995 1847; x_wconf 88' lang='lat' dir='ltr'>autem</span> <span class='ocrx_word' id='word_1_106' title='bbox 1015 1773 1199 1847; x_wconf 90' lang='lat' dir='ltr'>eiusmodi</span> <span class='ocrx_word' id='word_1_107' title='bbox 1218 1775 1412 1846; x_wconf 88' lang='lat' dir='ltr'>absentiae</span> <span class='ocrx_word' id='word_1_108' title='bbox 1440 1773 1588 1846; x_wconf 87' lang='lat' dir='ltr'>casibus</span> 
     </span>
     <span class='ocr_line' id='line_1_13' title="bbox 89 1897 1589 1995; baseline 0.001 -27"><span class='ocrx_word' id='word_1_109' title='bbox 89 1897 261 1992; x_wconf 90' lang='lat' dir='ltr'>quamvis</span> <span class='ocrx_word' id='word_1_110' title='bbox 291 1897 434 1972; x_wconf 90' lang='lat' dir='ltr'>Summi</span> <span class='ocrx_word' id='word_1_111' title='bbox 463 1898 649 1973; x_wconf 89' lang='lat' dir='ltr'>Pontificis</span> <span class='ocrx_word' id='word_1_112' title='bbox 678 1899 821 1973; x_wconf 90' lang='lat' dir='ltr'>veniam</span> <span class='ocrx_word' id='word_1_113' title='bbox 843 1924 912 1994; x_wconf 90' lang='lat' dir='ltr'>pro</span> <span class='ocrx_word' id='word_1_114' title='bbox 940 1899 1109 1972; x_wconf 88' lang='lat' dir='ltr'>discessu</span> <span class='ocrx_word' id='word_1_115' title='bbox 1130 1901 1395 1995; x_wconf 89' lang='lat' dir='ltr'>impetraverit,</span> <span class='ocrx_word' id='word_1_116' title='bbox 1417 1897 1589 1972; x_wconf 91' lang='lat' dir='ltr'>omnibus</span> 
     </span>
     <span class='ocr_line' id='line_1_14' title="bbox 90 2021 1589 2120; baseline -0.001 -27"><span class='ocrx_word' id='word_1_117' title='bbox 90 2036 215 2095; x_wconf 89' lang='lat' dir='ltr'>tamen</span> <span class='ocrx_word' id='word_1_118' title='bbox 258 2040 385 2096; x_wconf 90' lang='lat' dir='ltr'>careat</span> <span class='ocrx_word' id='word_1_119' title='bbox 427 2024 575 2109; x_wconf 89' lang='lat' dir='ltr'>iuribus,</span> <span class='ocrx_word' id='word_1_120' title='bbox 616 2023 818 2096; x_wconf 86' lang='lat' dir='ltr'>menstruis</span> <span class='ocrx_word' id='word_1_121' title='bbox 853 2023 1060 2120; x_wconf 90' lang='lat' dir='ltr'>stipendiis,</span> <span class='ocrx_word' id='word_1_122' title='bbox 1099 2021 1288 2119; x_wconf 73' lang='lat' dir='ltr'>sportulis</span> <span class='ocrx_word' id='word_1_123' title='bbox 1327 2022 1589 2096; x_wconf 89' lang='lat' dir='ltr'>emolumentis</span> 
     </span>
     <span class='ocr_line' id='line_1_15' title="bbox 90 2146 1589 2243; baseline 0 -25"><span class='ocrx_word' id='word_1_124' title='bbox 90 2146 401 2242; x_wconf 90' lang='lat' dir='ltr'>quibuscumque,</span> <span class='ocrx_word' id='word_1_125' title='bbox 432 2163 506 2220; x_wconf 85' lang='lat' dir='ltr'>tam</span> <span class='ocrx_word' id='word_1_126' title='bbox 549 2149 670 2232; x_wconf 84' lang='lat' dir='ltr'>certis,</span> <span class='ocrx_word' id='word_1_127' title='bbox 710 2173 824 2243; x_wconf 90' lang='lat' dir='ltr'>quam</span> <span class='ocrx_word' id='word_1_128' title='bbox 866 2147 1033 2234; x_wconf 83' lang='lat' dir='ltr'>incertis,¹</span> <span class='ocrx_word' id='word_1_129' title='bbox 1071 2147 1198 2223; x_wconf 90' lang='lat' dir='ltr'>habita</span> <span class='ocrx_word' id='word_1_130' title='bbox 1233 2148 1376 2229; x_wconf 88' lang='lat' dir='ltr'>ratione</span> <span class='ocrx_word' id='word_1_131' title='bbox 1409 2147 1589 2243; x_wconf 90' lang='lat' dir='ltr'>temporis</span> 
     </span>
     <span class='ocr_line' id='line_1_16' title="bbox 90 2272 1586 2368; baseline -0.001 -24"><span class='ocrx_word' id='word_1_132' title='bbox 90 2272 309 2358; x_wconf 88' lang='lat' dir='ltr'>absentiae;</span> <span class='ocrx_word' id='word_1_133' title='bbox 340 2297 453 2367; x_wconf 92' lang='lat' dir='ltr'>quam</span> <span class='ocrx_word' id='word_1_134' title='bbox 482 2274 511 2344; x_wconf 89' lang='lat' dir='ltr'>si</span> <span class='ocrx_word' id='word_1_135' title='bbox 539 2274 767 2368; x_wconf 88' lang='lat' dir='ltr'>protraxerit</span> <span class='ocrx_word' id='word_1_136' title='bbox 793 2273 906 2346; x_wconf 91' lang='lat' dir='ltr'>etiam</span> <span class='ocrx_word' id='word_1_137' title='bbox 941 2273 990 2346; x_wconf 91' lang='lat' dir='ltr'>ad</span> <span class='ocrx_word' id='word_1_138' title='bbox 1019 2273 1128 2346; x_wconf 86' lang='lat' dir='ltr'>serias</span> <span class='ocrx_word' id='word_1_139' title='bbox 1157 2274 1304 2346; x_wconf 87' lang='lat' dir='ltr'>interim</span> <span class='ocrx_word' id='word_1_140' title='bbox 1340 2286 1586 2356; x_wconf 84' lang='lat' dir='ltr'>recurrentes,</span> 
     </span>
     <span class='ocr_line' id='line_1_17' title="bbox 90 2394 1590 2495; baseline 0.001 -28"><span class='ocrx_word' id='word_1_141' title='bbox 90 2394 207 2470; x_wconf 81' lang='lat' dir='ltr'>feriati</span> <span class='ocrx_word' id='word_1_142' title='bbox 236 2422 391 2495; x_wconf 89' lang='lat' dir='ltr'>quoque</span> <span class='ocrx_word' id='word_1_143' title='bbox 419 2396 526 2470; x_wconf 92' lang='lat' dir='ltr'>huius</span> <span class='ocrx_word' id='word_1_144' title='bbox 554 2400 736 2494; x_wconf 88' lang='lat' dir='ltr'>temporis</span> <span class='ocrx_word' id='word_1_145' title='bbox 764 2398 1025 2472; x_wconf 88' lang='lat' dir='ltr'>emolumentis</span> <span class='ocrx_word' id='word_1_146' title='bbox 1044 2399 1236 2494; x_wconf 72' lang='lat' dir='ltr'>privetur,</span> <span class='ocrx_word' id='word_1_147' title='bbox 1258 2423 1356 2494; x_wconf 90' lang='lat' dir='ltr'>quae</span> <span class='ocrx_word' id='word_1_148' title='bbox 1384 2401 1479 2472; x_wconf 87' lang='lat' dir='ltr'>inter</span> <span class='ocrx_word' id='word_1_149' title='bbox 1506 2421 1590 2471; x_wconf 89' lang='lat' dir='ltr'>cae·</span> 
     </span>
     <span class='ocr_line' id='line_1_18' title="bbox 91 2521 1588 2620; baseline 0 -28"><span class='ocrx_word' id='word_1_150' title='bbox 91 2535 192 2596; x_wconf 92' lang='lat' dir='ltr'>teros</span> <span class='ocrx_word' id='word_1_151' title='bbox 221 2521 430 2598; x_wconf 87' lang='lat' dir='ltr'>Auditores</span> <span class='ocrx_word' id='word_1_152' title='bbox 459 2523 680 2609; x_wconf 88' lang='lat' dir='ltr'>dividantur,</span> <span class='ocrx_word' id='word_1_153' title='bbox 712 2541 905 2620; x_wconf 89' lang='lat' dir='ltr'>tamquam</span> <span class='ocrx_word' id='word_1_154' title='bbox 934 2523 970 2594; x_wconf 94' lang='lat' dir='ltr'>in</span> <span class='ocrx_word' id='word_1_155' title='bbox 998 2523 1179 2597; x_wconf 90' lang='lat' dir='ltr'>maiorum</span> <span class='ocrx_word' id='word_1_156' title='bbox 1216 2522 1385 2596; x_wconf 91' lang='lat' dir='ltr'>laborum</span> <span class='ocrx_word' id='word_1_157' title='bbox 1424 2547 1522 2618; x_wconf 91' lang='lat' dir='ltr'>quos</span> <span class='ocrx_word' id='word_1_158' title='bbox 1553 2523 1588 2592; x_wconf 95' lang='lat' dir='ltr'>in</span> 
     </span>
     <span class='ocr_line' id='line_1_19' title="bbox 90 2644 1587 2745; baseline 0 -27"><span class='ocrx_word' id='word_1_159' title='bbox 90 2644 273 2745; x_wconf 85' lang='lat' dir='ltr'>Collegae</span> <span class='ocrx_word' id='word_1_160' title='bbox 301 2648 472 2720; x_wconf 88' lang='lat' dir='ltr'>absentia</span> <span class='ocrx_word' id='word_1_161' title='bbox 499 2647 581 2720; x_wconf 91' lang='lat' dir='ltr'>illos</span> <span class='ocrx_word' id='word_1_162' title='bbox 610 2648 706 2721; x_wconf 78' lang='lat' dir='ltr'>ferre</span> <span class='ocrx_word' id='word_1_163' title='bbox 735 2673 892 2721; x_wconf 89' lang='lat' dir='ltr'>necesse</span> <span class='ocrx_word' id='word_1_164' title='bbox 928 2646 1006 2732; x_wconf 83' lang='lat' dir='ltr'>fuit,</span> <span class='ocrx_word' id='word_1_165' title='bbox 1043 2649 1250 2743; x_wconf 91' lang='lat' dir='ltr'>praemium</span> <span class='ocrx_word' id='word_1_166' title='bbox 1285 2673 1329 2721; x_wconf 90' lang='lat' dir='ltr'>ac</span> <span class='ocrx_word' id='word_1_167' title='bbox 1370 2671 1587 2742; x_wconf 91' lang='lat' dir='ltr'>compensa·</span> 
     </span>
     <span class='ocr_line' id='line_1_20' title="bbox 84 2771 1587 2870; baseline -0.001 -26"><span class='ocrx_word' id='word_1_168' title='bbox 84 2771 241 2848; x_wconf 87' lang='lat' dir='ltr'>tionem.</span> <span class='ocrx_word' id='word_1_169' title='bbox 271 2772 513 2870; x_wconf 83' lang='lat' dir='ltr'>indulgemus</span> <span class='ocrx_word' id='word_1_170' title='bbox 533 2788 670 2856; x_wconf 90' lang='lat' dir='ltr'>tamen,</span> <span class='ocrx_word' id='word_1_171' title='bbox 691 2789 807 2868; x_wconf 90' lang='lat' dir='ltr'>atque</span> <span class='ocrx_word' id='word_1_172' title='bbox 826 2772 1075 2867; x_wconf 89' lang='lat' dir='ltr'>permittimus</span> <span class='ocrx_word' id='word_1_173' title='bbox 1094 2797 1141 2845; x_wconf 88' lang='lat' dir='ltr'>eo</span> <span class='ocrx_word' id='word_1_174' title='bbox 1160 2787 1243 2845; x_wconf 89' lang='lat' dir='ltr'>toto</span> <span class='ocrx_word' id='word_1_175' title='bbox 1263 2789 1432 2866; x_wconf 92' lang='lat' dir='ltr'>tempore</span> <span class='ocrx_word' id='word_1_176' title='bbox 1460 2795 1587 2866; x_wconf 85' lang='lat' dir='ltr'>quem-</span> 
     </span>
     <span class='ocr_line' id='line_1_21' title="bbox 84 2895 1589 2993; baseline -0.001 -24"><span class='ocrx_word' id='word_1_177' title='bbox 84 2895 182 2991; x_wconf 89' lang='lat' dir='ltr'>piam</span> <span class='ocrx_word' id='word_1_178' title='bbox 201 2899 343 2972; x_wconf 89' lang='lat' dir='ltr'>abesse</span> <span class='ocrx_word' id='word_1_179' title='bbox 362 2922 477 2992; x_wconf 89' lang='lat' dir='ltr'>posse</span> <span class='ocrx_word' id='word_1_180' title='bbox 491 2897 631 2993; x_wconf 88' lang='lat' dir='ltr'>(debita</span> <span class='ocrx_word' id='word_1_181' title='bbox 650 2922 733 2971; x_wconf 89' lang='lat' dir='ltr'>cum</span> <span class='ocrx_word' id='word_1_182' title='bbox 753 2899 860 2970; x_wconf 92' lang='lat' dir='ltr'>venia</span> <span class='ocrx_word' id='word_1_183' title='bbox 879 2896 1022 2970; x_wconf 88' lang='lat' dir='ltr'>Summi</span> <span class='ocrx_word' id='word_1_184' title='bbox 1042 2896 1242 2993; x_wconf 89' lang='lat' dir='ltr'>Pontificis)</span> <span class='ocrx_word' id='word_1_185' title='bbox 1260 2897 1364 2993; x_wconf 92' lang='lat' dir='ltr'>quod</span> <span class='ocrx_word' id='word_1_186' title='bbox 1392 2897 1589 2970; x_wconf 90' lang='lat' dir='ltr'>intercedit</span> 
     </span>
     <span class='ocr_line' id='line_1_22' title="bbox 85 3021 1676 3119; baseline -0.002 -23"><span class='ocrx_word' id='word_1_187' title='bbox 85 3025 131 3096; x_wconf 92' lang='lat' dir='ltr'>ab</span> <span class='ocrx_word' id='word_1_188' title='bbox 165 3021 303 3096; x_wconf 92' lang='lat' dir='ltr'>ultima</span> <span class='ocrx_word' id='word_1_189' title='bbox 342 3025 440 3096; x_wconf 80' lang='lat' dir='ltr'>Rota</span> <span class='ocrx_word' id='word_1_190' title='bbox 470 3023 612 3095; x_wconf 88' lang='lat' dir='ltr'>Mensis</span> <span class='ocrx_word' id='word_1_191' title='bbox 653 3022 742 3107; x_wconf 92' lang='lat' dir='ltr'>Iulii,</span> <span class='ocrx_word' id='word_1_192' title='bbox 786 3047 907 3119; x_wconf 90' lang='lat' dir='ltr'>usque</span> <span class='ocrx_word' id='word_1_193' title='bbox 952 3023 1003 3096; x_wconf 92' lang='lat' dir='ltr'>ad</span> <span class='ocrx_word' id='word_1_194' title='bbox 1043 3023 1201 3118; x_wconf 89' lang='lat' dir='ltr'>primam</span> <span class='ocrx_word' id='word_1_195' title='bbox 1240 3022 1384 3095; x_wconf 90' lang='lat' dir='ltr'>Mensis</span> <span class='ocrx_word' id='word_1_196' title='bbox 1420 3021 1587 3094; x_wconf 90' lang='lat' dir='ltr'>Novem·</span> <span class='ocrx_word' id='word_1_197' title='bbox 1675 3035 1676 3040; x_wconf 77' lang='grc'>’</span> 
     </span>
     <span class='ocr_line' id='line_1_23' title="bbox 85 3146 1589 3245; baseline 0 -25"><span class='ocrx_word' id='word_1_198' title='bbox 85 3147 169 3234; x_wconf 93' lang='lat' dir='ltr'>bris,</span> <span class='ocrx_word' id='word_1_199' title='bbox 200 3163 247 3222; x_wconf 96' lang='lat' dir='ltr'>et</span> <span class='ocrx_word' id='word_1_200' title='bbox 274 3148 446 3245; x_wconf 88' lang='lat' dir='ltr'>quamvis</span> <span class='ocrx_word' id='word_1_201' title='bbox 475 3147 771 3245; x_wconf 87' lang='lat' dir='ltr'>Congregationi</span> <span class='ocrx_word' id='word_1_202' title='bbox 798 3147 933 3234; x_wconf 90' lang='lat' dir='ltr'>Rotali,</span> <span class='ocrx_word' id='word_1_203' title='bbox 964 3172 1064 3243; x_wconf 91' lang='lat' dir='ltr'>quae</span> <span class='ocrx_word' id='word_1_204' title='bbox 1092 3147 1226 3221; x_wconf 90' lang='lat' dir='ltr'>Mense</span> <span class='ocrx_word' id='word_1_205' title='bbox 1254 3147 1430 3245; x_wconf 84' lang='lat' dir='ltr'>Augusti,</span> <span class='ocrx_word' id='word_1_206' title='bbox 1461 3163 1500 3219; x_wconf 88' lang='lat' dir='ltr'>et</span> <span class='ocrx_word' id='word_1_207' title='bbox 1518 3146 1589 3243; x_wconf 92' lang='lat' dir='ltr'>pri·</span> 
     </span>
     <span class='ocr_line' id='line_1_24' title="bbox 85 3270 1589 3367; baseline 0 -23"><span class='ocrx_word' id='word_1_208' title='bbox 85 3297 166 3346; x_wconf 92' lang='lat' dir='ltr'>mae</span> <span class='ocrx_word' id='word_1_209' title='bbox 196 3273 336 3356; x_wconf 82' lang='lat' dir='ltr'>Rotae,</span> <span class='ocrx_word' id='word_1_210' title='bbox 366 3296 465 3367; x_wconf 92' lang='lat' dir='ltr'>quae</span> <span class='ocrx_word' id='word_1_211' title='bbox 492 3272 653 3345; x_wconf 87' lang='lat' dir='ltr'>habetur</span> <span class='ocrx_word' id='word_1_212' title='bbox 680 3272 813 3346; x_wconf 88' lang='lat' dir='ltr'>Mense</span> <span class='ocrx_word' id='word_1_213' title='bbox 842 3271 1021 3347; x_wconf 92' lang='lat' dir='ltr'>Octobris</span> <span class='ocrx_word' id='word_1_214' title='bbox 1049 3271 1108 3346; x_wconf 90' lang='lat' dir='ltr'>ille</span> <span class='ocrx_word' id='word_1_215' title='bbox 1137 3297 1210 3346; x_wconf 91' lang='lat' dir='ltr'>non</span> <span class='ocrx_word' id='word_1_216' title='bbox 1239 3271 1454 3356; x_wconf 85' lang='lat' dir='ltr'>interfuerit,</span> <span class='ocrx_word' id='word_1_217' title='bbox 1478 3270 1589 3344; x_wconf 89' lang='lat' dir='ltr'>nihilo</span> 
     </span>
     <span class='ocr_line' id='line_1_25' title="bbox 83 3395 1589 3472; baseline -0.002 -2"><span class='ocrx_word' id='word_1_218' title='bbox 83 3414 210 3472; x_wconf 90' lang='lat' dir='ltr'>tamen</span> <span class='ocrx_word' id='word_1_219' title='bbox 246 3397 367 3469; x_wconf 90' lang='lat' dir='ltr'>minus</span> <span class='ocrx_word' id='word_1_220' title='bbox 395 3395 568 3470; x_wconf 90' lang='lat' dir='ltr'>volumus</span> <span class='ocrx_word' id='word_1_221' title='bbox 594 3395 764 3471; x_wconf 90' lang='lat' dir='ltr'>eiusdem</span> <span class='ocrx_word' id='word_1_222' title='bbox 792 3397 958 3471; x_wconf 89' lang='lat' dir='ltr'>absentis</span> <span class='ocrx_word' id='word_1_223' title='bbox 987 3398 1168 3469; x_wconf 88' lang='lat' dir='ltr'>rationem</span> <span class='ocrx_word' id='word_1_224' title='bbox 1197 3395 1324 3470; x_wconf 89' lang='lat' dir='ltr'>haberi</span> <span class='ocrx_word' id='word_1_225' title='bbox 1352 3396 1387 3468; x_wconf 95' lang='lat' dir='ltr'>in</span> <span class='ocrx_word' id='word_1_226' title='bbox 1416 3396 1589 3469; x_wconf 91' lang='lat' dir='ltr'>distribu-</span> 
     </span>
     <span class='ocr_line' id='line_1_26' title="bbox 83 3519 1590 3617; baseline 0 -23"><span class='ocrx_word' id='word_1_227' title='bbox 83 3524 183 3596; x_wconf 91' lang='lat' dir='ltr'>tione</span> <span class='ocrx_word' id='word_1_228' title='bbox 214 3519 395 3616; x_wconf 82' lang='lat' dir='ltr'>stipendii</span> <span class='ocrx_word' id='word_1_229' title='bbox 423 3537 462 3594; x_wconf 92' lang='lat' dir='ltr'>et</span> <span class='ocrx_word' id='word_1_230' title='bbox 481 3520 831 3606; x_wconf 89' lang='lat' dir='ltr'>emolumentorum,</span> <span class='ocrx_word' id='word_1_231' title='bbox 853 3545 953 3617; x_wconf 91' lang='lat' dir='ltr'>quae</span> <span class='ocrx_word' id='word_1_232' title='bbox 972 3520 1033 3594; x_wconf 91' lang='lat' dir='ltr'>illo</span> <span class='ocrx_word' id='word_1_233' title='bbox 1052 3538 1222 3617; x_wconf 91' lang='lat' dir='ltr'>tempore</span> <span class='ocrx_word' id='word_1_234' title='bbox 1241 3521 1442 3595; x_wconf 88' lang='lat' dir='ltr'>debentur:</span> <span class='ocrx_word' id='word_1_235' title='bbox 1463 3521 1590 3594; x_wconf 89' lang='lat' dir='ltr'>Relin-</span> 
     </span>
     <span class='ocr_line' id='line_1_27' title="bbox 81 3645 1590 3742; baseline 0.001 -24"><span class='ocrx_word' id='word_1_236' title='bbox 81 3649 240 3742; x_wconf 83' lang='lat' dir='ltr'>quimus</span> <span class='ocrx_word' id='word_1_237' title='bbox 268 3645 342 3719; x_wconf 93' lang='lat' dir='ltr'>imo</span> <span class='ocrx_word' id='word_1_238' title='bbox 362 3646 398 3716; x_wconf 90' lang='lat' dir='ltr'>in</span> <span class='ocrx_word' id='word_1_239' title='bbox 417 3662 608 3741; x_wconf 87' lang='lat' dir='ltr'>potestate</span> <span class='ocrx_word' id='word_1_240' title='bbox 627 3663 668 3718; x_wconf 90' lang='lat' dir='ltr'>et</span> <span class='ocrx_word' id='word_1_241' title='bbox 687 3647 839 3719; x_wconf 88' lang='lat' dir='ltr'>arbitrio</span> <span class='ocrx_word' id='word_1_242' title='bbox 859 3646 974 3720; x_wconf 91' lang='lat' dir='ltr'>totius</span> <span class='ocrx_word' id='word_1_243' title='bbox 993 3645 1179 3720; x_wconf 87' lang='lat' dir='ltr'>Auditorii</span> <span class='ocrx_word' id='word_1_244' title='bbox 1197 3646 1378 3742; x_wconf 85' lang='lat' dir='ltr'>longioris</span> <span class='ocrx_word' id='word_1_245' title='bbox 1396 3645 1590 3720; x_wconf 90' lang='lat' dir='ltr'>absentiae</span> 
     </span>
     <span class='ocr_line' id='line_1_28' title="bbox 79 3769 1589 3868; baseline -0.001 -24"><span class='ocrx_word' id='word_1_246' title='bbox 79 3773 236 3846; x_wconf 88' lang='lat' dir='ltr'>veniam</span> <span class='ocrx_word' id='word_1_247' title='bbox 266 3795 335 3865; x_wconf 90' lang='lat' dir='ltr'>per</span> <span class='ocrx_word' id='word_1_248' title='bbox 363 3786 484 3845; x_wconf 92' lang='lat' dir='ltr'>totum</span> <span class='ocrx_word' id='word_1_249' title='bbox 508 3771 703 3844; x_wconf 85' lang='lat' dir='ltr'>dumtaxat</span> <span class='ocrx_word' id='word_1_250' title='bbox 732 3771 901 3844; x_wconf 89' lang='lat' dir='ltr'>Mensem</span> <span class='ocrx_word' id='word_1_251' title='bbox 934 3771 1154 3845; x_wconf 91' lang='lat' dir='ltr'>Decembris</span> <span class='ocrx_word' id='word_1_252' title='bbox 1183 3769 1331 3844; x_wconf 86' lang='lat' dir='ltr'>cuilibet</span> <span class='ocrx_word' id='word_1_253' title='bbox 1359 3771 1589 3868; x_wconf 87' lang='lat' dir='ltr'>prorogandi</span> 
     </span>
     <span class='ocr_line' id='line_1_29' title="bbox 82 3895 1590 3992; baseline -0.001 -22"><span class='ocrx_word' id='word_1_254' title='bbox 82 3899 233 3992; x_wconf 88' lang='lat' dir='ltr'>absque</span> <span class='ocrx_word' id='word_1_255' title='bbox 264 3895 339 3968; x_wconf 92' lang='lat' dir='ltr'>ullo</span> <span class='ocrx_word' id='word_1_256' title='bbox 359 3895 634 3990; x_wconf 89' lang='lat' dir='ltr'>praedictorum</span> <span class='ocrx_word' id='word_1_257' title='bbox 663 3895 1001 3970; x_wconf 90' lang='lat' dir='ltr'>emolumentorum</span> <span class='ocrx_word' id='word_1_258' title='bbox 1031 3897 1267 3978; x_wconf 89' lang='lat' dir='ltr'>detrimento,</span> <span class='ocrx_word' id='word_1_259' title='bbox 1294 3897 1396 3968; x_wconf 85' lang='lat' dir='ltr'>iuxta</span> <span class='ocrx_word' id='word_1_260' title='bbox 1424 3895 1590 3992; x_wconf 92' lang='lat' dir='ltr'>singulo-</span> 
     </span>
     <span class='ocr_line' id='line_1_30' title="bbox 82 4020 1587 4118; baseline -0.001 -24"><span class='ocrx_word' id='word_1_261' title='bbox 82 4047 166 4094; x_wconf 90' lang='lat' dir='ltr'>rum</span> <span class='ocrx_word' id='word_1_262' title='bbox 202 4047 360 4094; x_wconf 91' lang='lat' dir='ltr'>casuum</span> <span class='ocrx_word' id='word_1_263' title='bbox 380 4021 492 4103; x_wconf 88' lang='lat' dir='ltr'>vices,</span> <span class='ocrx_word' id='word_1_264' title='bbox 514 4035 553 4092; x_wconf 92' lang='lat' dir='ltr'>et</span> <span class='ocrx_word' id='word_1_265' title='bbox 571 4020 880 4105; x_wconf 67' lang='lat' dir='ltr'>circumstantias</span> <span class='ocrx_word' id='word_1_266' title='bbox 902 4037 1015 4115; x_wconf 91' lang='lat' dir='ltr'>prout</span> <span class='ocrx_word' id='word_1_267' title='bbox 1041 4021 1164 4118; x_wconf 87' lang='lat' dir='ltr'>magis</span> <span class='ocrx_word' id='word_1_268' title='bbox 1191 4045 1261 4115; x_wconf 92' lang='lat' dir='ltr'>pro</span> <span class='ocrx_word' id='word_1_269' title='bbox 1291 4045 1359 4092; x_wconf 92' lang='lat' dir='ltr'>sua</span> <span class='ocrx_word' id='word_1_270' title='bbox 1386 4020 1587 4115; x_wconf 89' lang='lat' dir='ltr'>aequitate,</span> 
     </span>
     <span class='ocr_line' id='line_1_31' title="bbox 79 4145 816 4241; baseline 0 -21"><span class='ocrx_word' id='word_1_271' title='bbox 79 4162 121 4220; x_wconf 89' lang='lat' dir='ltr'>et</span> <span class='ocrx_word' id='word_1_272' title='bbox 150 4147 356 4241; x_wconf 89' lang='lat' dir='ltr'>prudentia</span> <span class='ocrx_word' id='word_1_273' title='bbox 383 4145 561 4240; x_wconf 86' lang='lat' dir='ltr'>expedire</span> <span class='ocrx_word' id='word_1_274' title='bbox 589 4145 816 4220; x_wconf 84' lang='lat' dir='ltr'>iudicaverit.</span> 
     </span>
    </p>

    <p class='ocr_par' dir='ltr' id='par_1_3' title="bbox 70 4268 1589 5491">
     <span class='ocr_line' id='line_1_32' title="bbox 170 4268 1589 4366; baseline -0.001 -22"><span class='ocrx_word' id='word_1_275' title='bbox 170 4276 231 4346; x_wconf 89' lang='lat'>16.</span> <span class='ocrx_word' id='word_1_276' title='bbox 264 4269 434 4342; x_wconf 88' lang='lat' dir='ltr'>Tandem</span> <span class='ocrx_word' id='word_1_277' title='bbox 477 4293 598 4364; x_wconf 92' lang='lat' dir='ltr'>neque</span> <span class='ocrx_word' id='word_1_278' title='bbox 635 4268 725 4342; x_wconf 90' lang='lat' dir='ltr'>illud</span> <span class='ocrx_word' id='word_1_279' title='bbox 761 4295 957 4344; x_wconf 91' lang='lat' dir='ltr'>censemus</span> <span class='ocrx_word' id='word_1_280' title='bbox 984 4270 1312 4366; x_wconf 90' lang='lat' dir='ltr'>praetereundum,</span> <span class='ocrx_word' id='word_1_281' title='bbox 1344 4294 1421 4366; x_wconf 93' lang='lat' dir='ltr'>quo</span> <span class='ocrx_word' id='word_1_282' title='bbox 1449 4271 1589 4342; x_wconf 87' lang='lat' dir='ltr'>iuribus</span> 
     </span>
     <span class='ocr_line' id='line_1_33' title="bbox 78 4392 1589 4494; baseline -0.002 -26"><span class='ocrx_word' id='word_1_283' title='bbox 78 4395 325 4494; x_wconf 86' lang='lat' dir='ltr'>litigantium,</span> <span class='ocrx_word' id='word_1_284' title='bbox 355 4411 394 4467; x_wconf 89' lang='lat' dir='ltr'>et</span> <span class='ocrx_word' id='word_1_285' title='bbox 422 4410 526 4466; x_wconf 90' lang='lat' dir='ltr'>recto</span> <span class='ocrx_word' id='word_1_286' title='bbox 554 4392 776 4468; x_wconf 91' lang='lat' dir='ltr'>Iudiciorum</span> <span class='ocrx_word' id='word_1_287' title='bbox 805 4395 925 4468; x_wconf 90' lang='lat' dir='ltr'>ordini</span> <span class='ocrx_word' id='word_1_288' title='bbox 954 4395 1213 4468; x_wconf 90' lang='lat' dir='ltr'>conservando</span> <span class='ocrx_word' id='word_1_289' title='bbox 1242 4395 1363 4491; x_wconf 89' lang='lat' dir='ltr'>magis</span> <span class='ocrx_word' id='word_1_290' title='bbox 1384 4393 1589 4467; x_wconf 89' lang='lat' dir='ltr'>consulitur</span> 
     </span>
     <span class='ocr_line' id='line_1_34' title="bbox 78 4519 1588 4618; baseline -0.001 -24"><span class='ocrx_word' id='word_1_291' title='bbox 78 4546 123 4594; x_wconf 92' lang='lat' dir='ltr'>ac</span> <span class='ocrx_word' id='word_1_292' title='bbox 153 4520 391 4616; x_wconf 89' lang='lat' dir='ltr'>providetur.</span> <span class='ocrx_word' id='word_1_293' title='bbox 423 4519 554 4614; x_wconf 92' lang='lat' dir='ltr'>ltaque</span> <span class='ocrx_word' id='word_1_294' title='bbox 584 4519 709 4591; x_wconf 91' lang='lat' dir='ltr'>statim</span> <span class='ocrx_word' id='word_1_295' title='bbox 737 4545 782 4592; x_wconf 92' lang='lat' dir='ltr'>ac</span> <span class='ocrx_word' id='word_1_296' title='bbox 814 4519 969 4618; x_wconf 84' lang='lat' dir='ltr'>quilibet</span> <span class='ocrx_word' id='word_1_297' title='bbox 1002 4519 1166 4594; x_wconf 85' lang='lat' dir='ltr'>Auditor</span> <span class='ocrx_word' id='word_1_298' title='bbox 1202 4535 1268 4592; x_wconf 93' lang='lat' dir='ltr'>aut</span> <span class='ocrx_word' id='word_1_299' title='bbox 1309 4519 1588 4592; x_wconf 88' lang='lat' dir='ltr'>Locumteuens</span> 
     </span>
     <span class='ocr_line' id='line_1_35' title="bbox 75 4644 1588 4742; baseline -0.001 -24"><span class='ocrx_word' id='word_1_300' title='bbox 75 4646 138 4721; x_wconf 89' lang='lat' dir='ltr'>vel</span> <span class='ocrx_word' id='word_1_301' title='bbox 169 4671 246 4720; x_wconf 90' lang='lat' dir='ltr'>suo</span> <span class='ocrx_word' id='word_1_302' title='bbox 274 4669 317 4718; x_wconf 90' lang='lat' dir='ltr'>se</span> <span class='ocrx_word' id='word_1_303' title='bbox 345 4669 499 4718; x_wconf 86' lang='lat' dir='ltr'>munere</span> <span class='ocrx_word' id='word_1_304' title='bbox 527 4644 764 4731; x_wconf 89' lang='lat' dir='ltr'>abdicaverit,</span> <span class='ocrx_word' id='word_1_305' title='bbox 783 4644 842 4719; x_wconf 91' lang='lat' dir='ltr'>vel</span> <span class='ocrx_word' id='word_1_306' title='bbox 870 4645 942 4718; x_wconf 86' lang='lat' dir='ltr'>alia</span> <span class='ocrx_word' id='word_1_307' title='bbox 970 4669 1208 4740; x_wconf 91' lang='lat' dir='ltr'>quacumque</span> <span class='ocrx_word' id='word_1_308' title='bbox 1238 4646 1381 4719; x_wconf 90' lang='lat' dir='ltr'>ratione</span> <span class='ocrx_word' id='word_1_309' title='bbox 1409 4669 1455 4717; x_wconf 91' lang='lat' dir='ltr'>eo</span> <span class='ocrx_word' id='word_1_310' title='bbox 1484 4645 1588 4742; x_wconf 85' lang='lat' dir='ltr'>iungi</span> 
     </span>
     <span class='ocr_line' id='line_1_36' title="bbox 74 4768 1585 4875; baseline -0.002 -31"><span class='ocrx_word' id='word_1_311' title='bbox 74 4771 253 4853; x_wconf 88' lang='lat' dir='ltr'>desierit,</span> <span class='ocrx_word' id='word_1_312' title='bbox 276 4768 460 4856; x_wconf 74' lang='lat' dir='ltr'>volumuS,</span> <span class='ocrx_word' id='word_1_313' title='bbox 491 4787 531 4842; x_wconf 93' lang='lat' dir='ltr'>ut</span> <span class='ocrx_word' id='word_1_314' title='bbox 560 4794 682 4864; x_wconf 89' lang='lat' dir='ltr'>neque</span> <span class='ocrx_word' id='word_1_315' title='bbox 712 4771 803 4866; x_wconf 91' lang='lat' dir='ltr'>ipse,</span> <span class='ocrx_word' id='word_1_316' title='bbox 835 4795 958 4868; x_wconf 89' lang='lat' dir='ltr'>neque</span> <span class='ocrx_word' id='word_1_317' title='bbox 987 4795 1139 4875; x_wconf 84' lang='lat' dir='ltr'>suorum</span> <span class='ocrx_word' id='word_1_318' title='bbox 1170 4769 1387 4842; x_wconf 90' lang='lat' dir='ltr'>Studiorum</span> <span class='ocrx_word' id='word_1_319' title='bbox 1412 4769 1585 4856; x_wconf 88' lang='lat' dir='ltr'>Adiutor,</span> 
     </span>
     <span class='ocr_line' id='line_1_37' title="bbox 72 4893 1587 4992; baseline -0.001 -22"><span class='ocrx_word' id='word_1_320' title='bbox 72 4911 144 4970; x_wconf 89' lang='lat' dir='ltr'>aut</span> <span class='ocrx_word' id='word_1_321' title='bbox 176 4893 327 4970; x_wconf 81' lang='lat' dir='ltr'>secreti</span> <span class='ocrx_word' id='word_1_322' title='bbox 357 4893 430 4967; x_wconf 91' lang='lat' dir='ltr'>ullo</span> <span class='ocrx_word' id='word_1_323' title='bbox 459 4894 573 4966; x_wconf 92' lang='lat' dir='ltr'>modo</span> <span class='ocrx_word' id='word_1_324' title='bbox 600 4894 637 4968; x_wconf 91' lang='lat' dir='ltr'>in</span> <span class='ocrx_word' id='word_1_325' title='bbox 665 4898 777 4969; x_wconf 90' lang='lat' dir='ltr'>rebus</span> <span class='ocrx_word' id='word_1_326' title='bbox 811 4911 877 4969; x_wconf 91' lang='lat' dir='ltr'>aut</span> <span class='ocrx_word' id='word_1_327' title='bbox 915 4895 1077 4992; x_wconf 86' lang='lat' dir='ltr'>negotiis</span> <span class='ocrx_word' id='word_1_328' title='bbox 1114 4895 1163 4968; x_wconf 90' lang='lat' dir='ltr'>ad</span> <span class='ocrx_word' id='word_1_329' title='bbox 1200 4893 1379 4968; x_wconf 90' lang='lat' dir='ltr'>Tribunal</span> <span class='ocrx_word' id='word_1_330' title='bbox 1417 4909 1587 4989; x_wconf 88' lang='lat' dir='ltr'>spectan-</span> 
     </span>
     <span class='ocr_line' id='line_1_38' title="bbox 71 5019 1587 5114; baseline -0.002 -19"><span class='ocrx_word' id='word_1_331' title='bbox 71 5022 194 5106; x_wconf 91' lang='lat' dir='ltr'>tibus,</span> <span class='ocrx_word' id='word_1_332' title='bbox 244 5043 366 5114; x_wconf 88' lang='lat' dir='ltr'>neque</span> <span class='ocrx_word' id='word_1_333' title='bbox 407 5019 519 5092; x_wconf 92' lang='lat' dir='ltr'>etiam</span> <span class='ocrx_word' id='word_1_334' title='bbox 561 5019 597 5090; x_wconf 95' lang='lat' dir='ltr'>in</span> <span class='ocrx_word' id='word_1_335' title='bbox 637 5019 898 5093; x_wconf 90' lang='lat' dir='ltr'>Decisionibus</span> <span class='ocrx_word' id='word_1_336' title='bbox 945 5019 1204 5094; x_wconf 90' lang='lat' dir='ltr'>elucubrandis</span> <span class='ocrx_word' id='word_1_337' title='bbox 1247 5043 1333 5092; x_wconf 91' lang='lat' dir='ltr'>sese</span> <span class='ocrx_word' id='word_1_338' title='bbox 1379 5019 1587 5092; x_wconf 89' lang='lat' dir='ltr'>immiscere</span> 
     </span>
     <span class='ocr_line' id='line_1_39' title="bbox 70 5143 1588 5240; baseline -0.003 -20"><span class='ocrx_word' id='word_1_339' title='bbox 70 5147 265 5220; x_wconf 89' lang='lat' dir='ltr'>audeant.</span> <span class='ocrx_word' id='word_1_340' title='bbox 295 5143 372 5216; x_wconf 90' lang='lat' dir='ltr'>Sed</span> <span class='ocrx_word' id='word_1_341' title='bbox 409 5144 523 5216; x_wconf 92' lang='lat' dir='ltr'>immo</span> <span class='ocrx_word' id='word_1_342' title='bbox 551 5143 650 5216; x_wconf 93' lang='lat' dir='ltr'>idem</span> <span class='ocrx_word' id='word_1_343' title='bbox 679 5145 770 5240; x_wconf 90' lang='lat' dir='ltr'>ipse,</span> <span class='ocrx_word' id='word_1_344' title='bbox 801 5145 864 5240; x_wconf 92' lang='lat' dir='ltr'>qui</span> <span class='ocrx_word' id='word_1_345' title='bbox 897 5145 1146 5219; x_wconf 87' lang='lat' dir='ltr'>Auditoratus</span> <span class='ocrx_word' id='word_1_346' title='bbox 1182 5143 1241 5217; x_wconf 91' lang='lat' dir='ltr'>vel</span> <span class='ocrx_word' id='word_1_347' title='bbox 1280 5144 1588 5217; x_wconf 89' lang='lat' dir='ltr'>Locumtenentis</span> 
     </span>
     <span class='ocr_line' id='line_1_40' title="bbox 71 5267 1589 5364; baseline -0.002 -19"><span class='ocrx_word' id='word_1_348' title='bbox 71 5293 243 5344; x_wconf 91' lang='lat' dir='ltr'>munere</span> <span class='ocrx_word' id='word_1_349' title='bbox 285 5267 503 5364; x_wconf 81' lang='lat' dir='ltr'>perfunctus</span> <span class='ocrx_word' id='word_1_350' title='bbox 540 5286 610 5356; x_wconf 90' lang='lat' dir='ltr'>est,</span> <span class='ocrx_word' id='word_1_351' title='bbox 653 5269 809 5364; x_wconf 92' lang='lat' dir='ltr'>eiusque</span> <span class='ocrx_word' id='word_1_352' title='bbox 846 5267 969 5342; x_wconf 91' lang='lat' dir='ltr'>Studii</span> <span class='ocrx_word' id='word_1_353' title='bbox 1000 5270 1164 5343; x_wconf 85' lang='lat' dir='ltr'>Adiutor</span> <span class='ocrx_word' id='word_1_354' title='bbox 1200 5285 1238 5342; x_wconf 91' lang='lat' dir='ltr'>et</span> <span class='ocrx_word' id='word_1_355' title='bbox 1274 5267 1428 5354; x_wconf 90' lang='lat' dir='ltr'>Secreti,</span> <span class='ocrx_word' id='word_1_356' title='bbox 1461 5267 1589 5342; x_wconf 88' lang='lat' dir='ltr'>Diaria</span> 
     </span>
     <span class='ocr_line' id='line_1_41' title="bbox 71 5392 1588 5491; baseline -0.002 -21"><span class='ocrx_word' id='word_1_357' title='bbox 71 5394 249 5473; x_wconf 90' lang='lat' dir='ltr'>Rotalia,</span> <span class='ocrx_word' id='word_1_358' title='bbox 279 5407 394 5490; x_wconf 86' lang='lat' dir='ltr'>atque</span> <span class='ocrx_word' id='word_1_359' title='bbox 423 5393 600 5491; x_wconf 83' lang='lat' dir='ltr'>suffragia</span> <span class='ocrx_word' id='word_1_360' title='bbox 627 5410 703 5468; x_wconf 92' lang='lat' dir='ltr'>tam</span> <span class='ocrx_word' id='word_1_361' title='bbox 732 5419 810 5480; x_wconf 93' lang='lat' dir='ltr'>sua,</span> <span class='ocrx_word' id='word_1_362' title='bbox 855 5419 968 5490; x_wconf 91' lang='lat' dir='ltr'>quam</span> <span class='ocrx_word' id='word_1_363' title='bbox 1006 5395 1162 5469; x_wconf 91' lang='lat' dir='ltr'>aliorum</span> <span class='ocrx_word' id='word_1_364' title='bbox 1204 5393 1439 5480; x_wconf 87' lang='lat' dir='ltr'>Auditorum,</span> <span class='ocrx_word' id='word_1_365' title='bbox 1471 5393 1506 5466; x_wconf 95' lang='lat' dir='ltr'>in</span> <span class='ocrx_word' id='word_1_366' title='bbox 1544 5392 1588 5467; x_wconf 92' lang='lat' dir='ltr'>iis</span> 
     </span>
    </p>
   </div>
   <div class='ocr_carea' id='block_1_3' title="bbox 0 0 1848 5916">
    <p class='ocr_par' dir='ltr' id='par_1_4' title="bbox 0 0 1848 5916">
     <span class='ocr_line' id='line_1_42' title="bbox 0 0 1848 5916; baseline 0 2"><span class='ocrx_word' id='word_1_367' title='bbox 0 0 1848 5916; x_wconf 95' lang='lat' dir='ltr'> </span> 
     </span>
    </p>
   </div>
  </div>
 </body>
</html>
