3708 5918
254 313 290 373 50
878 312 1016 372 Saeculo
1034 311 1124 372 XIII

252 507 344 582 tium
371 505 582 581 huiusmodi
611 506 681 580 sub
707 505 842 580 eadem
871 505 988 580 sorma
1016 504 1201 580 commisit
1237 505 1524 580 examinandum
1560 521 1600 578 et
1635 507 1741 581 etiam

251 631 537 707 terminandum.
568 629 650 706 Nos
677 645 805 704 autem
833 628 1010 727 predictis
1037 629 1210 705 omnibus
1241 631 1291 704 ad
1325 645 1492 706 nostram
1520 631 1742 727 presentiam
1845 719 1846 734 χ

249 757 474 840 convocatis,
503 771 544 831 et
570 755 756 852 premissa
782 779 899 851 super
925 779 1056 829 eorum
1079 755 1219 829 iuribus
1237 755 1334 829 circa
1352 755 1586 851 provisiones
1604 771 1643 830 et
1661 781 1745 852 pre-

251 880 413 956 bendam
442 880 602 955 eandem
625 878 793 978 diligenti
812 879 1097 965 examinatione,
1118 881 1370 978 comperimus
1398 897 1646 955 memoratum
1665 881 1744 955 offi-

251 1004 382 1080 cialem
409 1005 531 1103 primo
559 1029 581 1078 a
607 1003 755 1102 prelato
782 1003 935 1080 domino
953 1005 1172 1079 Alexandro
1192 1005 1419 1090 monitorias,
1441 1021 1480 1078 et
1503 1007 1743 1102 postmodum

247 1156 271 1203 a
298 1131 398 1204 dicto
425 1129 577 1204 domino
607 1129 763 1204 Urbano
790 1129 1026 1204 executorias
1064 1153 1180 1226 super
1215 1127 1430 1227 provisione
1466 1151 1535 1203 sua
1572 1128 1609 1205 in
1647 1131 1745 1205 dicta

249 1253 486 1329 Narbonensi
513 1253 669 1329 ecclesia
696 1251 842 1328 litteras
870 1255 1104 1349 impetrasse,
1133 1255 1344 1352 ipsumque,
1366 1253 1468 1328 nullo
1490 1279 1560 1350 per
1577 1253 1745 1330 eiusdem

248 1379 387 1454 domini
415 1376 619 1454 Alexandri
650 1377 805 1466 litteras,
836 1376 921 1452 licet
956 1394 1175 1476 presentate
1211 1377 1359 1465 fuerint,
1388 1403 1570 1476 processu
1603 1378 1742 1466 habit0,

248 1531 318 1603 per
343 1507 462 1581 dictas
488 1504 723 1580 executorias
751 1503 886 1602 prelati
914 1503 1053 1578 domini
1082 1503 1224 1580 Urbani
1252 1505 1397 1580 litteras
1416 1507 1451 1580 in
1471 1506 1571 1580 dicta
1588 1508 1745 1582 ecclesia

247 1633 283 1704 in
311 1631 463 1708 fratrem
491 1647 530 1704 et
557 1629 774 1704 canonicum
803 1644 1009 1726 receptum,
1038 1645 1078 1703 et
1105 1629 1242 1704 dictam
1271 1629 1500 1727 prebendam
1533 1631 1603 1706 sibi
1629 1631 1745 1706 luisse

245 1755 440 1843 collatam;
471 1755 687 1850 dictumque
714 1754 935 1853 magistrum
965 1751 1206 1828 Guillelmum
1233 1756 1282 1828 ab
1308 1755 1444 1829 eodem
1471 1751 1627 1831 Urbano
1646 1781 1746 1854 papa

247 1883 317 1956 sub
343 1905 389 1956 ea
416 1881 535 1954 forma
561 1878 796 1954 executorias
824 1878 1033 1954 obtinuisse
1069 1879 1222 1966 litteras,
1254 1895 1295 1954 ut
1331 1880 1591 1976 provideretur
1625 1882 1660 1956 ei
1698 1880 1746 1956 de

246 2005 439 2101 prebenda
466 2005 573 2100 siqua
599 2019 750 2078 vacaret
777 2002 814 2077 in
841 2003 925 2099 ipsa
951 2001 1108 2078 ecclesia
1137 2001 1385 2088 Narbonensi,
1410 2020 1450 2079 et
1476 2021 1564 2078 ωηο
1591 2006 1745 2080 demum

246 2129 383 2226 ipsein
402 2129 554 2204 fratrem
573 2144 613 2204 et
631 2127 848 2202 canonicum
867 2127 1096 2224 reciperetur
1113 2127 1150 2200 iu
1169 2152 1225 2204 ea.
1247 2127 1396 2202 Prelato
1414 2144 1540 2204 autem
1561 2131 1746 2230 magistro

246 2253 435 2328 Aimerico
462 2252 660 2327 videbatur
687 2251 837 2326 uberior
863 2253 986 2348 gratia
1004 2251 1102 2326 facta
1121 2275 1227 2338 esse;
1248 2251 1432 2348 siquidem
1457 2253 1555 2328 idem
1575 2279 1746 2329 summus
1845 2323 1846 2328 ,

246 2376 413 2477 pontifex
441 2375 620 2452 Urbanus
647 2377 716 2451 sibi
744 2377 1002 2451 canonicatum
1030 2376 1186 2451 contulit
1213 2375 1382 2451 eiusdem
1413 2378 1570 2452 ecclesie
1600 2379 1747 2454 Narbo

246 2503 382 2590 nensis,
421 2517 460 2576 et
496 2500 738 2598 prebendam,
769 2501 878 2596 siqua
916 2518 1004 2576 ωηο
1041 2502 1199 2576 vacabat
1236 2501 1383 2588 ibidem,
1421 2500 1584 2598 alioquin
1621 2505 1745 2599 primo

243 2643 471 2712 vacaturam,
501 2624 765 2702 conserendam
792 2624 915 2700 eidem
944 2624 1134 2700 donationi
1154 2623 1359 2721 apostolice
1380 2627 1594 2714 reservavit,
1616 2627 1745 2704 decer-

245 2778 338 2828 nens
366 2753 508 2828 irritum
543 2769 583 2826 et
615 2753 724 2826 inane
758 2751 789 2826 si
818 2775 927 2825 secus
964 2749 1011 2824 de
1044 2751 1221 2847 predictis
1257 2751 1467 2850 contigeret
1502 2753 1744 2849 attemptari,

244 2903 358 2976 super
383 2877 581 2953 collatione
615 2893 793 2951 vacature
829 2875 1033 2973 prebende,
1063 2900 1206 2950 necnon
1244 2892 1283 2950 et
1318 2899 1433 2972 super
1463 2875 1679 2952 inductione
1708 2876 1745 2950 in

241 3004 521 3101 possessionem
549 3001 789 3076 canonicatus
816 3017 856 3075 et
884 3001 1075 3097 prebende
1102 3001 1281 3098 ipsorum,
1312 3016 1416 3075 certo
1445 3001 1514 3075 sibi
1543 3001 1744 3076 nichilomi-

242 3153 312 3203 nus
340 3144 541 3202 executore
569 3151 760 3202 concesso.
792 3125 978 3224 Magistro
1013 3149 1167 3221 quoque
1201 3125 1394 3200 Bernardo
1427 3124 1527 3200 idem
1564 3126 1745 3201 dominus

241 3251 419 3328 Urbanus
447 3252 496 3324 de
523 3251 741 3324 canonicatu
769 3264 809 3324 et
837 3249 1028 3345 prebenda
1057 3248 1366 3324 Narbonensibus
1395 3251 1466 3324 sub
1494 3265 1598 3324 certa
1620 3249 1745 3324 lorma

240 3375 429 3474 provideri
456 3373 657 3460 mandavit,
686 3373 822 3448 eodem
849 3373 1003 3448 domino
1030 3387 1162 3448 nostro
1191 3371 1398 3460 Clemente,
1425 3388 1514 3449 ωηο
1542 3373 1746 3450 Sabinensi

239 3503 430 3599 episcopo,
459 3515 498 3574 et
525 3498 726 3574 venerabili
762 3511 909 3595 patre..
939 3497 1221 3596 archiepiscopo
1249 3497 1486 3573 Narbonensi
1523 3498 1593 3573 sibi
1625 3525 1746 3598 super

241 3629 311 3703 hoc
338 3627 600 3702 executoribus
627 3621 836 3720 deputatis;
866 3622 1064 3719 dictusque
1082 3622 1397 3720 archiepiscopus,
1420 3622 1568 3720 prelato
1586 3624 1745 3700 domino

240 3767 370 3828 nostro
397 3766 437 3825 et
466 3749 642 3848 Capitulo
679 3747 916 3824 Narbonensi
956 3747 1194 3846 presentibus
1229 3766 1268 3823 et
1303 3734 1636 3836 consentiebtibus,
1669 3752 1744 3848 ipsi

239 3878 421 3975 magistro
440 3875 632 3949 Bernardo
660 3874 708 3949 de
736 3873 833 3948 dicte
862 3871 1119 3948 Narbonensis
1146 3871 1303 3948 ecclesie
1325 3873 1542 3948 canonicatu
1562 3875 1742 3970 providit,
1844 3887 1845 3898 ¹

237 4003 382 4099 sibique
411 4001 520 4076 stallo
548 4001 583 4074 in
614 3999 729 4073 choro
756 4015 796 4072 et
822 3999 906 4072 loco
934 3997 971 4071 in
998 3998 1162 4095 capitulo
1188 3998 1403 4096 assignatis,
1424 4000 1580 4074 contulit
1600 3999 1634 4074 ei
1652 4025 1746 4098 pre-

236 4127 408 4211 bendam,
439 4125 548 4220 siqua
576 4125 661 4198 inibi
690 4123 777 4197 nulli
796 4121 856 4197 alii
875 4123 1001 4197 debita
1020 4138 1109 4197 tunc
1126 4123 1296 4207 vacabat,
1321 4122 1485 4219 alioquin
1504 4125 1744 4220 prebendam

236 4248 446 4324 huiusmodi
470 4249 638 4345 proxime
656 4261 884 4333 vacaturam,
905 4271 990 4320 cum
1008 4261 1170 4332 vacaret,
1191 4246 1457 4322 conserendam
1476 4247 1599 4322 eidem
1618 4249 1745 4323 dona-

236 4377 326 4452 tioni
352 4374 557 4472 apostolice
587 4373 807 4460 reservavit;
838 4372 874 4445 in
903 4372 1198 4447 contradictores
1226 4387 1265 4446 et
1294 4370 1454 4448 rebelles
1486 4375 1746 4447 excommuni-

236 4502 392 4577 cationis
420 4499 605 4574 sente'ntia
632 4498 885 4597 promulgata.
915 4497 1095 4572 Ceterum
1131 4522 1216 4570 cum
1253 4495 1376 4571 eidem
1412 4497 1566 4571 domino
1603 4514 1744 4574 nostro

236 4625 432 4710 Clementi,
462 4639 550 4697 ωηο
577 4622 774 4698 Sabinensi
800 4623 981 4720 episcopo
1008 4638 1047 4696 et
1074 4617 1281 4718 apostolice
1313 4621 1415 4696 sedis
1442 4620 1581 4719 legato,
1613 4622 1745 4698 dictus

236 4751 409 4825 dominus
438 4748 615 4823 Urbanus
643 4748 800 4822 faciendi
829 4746 942 4843 recipi
970 4771 1081 4820 unam
1101 4771 1302 4843 personam
1321 4747 1509 4843 ydoneam
1529 4748 1565 4821 in
1586 4746 1746 4823 Narbo·

235 4874 340 4947 nensi
368 4890 407 4948 et
433 4872 543 4946 aliam
571 4872 607 4945 in
636 4871 818 4945 Anitiensi
848 4870 1025 4956 ecclesiis,
1056 4886 1096 4944 et
1122 4870 1344 4968 providendi
1380 4871 1522 4946 eisdem
1559 4874 1745 4968 personis

236 5001 283 5074 de
311 4998 522 5095 prebendis,
554 4997 661 5094 sique
689 4997 724 5070 in
754 4997 862 5072 dictis
891 4996 1057 5071 ecclesiis
1088 5011 1176 5070 ωηο
1203 4997 1398 5088 vacabant,
1426 4997 1590 5094 alioquin
1619 5023 1744 5093 quam

236 5125 309 5199 cito
328 5123 378 5198 ad
406 5122 443 5197 id
462 5123 698 5219 oportunitas
726 5147 768 5196 se
796 5121 959 5210 offerret,
989 5121 1238 5196 concessisset
1266 5146 1335 5218 per
1354 5147 1442 5196 suas
1459 5121 1604 5197 litteras
1623 5122 1743 5198 lacul-

233 5265 363 5337 tatem,
393 5249 474 5345 ipse
503 5249 676 5322 dominus
705 5263 834 5322 noster
861 5245 1063 5321 venerabili
1086 5247 1184 5342 patri
1203 5246 1354 5322 domino
1375 5247 1553 5328 Roberto,
1576 5247 1744 5322 Avinio-

235 5375 342 5450 nensi
378 5373 566 5470 episcopo,
601 5391 688 5448 tunc
725 5371 903 5446 canonico
937 5369 1205 5460 valentinensi,
1239 5371 1287 5446 de
1319 5371 1436 5468 ipsius
1474 5371 1744 5448 Narbonensis

1842 4147 1844 4266 r
