3718 5918
725 329 917 388 Innocentio
935 327 989 388 XI
1549 327 1605 386 435

110 527 340 602 nihilominus
358 526 407 600 ad
427 529 695 600 removendam
711 547 860 597 omnem
883 522 1143 618 suspicionem,
1160 522 1283 617 ipsum
1297 523 1393 595 bene
1407 519 1603 608 facturum,

109 652 137 727 si
164 651 387 740 abstineret;
417 665 457 724 et
475 650 633 747 proinde
662 648 749 722 mihi
778 650 841 748 qui
870 648 992 722 eidem
1021 648 1191 743 proxime
1218 646 1255 719 in
1282 645 1413 722 Turno
1441 647 1602 732 assideo,

108 778 342 853 iniunxerunt
360 793 401 849 ut
420 775 555 848 serrem
574 775 611 848 in
630 798 677 848 ea
697 771 916 871 suffragium
936 788 975 845 et
995 771 1159 846 Domino
1179 771 1347 856 Ponenti,
1370 788 1411 844 ut
1435 771 1606 844 Partibus
1666 865 1667 870 ἵ

108 900 289 998 significet
315 901 365 976 ad
393 902 463 975 hoc
492 915 533 973 ut
560 923 620 974 me
649 898 744 972 illius
772 898 855 972 loco
883 897 1094 972 informent.

809 1248 898 1326 331.
931 1283 932 1288 ¹

105 1409 243 1483 Recens
272 1411 401 1507 Papae
428 1408 614 1482 ordinatio
639 1408 740 1507 quod
762 1409 802 1482 in
829 1410 950 1481 censes
975 1432 1070 1505 quae
1096 1407 1267 1481 nitentur
1283 1433 1308 1481 a
1337 1405 1495 1480 Ponente
1522 1431 1602 1480 cnm

181 1543 345 1632 quaeror
371 1533 713 1632 corresponrelzbne
743 1536 783 1608 in
815 1533 1001 1608 docerem
1028 1533 1187 1608 duorum
1212 1531 1487 1632 suffragiorum
1523 1557 1604 1606 enm

184 1659 315 1746 trades,
345 1659 538 1734 ordinetur
569 1670 611 1731 nt
645 1659 768 1733 velient
795 1667 931 1745 sextus,
960 1660 1228 1756 interpretatur
1259 1658 1300 1732 in
1328 1682 1439 1732 causa
1474 1657 1605 1731 ‹Fer-

182 1785 328 1859 rarien.
366 1783 526 1858 Tenutae
543 1811 580 1860 t.

138 1931 144 1946 '
182 1939 300 2010 (Anca.
320 1938 408 2012 Rom,
431 1963 444 1990 ι
456 1937 623 1998 Dr'arium
640 1938 753 1998 Iacobr'
767 1938 908 1998 Emerix
920 1941 955 2012 »).

570 2157 700 2231 Lunae
731 2160 779 2230 28
810 2156 1001 2230 Februarii
1036 2161 1146 2251 1678.

188 2343 277 2413 ¹39·
308 2319 395 2392 Fuit
426 2317 540 2394 hodie
575 2319 611 2392 in
646 2317 774 2392 Causa
802 2317 1020 2392 Ferrarien.
1057 2319 1095 2391 T
1089 2329 1227 2403 erutae,
1257 2320 1294 2392 in
1333 2343 1408 2416 qua
1446 2320 1607 2394 aderant

100 2444 176 2518 duo
206 2443 432 2519 Decisiones
461 2443 588 2518 favore
617 2442 852 2518 Serenissimi
881 2441 999 2515 Ducis
1027 2441 1196 2517 Mutinae
1223 2458 1262 2516 et
1294 2468 1392 2540 quae
1420 2444 1605 2518 examina-

100 2570 213 2642 batur
250 2595 276 2642 a
305 2569 353 2644 D.
386 2568 540 2642 Decano
569 2567 737 2641 Ponente
763 2583 803 2641 et
839 2583 1003 2663 quatuor
1031 2566 1402 2665 Corresponsalibus,
1432 2569 1519 2664 quia
1546 2585 1608 2645 est

101 2694 306 2768 commissa
324 2692 369 2766 de
397 2695 484 2769 Veto
502 2694 629 2778 Rotae,
652 2693 873 2788 rescriptum
893 2693 929 2765 in
959 2691 1145 2766 discordia
1164 2693 1323 2766 duorum
1344 2691 1606 2790 suffragiorum

98 2843 182 2892 cum
198 2818 339 2894 tribus:
364 2847 382 2890 e
397 2817 524 2893 Dilata
537 2835 577 2892 et
590 2817 762 2892 videatur
775 2819 825 2891 ab
839 2817 1012 2892 omnibus
1029 2817 1202 2891 Dominis
1215 2845 1252 2894 ›.
1269 2817 1397 2915 Aliqui
1416 2816 1604 2903 volebant,

100 2956 140 3015 ut
167 2943 411 3017 ordinaretur
434 2943 551 3042 .quod
587 2941 733 3018 videret
760 2939 900 3016 Sextus
934 2943 1037 3016 iuxta
1064 2942 1303 3016 novissimam
1333 2942 1606 3016 ordinationem

99 3065 224 3156 sset
257 3068 328 3141 sed
356 3065 417 3141 alii
445 3068 628 3151 dixerunt,
664 3065 773 3140 istam
802 3065 1075 3140 ordinationem
1102 3091 1188 3142 esse
1216 3066 1351 3142 saetam
1379 3092 1449 3164 pro
1477 3067 1607 3141 maiori

97 3193 373 3266 commoditate
411 3192 671 3276 Dominorum‚
702 3206 741 3264 et
778 3169 824 3264 ne
860 3207 1107 3265 onerarentur
1134 3189 1367 3287 frequentius
1395 3217 1539 3280 omnes,
1568 3207 1607 3266 et

96 3333 309 3414 propterea
337 3343 420 3390 cum
441 3317 533 3390 haec
563 3315 691 3390 Causa
718 3315 830 3389 luerit
855 3315 1055 3389 commissa
1084 3317 1218 3390 Rotae
1235 3333 1391 3414 propter
1419 3317 1499 3391 eius
1518 3341 1607 3413 gra-

95 3442 257 3515 vitatem
287 3440 336 3514 ad
376 3441 589 3516 instantiam
629 3440 746 3514 Ducis
783 3441 819 3512 in
856 3439 979 3514 limine
1013 3438 1190 3513 serendae
1224 3439 1440 3516 Sententiae
1478 3457 1608 3515 contra

95 3567 266 3640 eundem
295 3591 318 3640 a
345 3567 464 3640 iudice
485 3565 669 3662 deputato
696 3566 745 3638 ab
766 3563 949 3638 Auditore
974 3563 1168 3651 Camerae,
1189 3564 1323 3639 mereri
1351 3565 1455 3664 quod
1472 3591 1605 3641 omnes

97 3689 258 3764 Domini
289 3690 387 3765 illam
414 3690 567 3764 videant
594 3705 634 3764 et
660 3689 842 3763 maturius
871 3688 1081 3765 discutiant.

813 4059 903 4141 332.

94 4221 242 4320 Aliquo
263 4219 382 4294 Rotae
407 4219 481 4294 leco
498 4229 657 4306 vacante,
679 4229 815 4294 turnus
836 4247 909 4294 non
936 4222 1150 4297 metebatur
1166 4221 1226 4297 dic
1243 4248 1314 4322 qno
1339 4224 1438 4297 locus
1457 4225 1610 4298 vacabat

174 4345 249 4420 sed
274 4344 315 4417 z'n
332 4344 416 4440 fine
444 4346 562 4419 Rotae
588 4345 816 4444 ensequentz's.

174 4499 302 4571 (Aaou.
322 4497 410 4564 Ror„
433 4497 623 4558 ‹Deorium
643 4499 756 4559 Iacobi
770 4499 911 4559 Emerix
924 4507 959 4573 »).

585 4717 744 4795 Veneris
779 4723 822 4793 18
853 4719 979 4794 Martii
1014 4723 1124 4815 1678.

181 4906 277 4974 142.
300 4881 391 4953 Post
418 4879 669 4954 resolutiones
699 4880 909 4954 Causarum
930 4883 976 4957 R.
998 4881 1036 4955 Ρ.
1059 4881 1108 4958 D.
1132 4881 1302 4957 Calataiu
1314 4939 1409 4960 .....
1430 4883 1607 4959 valedixit

90 5009 224 5083 Rotae
237 5063 337 5083 .....
370 5007 593 5080 Dubitatum
622 5005 689 5080 luit
716 5007 766 5080 ab
792 5007 978 5104 aliquibus
1007 5033 1055 5082 ex
1084 5008 1255 5082 Dominis
1287 5033 1335 5083 an
1364 5010 1475 5085 hodie
1503 5028 1607 5085 esset

88 5133 309 5210 mutandus
337 5131 502 5217 Turnum
532 5133 600 5204 sed
619 5148 709 5228 post
736 5135 889 5206 brevem
919 5132 1230 5228 disceptationem
1260 5137 1506 5210 communiter
1524 5161 1608 5210 con-

86 5259 246 5334 clusum
279 5258 411 5342 extitit,
433 5281 506 5332 non
535 5280 619 5332 esse
638 5259 869 5344 mutandum,
892 5258 960 5332 nisi
979 5259 1015 5330 in
1034 5257 1107 5332 fine
1136 5262 1329 5354 sequentis
1350 5261 1482 5362 Rotae,
1505 5263 1606 5336 iuxta

88 5385 301 5482 antiquum
331 5381 468 5480 stylum
497 5381 708 5456 Tribunalis
736 5383 785 5456 de
813 5408 889 5480 quo
918 5397 1079 5457 testatur
1109 5383 1220 5458 Penia
1249 5402 1309 5458 etc
1313 5445 1433 5462 ......
