<?xml version="1.0" encoding="UTF-8"?>
<!DOCTYPE html PUBLIC "-//W3C//DTD XHTML 1.0 Transitional//EN"
    "http://www.w3.org/TR/xhtml1/DTD/xhtml1-transitional.dtd">
<html xmlns="http://www.w3.org/1999/xhtml" xml:lang="en" lang="en">
 <head>
  <title>
</title>
<meta http-equiv="Content-Type" content="text/html;charset=utf-8" />
  <meta name='ocr-system' content='tesseract 3.04.00' />
  <meta name='ocr-capabilities' content='ocr_page ocr_carea ocr_par ocr_line ocrx_word'/>
</head>
<body>
  <div class='ocr_page' id='page_1' title='image "./capellanipapaee00cercgoog_0572.png"; bbox 0 0 3686 5916; ppageno 0'>
   <div class='ocr_carea' id='block_1_1' title="bbox 221 318 1123 381">
    <p class='ocr_par' dir='ltr' id='par_1_1' title="bbox 221 318 1123 381">
     <span class='ocr_line' id='line_1_1' title="bbox 221 318 1123 381; baseline -0.003 0"><span class='ocrx_word' id='word_1_1' title='bbox 221 321 278 381; x_wconf 76' lang='lat'>528</span> <span class='ocrx_word' id='word_1_2' title='bbox 843 319 980 380; x_wconf 76' lang='lat' dir='ltr'>Saeculo</span> <span class='ocrx_word' id='word_1_3' title='bbox 998 318 1123 380; x_wconf 85' lang='lat' dir='ltr'><em>XVIII</em></span> 
     </span>
    </p>
   </div>
   <div class='ocr_carea' id='block_1_2' title="bbox 221 509 1831 5458">
    <p class='ocr_par' dir='ltr' id='par_1_2' title="bbox 222 509 1735 1478">
     <span class='ocr_line' id='line_1_2' title="bbox 223 509 1730 607; baseline -0.001 -21"><span class='ocrx_word' id='word_1_4' title='bbox 223 513 448 599; x_wconf 88' lang='lat' dir='ltr'>conferendi,</span> <span class='ocrx_word' id='word_1_5' title='bbox 474 529 514 586; x_wconf 90' lang='lat' dir='ltr'>et</span> <span class='ocrx_word' id='word_1_6' title='bbox 538 511 740 599; x_wconf 89' lang='lat' dir='ltr'>similibus;</span> <span class='ocrx_word' id='word_1_7' title='bbox 761 526 827 584; x_wconf 87' lang='lat' dir='ltr'>aut</span> <span class='ocrx_word' id='word_1_8' title='bbox 845 510 895 583; x_wconf 94' lang='lat' dir='ltr'>de</span> <span class='ocrx_word' id='word_1_9' title='bbox 918 511 1062 584; x_wconf 88' lang='lat' dir='ltr'>iuribus</span> <span class='ocrx_word' id='word_1_10' title='bbox 1081 509 1302 597; x_wconf 85' lang='lat' dir='ltr'>decimandi,</span> <span class='ocrx_word' id='word_1_11' title='bbox 1323 510 1550 607; x_wconf 89' lang='lat' dir='ltr'>quotizandi,</span> <span class='ocrx_word' id='word_1_12' title='bbox 1569 509 1730 606; x_wconf 91' lang='lat' dir='ltr'>aliisque</span> 
     </span>
     <span class='ocr_line' id='line_1_3' title="bbox 223 633 1730 732; baseline -0.002 -22"><span class='ocrx_word' id='word_1_13' title='bbox 223 637 424 724; x_wconf 86' lang='lat' dir='ltr'>similibus;</span> <span class='ocrx_word' id='word_1_14' title='bbox 455 633 608 713; x_wconf 85' lang='lat' dir='ltr'>Causae</span> <span class='ocrx_word' id='word_1_15' title='bbox 627 658 780 731; x_wconf 90' lang='lat' dir='ltr'>quoque</span> <span class='ocrx_word' id='word_1_16' title='bbox 809 635 999 708; x_wconf 88' lang='lat' dir='ltr'>servitutis</span> <span class='ocrx_word' id='word_1_17' title='bbox 1023 634 1252 730; x_wconf 86' lang='lat' dir='ltr'>personalis;</span> <span class='ocrx_word' id='word_1_18' title='bbox 1281 649 1321 707; x_wconf 90' lang='lat' dir='ltr'>et</span> <span class='ocrx_word' id='word_1_19' title='bbox 1349 635 1578 732; x_wconf 84' lang='lat' dir='ltr'>generaliter</span> <span class='ocrx_word' id='word_1_20' title='bbox 1595 659 1730 708; x_wconf 91' lang='lat' dir='ltr'>omnes</span> 
     </span>
     <span class='ocr_line' id='line_1_4' title="bbox 225 757 1731 859; baseline -0.003 -24"><span class='ocrx_word' id='word_1_21' title='bbox 225 778 265 835; x_wconf 89' lang='lat' dir='ltr'>et</span> <span class='ocrx_word' id='word_1_22' title='bbox 293 759 464 859; x_wconf 81' lang='lat' dir='ltr'>singulae</span> <span class='ocrx_word' id='word_1_23' title='bbox 484 757 637 837; x_wconf 82' lang='lat' dir='ltr'>Causae</span> <span class='ocrx_word' id='word_1_24' title='bbox 667 759 903 854; x_wconf 84' lang='lat' dir='ltr'>pecuniariae</span> <span class='ocrx_word' id='word_1_25' title='bbox 930 775 970 833; x_wconf 92' lang='lat' dir='ltr'>et</span> <span class='ocrx_word' id='word_1_26' title='bbox 996 757 1177 854; x_wconf 79' lang='lat' dir='ltr'>profanae</span> <span class='ocrx_word' id='word_1_27' title='bbox 1206 777 1283 832; x_wconf 92' lang='lat' dir='ltr'>tum</span> <span class='ocrx_word' id='word_1_28' title='bbox 1307 758 1630 846; x_wconf 86' lang='lat' dir='ltr'>Citramontanae,</span> <span class='ocrx_word' id='word_1_29' title='bbox 1650 778 1731 832; x_wconf 86' lang='lat' dir='ltr'>tum</span> 
     </span>
     <span class='ocr_line' id='line_1_5' title="bbox 222 882 1735 980; baseline -0.001 -22"><span class='ocrx_word' id='word_1_30' title='bbox 222 887 271 960; x_wconf 92' lang='lat' dir='ltr'>de</span> <span class='ocrx_word' id='word_1_31' title='bbox 301 887 472 959; x_wconf 85' lang='lat' dir='ltr'>Partibus</span> <span class='ocrx_word' id='word_1_32' title='bbox 501 882 610 958; x_wconf 50' lang='lat' dir='ltr'>ultra¹</span> <span class='ocrx_word' id='word_1_33' title='bbox 629 884 780 956; x_wconf 89' lang='lat' dir='ltr'>Montes</span> <span class='ocrx_word' id='word_1_34' title='bbox 813 882 960 979; x_wconf 88' lang='lat' dir='ltr'>positis,</span> <span class='ocrx_word' id='word_1_35' title='bbox 991 883 1261 980; x_wconf 83' lang='lat' dir='ltr'>infrascriptam</span> <span class='ocrx_word' id='word_1_36' title='bbox 1300 907 1484 958; x_wconf 84' lang='lat' dir='ltr'>summam</span> <span class='ocrx_word' id='word_1_37' title='bbox 1520 882 1735 980; x_wconf 89' lang='lat' dir='ltr'>respective</span> 
     </span>
     <span class='ocr_line' id='line_1_6' title="bbox 222 1005 1733 1108; baseline -0.003 -24"><span class='ocrx_word' id='word_1_38' title='bbox 222 1009 465 1108; x_wconf 88' lang='lat' dir='ltr'>attingentes,</span> <span class='ocrx_word' id='word_1_39' title='bbox 497 1005 809 1085; x_wconf 90' lang='lat' dir='ltr'>Citramontanae</span> <span class='ocrx_word' id='word_1_40' title='bbox 841 1008 1024 1094; x_wconf 90' lang='lat' dir='ltr'>nimirum,</span> <span class='ocrx_word' id='word_1_41' title='bbox 1055 1008 1086 1081; x_wconf 88' lang='lat' dir='ltr'>si</span> <span class='ocrx_word' id='word_1_42' title='bbox 1113 1024 1153 1082; x_wconf 90' lang='lat' dir='ltr'>et</span> <span class='ocrx_word' id='word_1_43' title='bbox 1176 1022 1364 1104; x_wconf 87' lang='lat' dir='ltr'>quatenus</span> <span class='ocrx_word' id='word_1_44' title='bbox 1398 1033 1528 1082; x_wconf 90' lang='lat' dir='ltr'>earum</span> <span class='ocrx_word' id='word_1_45' title='bbox 1557 1005 1662 1082; x_wconf 90' lang='lat' dir='ltr'>valor</span> <span class='ocrx_word' id='word_1_46' title='bbox 1691 1023 1733 1080; x_wconf 89' lang='lat' dir='ltr'>et</span> 
     </span>
     <span class='ocr_line' id='line_1_7' title="bbox 222 1133 1730 1230; baseline -0.002 -22"><span class='ocrx_word' id='word_1_47' title='bbox 222 1133 438 1209; x_wconf 88' lang='lat' dir='ltr'>aestimatio</span> <span class='ocrx_word' id='word_1_48' title='bbox 466 1135 516 1207; x_wconf 89' lang='lat' dir='ltr'>ad</span> <span class='ocrx_word' id='word_1_49' title='bbox 544 1159 728 1206; x_wconf 92' lang='lat' dir='ltr'>summam</span> <span class='ocrx_word' id='word_1_50' title='bbox 757 1147 796 1206; x_wconf 93' lang='lat' dir='ltr'>et</span> <span class='ocrx_word' id='word_1_51' title='bbox 815 1133 1065 1229; x_wconf 88' lang='lat' dir='ltr'>quantitatem</span> <span class='ocrx_word' id='word_1_52' title='bbox 1094 1133 1385 1230; x_wconf 88' lang='lat' dir='ltr'>quingentorum</span> <span class='ocrx_word' id='word_1_53' title='bbox 1414 1146 1607 1224; x_wconf 82' lang='lat' dir='ltr'>scutorum</span> <span class='ocrx_word' id='word_1_54' title='bbox 1634 1135 1730 1218; x_wconf 91' lang='lat' dir='ltr'>auri,</span> 
     </span>
     <span class='ocr_line' id='line_1_8' title="bbox 222 1255 1735 1354; baseline -0.001 -22"><span class='ocrx_word' id='word_1_55' title='bbox 222 1261 317 1333; x_wconf 90' lang='lat' dir='ltr'>aliae</span> <span class='ocrx_word' id='word_1_56' title='bbox 336 1284 427 1332; x_wconf 90' lang='lat' dir='ltr'>vero</span> <span class='ocrx_word' id='word_1_57' title='bbox 446 1259 496 1331; x_wconf 93' lang='lat' dir='ltr'>de</span> <span class='ocrx_word' id='word_1_58' title='bbox 514 1257 685 1354; x_wconf 85' lang='lat' dir='ltr'>partibus</span> <span class='ocrx_word' id='word_1_59' title='bbox 704 1255 802 1332; x_wconf 87' lang='lat' dir='ltr'>ultra</span> <span class='ocrx_word' id='word_1_60' title='bbox 823 1257 987 1344; x_wconf 87' lang='lat' dir='ltr'>Montes,</span> <span class='ocrx_word' id='word_1_61' title='bbox 1008 1257 1216 1332; x_wconf 89' lang='lat' dir='ltr'>dummodo</span> <span class='ocrx_word' id='word_1_62' title='bbox 1235 1259 1400 1352; x_wconf 89' lang='lat' dir='ltr'>ipsarum</span> <span class='ocrx_word' id='word_1_63' title='bbox 1421 1257 1526 1332; x_wconf 89' lang='lat' dir='ltr'>valor</span> <span class='ocrx_word' id='word_1_64' title='bbox 1548 1272 1588 1331; x_wconf 92' lang='lat' dir='ltr'>et</span> <span class='ocrx_word' id='word_1_65' title='bbox 1614 1259 1735 1330; x_wconf 88' lang='lat' dir='ltr'>aesti-</span> 
     </span>
     <span class='ocr_line' id='line_1_9' title="bbox 223 1381 1732 1478; baseline -0.001 -21"><span class='ocrx_word' id='word_1_66' title='bbox 223 1385 338 1457; x_wconf 87' lang='lat' dir='ltr'>matio</span> <span class='ocrx_word' id='word_1_67' title='bbox 365 1381 415 1458; x_wconf 87' lang='lat' dir='ltr'>ad</span> <span class='ocrx_word' id='word_1_68' title='bbox 444 1407 629 1458; x_wconf 90' lang='lat' dir='ltr'>summam</span> <span class='ocrx_word' id='word_1_69' title='bbox 658 1381 759 1455; x_wconf 90' lang='lat' dir='ltr'>mille</span> <span class='ocrx_word' id='word_1_70' title='bbox 787 1397 981 1456; x_wconf 89' lang='lat' dir='ltr'>scutorum</span> <span class='ocrx_word' id='word_1_71' title='bbox 1000 1381 1081 1456; x_wconf 90' lang='lat' dir='ltr'>auri</span> <span class='ocrx_word' id='word_1_72' title='bbox 1100 1381 1285 1468; x_wconf 84' lang='lat' dir='ltr'>similium,</span> <span class='ocrx_word' id='word_1_73' title='bbox 1306 1384 1517 1478; x_wconf 89' lang='lat' dir='ltr'>respective</span> <span class='ocrx_word' id='word_1_74' title='bbox 1535 1381 1732 1456; x_wconf 86' lang='lat' dir='ltr'>ascendat.</span> 
     </span>
    </p>

    <p class='ocr_par' dir='ltr' id='par_1_3' title="bbox 221 1506 1735 3214">
     <span class='ocr_line' id='line_1_10' title="bbox 302 1506 1733 1604; baseline -0.001 -22"><span class='ocrx_word' id='word_1_75' title='bbox 302 1509 407 1590; x_wconf 89' lang='lat' dir='ltr'>Item,</span> <span class='ocrx_word' id='word_1_76' title='bbox 440 1507 589 1582; x_wconf 89' lang='lat' dir='ltr'>Causas</span> <span class='ocrx_word' id='word_1_77' title='bbox 617 1531 766 1604; x_wconf 86' lang='lat' dir='ltr'>graves,</span> <span class='ocrx_word' id='word_1_78' title='bbox 797 1521 837 1578; x_wconf 88' lang='lat' dir='ltr'>et</span> <span class='ocrx_word' id='word_1_79' title='bbox 864 1523 1143 1602; x_wconf 84' lang='lat' dir='ltr'>consequenter</span> <span class='ocrx_word' id='word_1_80' title='bbox 1172 1506 1341 1592; x_wconf 84' lang='lat' dir='ltr'>Rotales,</span> <span class='ocrx_word' id='word_1_81' title='bbox 1370 1531 1415 1580; x_wconf 88' lang='lat' dir='ltr'>ac</span> <span class='ocrx_word' id='word_1_82' title='bbox 1437 1507 1589 1580; x_wconf 88' lang='lat' dir='ltr'>minime</span> <span class='ocrx_word' id='word_1_83' title='bbox 1618 1506 1733 1580; x_wconf 90' lang='lat' dir='ltr'>Prae-</span> 
     </span>
     <span class='ocr_line' id='line_1_11' title="bbox 221 1628 1735 1728; baseline -0.001 -22"><span class='ocrx_word' id='word_1_84' title='bbox 221 1633 372 1720; x_wconf 88' lang='lat' dir='ltr'>latitias,</span> <span class='ocrx_word' id='word_1_85' title='bbox 402 1633 451 1706; x_wconf 91' lang='lat' dir='ltr'>ad</span> <span class='ocrx_word' id='word_1_86' title='bbox 480 1629 775 1728; x_wconf 91' lang='lat' dir='ltr'>praemissorum</span> <span class='ocrx_word' id='word_1_87' title='bbox 803 1629 987 1708; x_wconf 84' lang='lat' dir='ltr'>eflectum.</span> <span class='ocrx_word' id='word_1_88' title='bbox 1018 1629 1253 1704; x_wconf 89' lang='lat' dir='ltr'>decernimus</span> <span class='ocrx_word' id='word_1_89' title='bbox 1285 1628 1549 1728; x_wconf 89' lang='lat' dir='ltr'>intelligendas</span> <span class='ocrx_word' id='word_1_90' title='bbox 1575 1655 1663 1704; x_wconf 89' lang='lat' dir='ltr'>esse</span> <span class='ocrx_word' id='word_1_91' title='bbox 1690 1646 1735 1705; x_wconf 91' lang='lat' dir='ltr'>et</span> 
     </span>
     <span class='ocr_line' id='line_1_12' title="bbox 222 1753 1729 1851; baseline -0.001 -21"><span class='ocrx_word' id='word_1_92' title='bbox 222 1757 302 1831; x_wconf 90' lang='lat' dir='ltr'>Iore</span> <span class='ocrx_word' id='word_1_93' title='bbox 331 1756 478 1830; x_wconf 89' lang='lat' dir='ltr'>Causas</span> <span class='ocrx_word' id='word_1_94' title='bbox 512 1754 592 1828; x_wconf 88' lang='lat' dir='ltr'>illas</span> <span class='ocrx_word' id='word_1_95' title='bbox 624 1753 874 1840; x_wconf 88' lang='lat' dir='ltr'>Beneficiales,</span> <span class='ocrx_word' id='word_1_96' title='bbox 905 1756 941 1826; x_wconf 93' lang='lat' dir='ltr'>in</span> <span class='ocrx_word' id='word_1_97' title='bbox 977 1755 1114 1850; x_wconf 90' lang='lat' dir='ltr'>quibus</span> <span class='ocrx_word' id='word_1_98' title='bbox 1150 1755 1278 1851; x_wconf 86' lang='lat' dir='ltr'>agitur</span> <span class='ocrx_word' id='word_1_99' title='bbox 1305 1754 1353 1828; x_wconf 90' lang='lat' dir='ltr'>de</span> <span class='ocrx_word' id='word_1_100' title='bbox 1380 1754 1509 1829; x_wconf 87' lang='lat' dir='ltr'>Tituln</span> <span class='ocrx_word' id='word_1_101' title='bbox 1540 1754 1729 1840; x_wconf 88' lang='lat' dir='ltr'>Beneficii,</span> 
     </span>
     <span class='ocr_line' id='line_1_13' title="bbox 223 1877 1731 1975; baseline -0.001 -20"><span class='ocrx_word' id='word_1_102' title='bbox 223 1908 268 1956; x_wconf 88' lang='lat' dir='ltr'>ac</span> <span class='ocrx_word' id='word_1_103' title='bbox 297 1883 344 1956; x_wconf 85' lang='lat' dir='ltr'>de</span> <span class='ocrx_word' id='word_1_104' title='bbox 373 1882 456 1956; x_wconf 91' lang='lat' dir='ltr'>Iure</span> <span class='ocrx_word' id='word_1_105' title='bbox 476 1881 511 1954; x_wconf 92' lang='lat' dir='ltr'>in</span> <span class='ocrx_word' id='word_1_106' title='bbox 531 1905 582 1965; x_wconf 91' lang='lat' dir='ltr'>re,</span> <span class='ocrx_word' id='word_1_107' title='bbox 605 1879 663 1954; x_wconf 91' lang='lat' dir='ltr'>vel</span> <span class='ocrx_word' id='word_1_108' title='bbox 687 1879 736 1954; x_wconf 90' lang='lat' dir='ltr'>ad</span> <span class='ocrx_word' id='word_1_109' title='bbox 757 1903 835 1952; x_wconf 91' lang='lat' dir='ltr'>rem</span> <span class='ocrx_word' id='word_1_110' title='bbox 855 1903 991 1975; x_wconf 89' lang='lat' dir='ltr'>nempe</span> <span class='ocrx_word' id='word_1_111' title='bbox 1009 1877 1059 1952; x_wconf 96' lang='lat' dir='ltr'>ad</span> <span class='ocrx_word' id='word_1_112' title='bbox 1078 1879 1202 1975; x_wconf 90' lang='lat' dir='ltr'>ipsum</span> <span class='ocrx_word' id='word_1_113' title='bbox 1223 1878 1471 1966; x_wconf 65' lang='lat' dir='ltr'>Beneficium</span> <span class='ocrx_word' id='word_1_114' title='bbox 1501 1879 1599 1952; x_wconf 92' lang='lat' dir='ltr'>sicut</span> <span class='ocrx_word' id='word_1_115' title='bbox 1615 1881 1731 1953; x_wconf 88' lang='lat' dir='ltr'>etiam</span> 
     </span>
     <span class='ocr_line' id='line_1_14' title="bbox 225 2002 1734 2102; baseline -0.002 -22"><span class='ocrx_word' id='word_1_116' title='bbox 225 2006 373 2080; x_wconf 86' lang='lat' dir='ltr'>Causas</span> <span class='ocrx_word' id='word_1_117' title='bbox 409 2030 525 2102; x_wconf 85' lang='lat' dir='ltr'>super</span> <span class='ocrx_word' id='word_1_118' title='bbox 561 2003 808 2080; x_wconf 82' lang='lat' dir='ltr'>Pensionibus</span> <span class='ocrx_word' id='word_1_119' title='bbox 846 2002 1130 2091; x_wconf 87' lang='lat' dir='ltr'>Ecclesiasticis,</span> <span class='ocrx_word' id='word_1_120' title='bbox 1164 2020 1231 2078; x_wconf 90' lang='lat' dir='ltr'>aut</span> <span class='ocrx_word' id='word_1_121' title='bbox 1264 2027 1381 2099; x_wconf 89' lang='lat' dir='ltr'>super</span> <span class='ocrx_word' id='word_1_122' title='bbox 1412 2005 1734 2078; x_wconf 89' lang='lat' dir='ltr'>reservationibus</span> 
     </span>
     <span class='ocr_line' id='line_1_15' title="bbox 225 2127 1733 2225; baseline 0 -22"><span class='ocrx_word' id='word_1_123' title='bbox 225 2131 423 2214; x_wconf 81' lang='lat' dir='ltr'>fructuum,</span> <span class='ocrx_word' id='word_1_124' title='bbox 454 2129 679 2216; x_wconf 92' lang='lat' dir='ltr'>reddituum,</span> <span class='ocrx_word' id='word_1_125' title='bbox 702 2145 750 2204; x_wconf 82' lang='lat' dir='ltr'>et</span> <span class='ocrx_word' id='word_1_126' title='bbox 786 2144 1039 2225; x_wconf 88' lang='lat' dir='ltr'>proventuum</span> <span class='ocrx_word' id='word_1_127' title='bbox 1068 2127 1341 2206; x_wconf 87' lang='lat' dir='ltr'>Beneficiorum</span> <span class='ocrx_word' id='word_1_128' title='bbox 1379 2127 1733 2204; x_wconf 89' lang='lat' dir='ltr'>Ecclesiasticorum</span> 
     </span>
     <span class='ocr_line' id='line_1_16' title="bbox 222 2252 1730 2351; baseline 0 -23"><span class='ocrx_word' id='word_1_129' title='bbox 222 2257 373 2351; x_wconf 88' lang='lat' dir='ltr'>quoties</span> <span class='ocrx_word' id='word_1_130' title='bbox 401 2277 549 2329; x_wconf 87' lang='lat' dir='ltr'>annuus</span> <span class='ocrx_word' id='word_1_131' title='bbox 577 2255 684 2329; x_wconf 91' lang='lat' dir='ltr'>valor</span> <span class='ocrx_word' id='word_1_132' title='bbox 713 2253 887 2328; x_wconf 83' lang='lat' dir='ltr'>Beneficii</span> <span class='ocrx_word' id='word_1_133' title='bbox 915 2253 1077 2351; x_wconf 87' lang='lat' dir='ltr'>litigiosi,</span> <span class='ocrx_word' id='word_1_134' title='bbox 1107 2278 1152 2328; x_wconf 85' lang='lat' dir='ltr'>ac</span> <span class='ocrx_word' id='word_1_135' title='bbox 1180 2252 1390 2350; x_wconf 89' lang='lat' dir='ltr'>respective</span> <span class='ocrx_word' id='word_1_136' title='bbox 1425 2277 1551 2328; x_wconf 88' lang='lat' dir='ltr'>annua</span> <span class='ocrx_word' id='word_1_137' title='bbox 1579 2254 1730 2342; x_wconf 90' lang='lat' dir='ltr'>Pensio,</span> 
     </span>
     <span class='ocr_line' id='line_1_17' title="bbox 222 2379 1732 2477; baseline -0.001 -23"><span class='ocrx_word' id='word_1_138' title='bbox 222 2397 288 2454; x_wconf 91' lang='lat' dir='ltr'>aut</span> <span class='ocrx_word' id='word_1_139' title='bbox 316 2381 508 2476; x_wconf 87' lang='lat' dir='ltr'>quantitas</span> <span class='ocrx_word' id='word_1_140' title='bbox 537 2380 723 2454; x_wconf 80' lang='lat' dir='ltr'>fructuum</span> <span class='ocrx_word' id='word_1_141' title='bbox 752 2395 1043 2465; x_wconf 88' lang='lat' dir='ltr'>reservatorum,</span> <span class='ocrx_word' id='word_1_142' title='bbox 1074 2403 1260 2452; x_wconf 89' lang='lat' dir='ltr'>summam</span> <span class='ocrx_word' id='word_1_143' title='bbox 1289 2379 1586 2477; x_wconf 85' lang='lat' dir='ltr'>vigintiquatuor</span> <span class='ocrx_word' id='word_1_144' title='bbox 1614 2379 1732 2452; x_wconf 89' lang='lat' dir='ltr'>duca-</span> 
     </span>
     <span class='ocr_line' id='line_1_18' title="bbox 223 2502 1730 2600; baseline -0.003 -21"><span class='ocrx_word' id='word_1_145' title='bbox 223 2521 347 2579; x_wconf 92' lang='lat' dir='ltr'>torum</span> <span class='ocrx_word' id='word_1_146' title='bbox 374 2504 456 2580; x_wconf 90' lang='lat' dir='ltr'>auri</span> <span class='ocrx_word' id='word_1_147' title='bbox 483 2505 532 2578; x_wconf 91' lang='lat' dir='ltr'>de</span> <span class='ocrx_word' id='word_1_148' title='bbox 562 2503 726 2578; x_wconf 77' lang='lat' dir='ltr'>Camers</span> <span class='ocrx_word' id='word_1_149' title='bbox 753 2503 932 2591; x_wconf 87' lang='lat' dir='ltr'>excedat;</span> <span class='ocrx_word' id='word_1_150' title='bbox 962 2527 1107 2599; x_wconf 89' lang='lat' dir='ltr'>easque</span> <span class='ocrx_word' id='word_1_151' title='bbox 1135 2519 1334 2599; x_wconf 90' lang='lat' dir='ltr'>praeterea</span> <span class='ocrx_word' id='word_1_152' title='bbox 1354 2502 1514 2590; x_wconf 88' lang='lat' dir='ltr'>Causas,</span> <span class='ocrx_word' id='word_1_153' title='bbox 1534 2504 1730 2600; x_wconf 91' lang='lat' dir='ltr'>inquibus</span> 
     </span>
     <span class='ocr_line' id='line_1_19' title="bbox 224 2627 1729 2727; baseline -0.003 -23"><span class='ocrx_word' id='word_1_154' title='bbox 224 2630 350 2727; x_wconf 85' lang='lat' dir='ltr'>agitur</span> <span class='ocrx_word' id='word_1_155' title='bbox 378 2629 425 2704; x_wconf 87' lang='lat' dir='ltr'>de</span> <span class='ocrx_word' id='word_1_156' title='bbox 453 2628 583 2725; x_wconf 90' lang='lat' dir='ltr'>primis</span> <span class='ocrx_word' id='word_1_157' title='bbox 604 2627 874 2727; x_wconf 86' lang='lat' dir='ltr'>Dignitatibus,</span> <span class='ocrx_word' id='word_1_158' title='bbox 896 2651 1031 2724; x_wconf 89' lang='lat' dir='ltr'>nempe</span> <span class='ocrx_word' id='word_1_159' title='bbox 1059 2629 1108 2703; x_wconf 88' lang='lat' dir='ltr'>de</span> <span class='ocrx_word' id='word_1_160' title='bbox 1137 2627 1333 2726; x_wconf 88' lang='lat' dir='ltr'>Dignitate</span> <span class='ocrx_word' id='word_1_161' title='bbox 1361 2642 1448 2724; x_wconf 92' lang='lat' dir='ltr'>post</span> <span class='ocrx_word' id='word_1_162' title='bbox 1476 2627 1729 2700; x_wconf 87' lang='lat' dir='ltr'>Pontificalem</span> 
     </span>
     <span class='ocr_line' id='line_1_20' title="bbox 225 2750 1730 2851; baseline -0.003 -23"><span class='ocrx_word' id='word_1_163' title='bbox 225 2755 366 2829; x_wconf 87' lang='lat' dir='ltr'>maiore</span> <span class='ocrx_word' id='word_1_164' title='bbox 395 2755 431 2828; x_wconf 91' lang='lat' dir='ltr'>in</span> <span class='ocrx_word' id='word_1_165' title='bbox 465 2751 767 2839; x_wconf 89' lang='lat' dir='ltr'>Cathedralibus,</span> <span class='ocrx_word' id='word_1_166' title='bbox 801 2769 868 2828; x_wconf 89' lang='lat' dir='ltr'>aut</span> <span class='ocrx_word' id='word_1_167' title='bbox 904 2753 952 2827; x_wconf 93' lang='lat' dir='ltr'>de</span> <span class='ocrx_word' id='word_1_168' title='bbox 982 2752 1178 2851; x_wconf 87' lang='lat' dir='ltr'>Dignitate</span> <span class='ocrx_word' id='word_1_169' title='bbox 1211 2750 1403 2849; x_wconf 89' lang='lat' dir='ltr'>principali</span> <span class='ocrx_word' id='word_1_170' title='bbox 1437 2753 1474 2824; x_wconf 94' lang='lat' dir='ltr'>in</span> <span class='ocrx_word' id='word_1_171' title='bbox 1507 2750 1730 2850; x_wconf 88' lang='lat' dir='ltr'>Collegiatis</span> 
     </span>
     <span class='ocr_line' id='line_1_21' title="bbox 225 2877 1729 2975; baseline -0.003 -20"><span class='ocrx_word' id='word_1_172' title='bbox 225 2879 414 2966; x_wconf 74' lang='lat' dir='ltr'>EcclesiiS,</span> <span class='ocrx_word' id='word_1_173' title='bbox 445 2879 713 2974; x_wconf 90' lang='lat' dir='ltr'>cuiuscumque</span> <span class='ocrx_word' id='word_1_174' title='bbox 740 2877 879 2951; x_wconf 83' lang='lat' dir='ltr'>valoris</span> <span class='ocrx_word' id='word_1_175' title='bbox 903 2877 1081 2975; x_wconf 89' lang='lat' dir='ltr'>Dignitas</span> <span class='ocrx_word' id='word_1_176' title='bbox 1100 2877 1312 2952; x_wconf 89' lang='lat' dir='ltr'>huiusmodi</span> <span class='ocrx_word' id='word_1_177' title='bbox 1330 2877 1487 2952; x_wconf 86' lang='lat' dir='ltr'>existat:</span> <span class='ocrx_word' id='word_1_178' title='bbox 1516 2900 1729 2972; x_wconf 90' lang='lat' dir='ltr'>omnesque</span> 
     </span>
     <span class='ocr_line' id='line_1_22' title="bbox 224 3001 1729 3100; baseline -0.002 -22"><span class='ocrx_word' id='word_1_179' title='bbox 224 3002 437 3078; x_wconf 88' lang='lat' dir='ltr'>huiusmodi</span> <span class='ocrx_word' id='word_1_180' title='bbox 457 3001 616 3088; x_wconf 88' lang='lat' dir='ltr'>Causas,</span> <span class='ocrx_word' id='word_1_181' title='bbox 640 3013 775 3099; x_wconf 88' lang='lat' dir='ltr'>utpote</span> <span class='ocrx_word' id='word_1_182' title='bbox 802 3002 1009 3100; x_wconf 86' lang='lat' dir='ltr'>graviores,</span> <span class='ocrx_word' id='word_1_183' title='bbox 1038 3003 1134 3075; x_wconf 90' lang='lat' dir='ltr'>inter</span> <span class='ocrx_word' id='word_1_184' title='bbox 1153 3002 1322 3086; x_wconf 90' lang='lat' dir='ltr'>Rotales,</span> <span class='ocrx_word' id='word_1_185' title='bbox 1344 3025 1417 3076; x_wconf 90' lang='lat' dir='ltr'>non</span> <span class='ocrx_word' id='word_1_186' title='bbox 1435 3017 1563 3076; x_wconf 89' lang='lat' dir='ltr'>autem</span> <span class='ocrx_word' id='word_1_187' title='bbox 1584 3001 1729 3076; x_wconf 85' lang='lat' dir='ltr'>Praela-</span> 
     </span>
     <span class='ocr_line' id='line_1_23' title="bbox 225 3128 762 3214; baseline -0.002 -11"><span class='ocrx_word' id='word_1_188' title='bbox 225 3129 335 3214; x_wconf 90' lang='lat' dir='ltr'>titias,</span> <span class='ocrx_word' id='word_1_189' title='bbox 358 3129 532 3201; x_wconf 90' lang='lat' dir='ltr'>volumus</span> <span class='ocrx_word' id='word_1_190' title='bbox 560 3128 762 3202; x_wconf 86' lang='lat' dir='ltr'>accenseri.</span> 
     </span>
    </p>

    <p class='ocr_par' dir='ltr' id='par_1_4' title="bbox 223 3249 1831 5458">
     <span class='ocr_line' id='line_1_24' title="bbox 305 3249 1728 3335; baseline 0 -9"><span class='ocrx_word' id='word_1_191' title='bbox 305 3251 513 3326; x_wconf 86' lang='lat' dir='ltr'>Graviores</span> <span class='ocrx_word' id='word_1_192' title='bbox 540 3253 669 3326; x_wconf 88' lang='lat' dir='ltr'>itidem</span> <span class='ocrx_word' id='word_1_193' title='bbox 699 3251 847 3326; x_wconf 90' lang='lat' dir='ltr'>Causas</span> <span class='ocrx_word' id='word_1_194' title='bbox 874 3276 961 3326; x_wconf 86' lang='lat' dir='ltr'>esse</span> <span class='ocrx_word' id='word_1_195' title='bbox 989 3251 1235 3335; x_wconf 88' lang='lat' dir='ltr'>declaramus,</span> <span class='ocrx_word' id='word_1_196' title='bbox 1257 3267 1296 3326; x_wconf 90' lang='lat' dir='ltr'>et</span> <span class='ocrx_word' id='word_1_197' title='bbox 1324 3252 1469 3325; x_wconf 92' lang='lat' dir='ltr'>censeri</span> <span class='ocrx_word' id='word_1_198' title='bbox 1496 3249 1637 3326; x_wconf 89' lang='lat' dir='ltr'>debere</span> <span class='ocrx_word' id='word_1_199' title='bbox 1656 3269 1728 3326; x_wconf 91' lang='lat' dir='ltr'>sta-</span> 
     </span>
     <span class='ocr_line' id='line_1_25' title="bbox 224 3373 1727 3472; baseline -0.003 -19"><span class='ocrx_word' id='word_1_200' title='bbox 224 3377 374 3463; x_wconf 91' lang='lat' dir='ltr'>tuimus,</span> <span class='ocrx_word' id='word_1_201' title='bbox 397 3401 529 3451; x_wconf 89' lang='lat' dir='ltr'>omnes</span> <span class='ocrx_word' id='word_1_202' title='bbox 549 3376 698 3450; x_wconf 89' lang='lat' dir='ltr'>Causas</span> <span class='ocrx_word' id='word_1_203' title='bbox 728 3374 1036 3459; x_wconf 88' lang='lat' dir='ltr'>Matrimoniales,</span> <span class='ocrx_word' id='word_1_204' title='bbox 1059 3391 1135 3450; x_wconf 87' lang='lat' dir='ltr'>tarn</span> <span class='ocrx_word' id='word_1_205' title='bbox 1161 3400 1276 3472; x_wconf 88' lang='lat' dir='ltr'>super</span> <span class='ocrx_word' id='word_1_206' title='bbox 1304 3373 1456 3449; x_wconf 83' lang='lat' dir='ltr'>loedere</span> <span class='ocrx_word' id='word_1_207' title='bbox 1485 3375 1727 3462; x_wconf 88' lang='lat' dir='ltr'>Matrimonii,</span> 
     </span>
     <span class='ocr_line' id='line_1_26' title="bbox 225 3499 1728 3599; baseline -0.002 -23"><span class='ocrx_word' id='word_1_208' title='bbox 225 3528 339 3598; x_wconf 90' lang='lat' dir='ltr'>quam</span> <span class='ocrx_word' id='word_1_209' title='bbox 366 3526 483 3599; x_wconf 90' lang='lat' dir='ltr'>super</span> <span class='ocrx_word' id='word_1_210' title='bbox 510 3499 690 3588; x_wconf 88' lang='lat' dir='ltr'>divortio;</span> <span class='ocrx_word' id='word_1_211' title='bbox 720 3525 789 3574; x_wconf 90' lang='lat' dir='ltr'>nec</span> <span class='ocrx_word' id='word_1_212' title='bbox 818 3524 892 3574; x_wconf 91' lang='lat' dir='ltr'>non</span> <span class='ocrx_word' id='word_1_213' title='bbox 921 3499 1068 3574; x_wconf 90' lang='lat' dir='ltr'>Causas</span> <span class='ocrx_word' id='word_1_214' title='bbox 1097 3523 1230 3574; x_wconf 91' lang='lat' dir='ltr'>omnes</span> <span class='ocrx_word' id='word_1_215' title='bbox 1257 3524 1373 3597; x_wconf 88' lang='lat' dir='ltr'>super</span> <span class='ocrx_word' id='word_1_216' title='bbox 1392 3499 1560 3574; x_wconf 85' lang='lat' dir='ltr'>nullitate</span> <span class='ocrx_word' id='word_1_217' title='bbox 1582 3499 1728 3574; x_wconf 81' lang='lat' dir='ltr'>Profes-</span> 
     </span>
     <span class='ocr_line' id='line_1_27' title="bbox 225 3624 1728 3723; baseline -0.002 -22"><span class='ocrx_word' id='word_1_218' title='bbox 225 3628 340 3701; x_wconf 90' lang='lat' dir='ltr'>slonis</span> <span class='ocrx_word' id='word_1_219' title='bbox 369 3626 569 3723; x_wconf 89' lang='lat' dir='ltr'>Regularis</span> <span class='ocrx_word' id='word_1_220' title='bbox 596 3625 778 3710; x_wconf 88' lang='lat' dir='ltr'>emissae;</span> <span class='ocrx_word' id='word_1_221' title='bbox 806 3639 847 3698; x_wconf 89' lang='lat' dir='ltr'>et</span> <span class='ocrx_word' id='word_1_222' title='bbox 874 3625 943 3698; x_wconf 91' lang='lat' dir='ltr'>has</span> <span class='ocrx_word' id='word_1_223' title='bbox 970 3625 1123 3721; x_wconf 90' lang='lat' dir='ltr'>quidem</span> <span class='ocrx_word' id='word_1_224' title='bbox 1161 3648 1352 3720; x_wconf 89' lang='lat' dir='ltr'>nunquam</span> <span class='ocrx_word' id='word_1_225' title='bbox 1383 3624 1574 3708; x_wconf 86' lang='lat' dir='ltr'>Praelatis,</span> <span class='ocrx_word' id='word_1_226' title='bbox 1605 3648 1728 3720; x_wconf 89' lang='lat' dir='ltr'>neque</span> 
     </span>
     <span class='ocr_line' id='line_1_28' title="bbox 226 3748 1831 3846; baseline -0.003 -21"><span class='ocrx_word' id='word_1_227' title='bbox 226 3753 348 3825; x_wconf 89' lang='lat' dir='ltr'>Rotae</span> <span class='ocrx_word' id='word_1_228' title='bbox 376 3749 634 3834; x_wconf 87' lang='lat' dir='ltr'>Auditoribus,</span> <span class='ocrx_word' id='word_1_229' title='bbox 657 3748 710 3823; x_wconf 94' lang='lat' dir='ltr'>uti</span> <span class='ocrx_word' id='word_1_230' title='bbox 739 3748 930 3831; x_wconf 88' lang='lat' dir='ltr'>Praelatis,</span> <span class='ocrx_word' id='word_1_231' title='bbox 952 3748 1193 3843; x_wconf 89' lang='lat' dir='ltr'>quantumvis</span> <span class='ocrx_word' id='word_1_232' title='bbox 1211 3750 1414 3823; x_wconf 90' lang='lat' dir='ltr'>accedente</span> <span class='ocrx_word' id='word_1_233' title='bbox 1432 3773 1620 3824; x_wconf 91' lang='lat' dir='ltr'>consensu</span> <span class='ocrx_word' id='word_1_234' title='bbox 1641 3749 1728 3823; x_wconf 87' lang='lat' dir='ltr'>Par·</span> <span class='ocrx_word' id='word_1_235' title='bbox 1830 3795 1831 3846; x_wconf 63' lang='lat'>3</span> 
     </span>
     <span class='ocr_line' id='line_1_29' title="bbox 225 3873 1728 3970; baseline -0.001 -21"><span class='ocrx_word' id='word_1_236' title='bbox 225 3878 328 3958; x_wconf 90' lang='lat' dir='ltr'>tium,</span> <span class='ocrx_word' id='word_1_237' title='bbox 350 3873 532 3947; x_wconf 90' lang='lat' dir='ltr'>committi</span> <span class='ocrx_word' id='word_1_238' title='bbox 561 3873 751 3960; x_wconf 87' lang='lat' dir='ltr'>volumus;</span> <span class='ocrx_word' id='word_1_239' title='bbox 781 3873 850 3946; x_wconf 90' lang='lat' dir='ltr'>sed</span> <span class='ocrx_word' id='word_1_240' title='bbox 871 3890 943 3946; x_wconf 86' lang='lat' dir='ltr'>aut</span> <span class='ocrx_word' id='word_1_241' title='bbox 971 3873 1042 3970; x_wconf 91' lang='lat' dir='ltr'>ipsi</span> <span class='ocrx_word' id='word_1_242' title='bbox 1070 3875 1193 3948; x_wconf 90' lang='lat' dir='ltr'>Rotae</span> <span class='ocrx_word' id='word_1_243' title='bbox 1221 3874 1421 3949; x_wconf 87' lang='lat' dir='ltr'>Auditorio</span> <span class='ocrx_word' id='word_1_244' title='bbox 1448 3877 1641 3960; x_wconf 92' lang='lat' dir='ltr'>committi,</span> <span class='ocrx_word' id='word_1_245' title='bbox 1663 3893 1728 3948; x_wconf 91' lang='lat' dir='ltr'>aut</span> 
     </span>
     <span class='ocr_line' id='line_1_30' title="bbox 224 3997 1727 4094; baseline -0.003 -20"><span class='ocrx_word' id='word_1_246' title='bbox 224 4027 248 4074; x_wconf 89' lang='lat' dir='ltr'>a</span> <span class='ocrx_word' id='word_1_247' title='bbox 267 3997 575 4094; x_wconf 89' lang='lat' dir='ltr'>Congregatione</span> <span class='ocrx_word' id='word_1_248' title='bbox 595 3997 688 4073; x_wconf 92' lang='lat' dir='ltr'>Ven.</span> <span class='ocrx_word' id='word_1_249' title='bbox 712 3998 884 4070; x_wconf 87' lang='lat' dir='ltr'>Fratrum</span> <span class='ocrx_word' id='word_1_250' title='bbox 906 3998 1132 4071; x_wconf 89' lang='lat' dir='ltr'>Nostrorum</span> <span class='ocrx_word' id='word_1_251' title='bbox 1152 3997 1190 4073; x_wconf 92' lang='lat' dir='ltr'>S.</span> <span class='ocrx_word' id='word_1_252' title='bbox 1212 3999 1258 4074; x_wconf 90' lang='lat' dir='ltr'>R.</span> <span class='ocrx_word' id='word_1_253' title='bbox 1279 3998 1322 4073; x_wconf 92' lang='grc' dir='ltr'>Ε.</span> <span class='ocrx_word' id='word_1_254' title='bbox 1346 3998 1598 4072; x_wconf 88' lang='lat' dir='ltr'>Cardinalium</span> <span class='ocrx_word' id='word_1_255' title='bbox 1619 4001 1727 4072; x_wconf 88' lang='lat' dir='ltr'>inter·</span> 
     </span>
     <span class='ocr_line' id='line_1_31' title="bbox 224 4121 1726 4228; baseline 0.002 -32"><span class='ocrx_word' id='word_1_256' title='bbox 224 4121 426 4220; x_wconf 89' lang='lat' dir='ltr'>pretationi</span> <span class='ocrx_word' id='word_1_257' title='bbox 462 4137 501 4193; x_wconf 92' lang='lat' dir='ltr'>et</span> <span class='ocrx_word' id='word_1_258' title='bbox 537 4122 749 4197; x_wconf 84' lang='lat' dir='ltr'>executioni</span> <span class='ocrx_word' id='word_1_259' title='bbox 787 4123 1039 4228; x_wconf 88' lang='lat' dir='ltr'>Decretorum</span> <span class='ocrx_word' id='word_1_260' title='bbox 1069 4122 1224 4198; x_wconf 90' lang='lat' dir='ltr'>Concilii</span> <span class='ocrx_word' id='word_1_261' title='bbox 1252 4124 1459 4199; x_wconf 87' lang='lat' dir='ltr'>Tridentini</span> <span class='ocrx_word' id='word_1_262' title='bbox 1496 4125 1726 4220; x_wconf 86' lang='lat' dir='ltr'>praeposita,</span> 
     </span>
     <span class='ocr_line' id='line_1_32' title="bbox 224 4246 1728 4348; baseline 0 -26"><span class='ocrx_word' id='word_1_263' title='bbox 224 4247 282 4322; x_wconf 91' lang='lat' dir='ltr'>vel</span> <span class='ocrx_word' id='word_1_264' title='bbox 311 4247 434 4331; x_wconf 89' lang='lat' dir='ltr'>etiam,</span> <span class='ocrx_word' id='word_1_265' title='bbox 459 4246 587 4342; x_wconf 89' lang='lat' dir='ltr'>quoad</span> <span class='ocrx_word' id='word_1_266' title='bbox 615 4272 751 4322; x_wconf 88' lang='lat' dir='ltr'>causas</span> <span class='ocrx_word' id='word_1_267' title='bbox 779 4247 958 4322; x_wconf 90' lang='lat' dir='ltr'>nullitatis</span> <span class='ocrx_word' id='word_1_268' title='bbox 988 4247 1235 4322; x_wconf 76' lang='lat' dir='ltr'>professionis</span> <span class='ocrx_word' id='word_1_269' title='bbox 1264 4250 1490 4344; x_wconf 89' lang='lat' dir='ltr'>praedictae,</span> <span class='ocrx_word' id='word_1_270' title='bbox 1512 4275 1536 4322; x_wconf 90' lang='lat' dir='ltr'>a</span> <span class='ocrx_word' id='word_1_271' title='bbox 1556 4251 1728 4348; x_wconf 87' lang='lat' dir='ltr'>Congre-</span> 
     </span>
     <span class='ocr_line' id='line_1_33' title="bbox 225 4371 1731 4472; baseline 0.003 -29"><span class='ocrx_word' id='word_1_272' title='bbox 225 4373 379 4472; x_wconf 87' lang='lat' dir='ltr'>gatione</span> <span class='ocrx_word' id='word_1_273' title='bbox 407 4373 576 4446; x_wconf 90' lang='lat' dir='ltr'>eiusdem</span> <span class='ocrx_word' id='word_1_274' title='bbox 612 4371 653 4447; x_wconf 89' lang='lat' dir='ltr'>S.</span> <span class='ocrx_word' id='word_1_275' title='bbox 683 4373 728 4447; x_wconf 92' lang='lat' dir='ltr'>R.</span> <span class='ocrx_word' id='word_1_276' title='bbox 761 4373 804 4446; x_wconf 90' lang='lat' dir='ltr'>E.</span> <span class='ocrx_word' id='word_1_277' title='bbox 835 4372 1103 4460; x_wconf 87' lang='lat' dir='ltr'>Cardinalium,</span> <span class='ocrx_word' id='word_1_278' title='bbox 1134 4373 1297 4471; x_wconf 89' lang='lat' dir='ltr'>negotiis</span> <span class='ocrx_word' id='word_1_279' title='bbox 1326 4391 1365 4448; x_wconf 86' lang='lat' dir='ltr'>et</span> <span class='ocrx_word' id='word_1_280' title='bbox 1392 4374 1731 4449; x_wconf 87' lang='lat' dir='ltr'>consultationibus</span> 
     </span>
     <span class='ocr_line' id='line_1_34' title="bbox 227 4497 1731 4595; baseline 0.003 -25"><span class='ocrx_word' id='word_1_281' title='bbox 227 4498 503 4594; x_wconf 88' lang='lat' dir='ltr'>Episcoporum</span> <span class='ocrx_word' id='word_1_282' title='bbox 530 4513 569 4570; x_wconf 90' lang='lat' dir='ltr'>et</span> <span class='ocrx_word' id='word_1_283' title='bbox 598 4497 841 4595; x_wconf 88' lang='lat' dir='ltr'>Regularium</span> <span class='ocrx_word' id='word_1_284' title='bbox 861 4500 1091 4595; x_wconf 87' lang='lat' dir='ltr'>praeposita,</span> <span class='ocrx_word' id='word_1_285' title='bbox 1111 4522 1181 4594; x_wconf 92' lang='lat' dir='ltr'>pro</span> <span class='ocrx_word' id='word_1_286' title='bbox 1201 4499 1355 4573; x_wconf 90' lang='lat' dir='ltr'>arbitrio</span> <span class='ocrx_word' id='word_1_287' title='bbox 1373 4514 1412 4574; x_wconf 93' lang='lat' dir='ltr'>et</span> <span class='ocrx_word' id='word_1_288' title='bbox 1431 4500 1480 4572; x_wconf 90' lang='lat' dir='ltr'>ad</span> <span class='ocrx_word' id='word_1_289' title='bbox 1508 4498 1731 4574; x_wconf 89' lang='lat' dir='ltr'>electionem</span> 
     </span>
     <span class='ocr_line' id='line_1_35' title="bbox 225 4621 1731 4726; baseline 0.002 -33"><span class='ocrx_word' id='word_1_290' title='bbox 225 4621 345 4696; x_wconf 86' lang='lat' dir='ltr'>Partis</span> <span class='ocrx_word' id='word_1_291' title='bbox 373 4621 610 4726; x_wconf 69' lang='lat' dir='ltr'>appellantis,</span> <span class='ocrx_word' id='word_1_292' title='bbox 632 4645 698 4694; x_wconf 84' lang='lat' dir='ltr'>seu</span> <span class='ocrx_word' id='word_1_293' title='bbox 728 4623 966 4704; x_wconf 88' lang='lat' dir='ltr'>recurrentis,</span> <span class='ocrx_word' id='word_1_294' title='bbox 985 4624 1164 4722; x_wconf 87' lang='lat' dir='ltr'>cognosci</span> <span class='ocrx_word' id='word_1_295' title='bbox 1178 4639 1218 4698; x_wconf 90' lang='lat' dir='ltr'>et</span> <span class='ocrx_word' id='word_1_296' title='bbox 1232 4621 1376 4697; x_wconf 84' lang='lat' dir='ltr'>definiri</span> <span class='ocrx_word' id='word_1_297' title='bbox 1395 4623 1620 4698; x_wconf 89' lang='lat' dir='ltr'>mandamus</span> <span class='ocrx_word' id='word_1_298' title='bbox 1631 4653 1639 4712; x_wconf 94' lang='lat'>;</span> <span class='ocrx_word' id='word_1_299' title='bbox 1657 4650 1731 4698; x_wconf 91' lang='lat' dir='ltr'>non</span> 
     </span>
     <span class='ocr_line' id='line_1_36' title="bbox 225 4745 1732 4844; baseline 0.001 -24"><span class='ocrx_word' id='word_1_300' title='bbox 225 4748 415 4832; x_wconf 89' lang='lat' dir='ltr'>obstante,</span> <span class='ocrx_word' id='word_1_301' title='bbox 446 4746 552 4842; x_wconf 92' lang='lat' dir='ltr'>quod</span> <span class='ocrx_word' id='word_1_302' title='bbox 581 4745 729 4822; x_wconf 89' lang='lat' dir='ltr'>Causae</span> <span class='ocrx_word' id='word_1_303' title='bbox 756 4747 972 4822; x_wconf 88' lang='lat' dir='ltr'>huiusmodi</span> <span class='ocrx_word' id='word_1_304' title='bbox 999 4747 1047 4821; x_wconf 92' lang='lat' dir='ltr'>de</span> <span class='ocrx_word' id='word_1_305' title='bbox 1077 4773 1146 4822; x_wconf 87' lang='lat' dir='ltr'>sua</span> <span class='ocrx_word' id='word_1_306' title='bbox 1178 4765 1314 4823; x_wconf 89' lang='lat' dir='ltr'>natura</span> <span class='ocrx_word' id='word_1_307' title='bbox 1341 4763 1380 4822; x_wconf 92' lang='lat' dir='ltr'>et</span> <span class='ocrx_word' id='word_1_308' title='bbox 1416 4747 1607 4844; x_wconf 88' lang='lat' dir='ltr'>qualitate,</span> <span class='ocrx_word' id='word_1_309' title='bbox 1640 4749 1732 4822; x_wconf 89' lang='lat' dir='ltr'>Pro-</span> 
     </span>
     <span class='ocr_line' id='line_1_37' title="bbox 226 4870 1733 4970; baseline 0.001 -26"><span class='ocrx_word' id='word_1_310' title='bbox 226 4897 375 4945; x_wconf 90' lang='lat' dir='ltr'>cessnm</span> <span class='ocrx_word' id='word_1_311' title='bbox 404 4870 644 4959; x_wconf 87' lang='lat' dir='ltr'>iudiciarium,</span> <span class='ocrx_word' id='word_1_312' title='bbox 666 4888 782 4967; x_wconf 90' lang='lat' dir='ltr'>atque</span> <span class='ocrx_word' id='word_1_313' title='bbox 802 4872 915 4946; x_wconf 88' lang='lat' dir='ltr'>etiarn</span> <span class='ocrx_word' id='word_1_314' title='bbox 936 4873 1092 4947; x_wconf 84' lang='lat' dir='ltr'>formale</span> <span class='ocrx_word' id='word_1_315' title='bbox 1112 4873 1283 4948; x_wconf 88' lang='lat' dir='ltr'>Testium</span> <span class='ocrx_word' id='word_1_316' title='bbox 1303 4899 1473 4958; x_wconf 90' lang='lat' dir='ltr'>examen,</span> <span class='ocrx_word' id='word_1_317' title='bbox 1489 4873 1645 4970; x_wconf 84' lang='lat' dir='ltr'>exigant</span> <span class='ocrx_word' id='word_1_318' title='bbox 1671 4874 1733 4947; x_wconf 90' lang='lat' dir='ltr'>vel</span> 
     </span>
     <span class='ocr_line' id='line_1_38' title="bbox 226 4996 1731 5093; baseline 0.003 -26"><span class='ocrx_word' id='word_1_319' title='bbox 226 4996 436 5093; x_wconf 88' lang='lat' dir='ltr'>requirant;</span> <span class='ocrx_word' id='word_1_320' title='bbox 466 4996 798 5092; x_wconf 89' lang='lat' dir='ltr'>quemadmodum,</span> <span class='ocrx_word' id='word_1_321' title='bbox 834 4999 962 5093; x_wconf 94' lang='lat' dir='ltr'>quoad</span> <span class='ocrx_word' id='word_1_322' title='bbox 1000 4998 1149 5072; x_wconf 88' lang='lat' dir='ltr'>Causas</span> <span class='ocrx_word' id='word_1_323' title='bbox 1183 4998 1481 5072; x_wconf 88' lang='lat' dir='ltr'>Matrimoniales</span> <span class='ocrx_word' id='word_1_324' title='bbox 1518 4999 1731 5072; x_wconf 89' lang='lat' dir='ltr'>huiusmodi</span> 
     </span>
     <span class='ocr_line' id='line_1_39' title="bbox 225 5119 1735 5221; baseline 0.003 -29"><span class='ocrx_word' id='word_1_325' title='bbox 225 5119 307 5193; x_wconf 93' lang='lat' dir='ltr'>Nos</span> <span class='ocrx_word' id='word_1_326' title='bbox 335 5119 476 5194; x_wconf 90' lang='lat' dir='ltr'>dudum</span> <span class='ocrx_word' id='word_1_327' title='bbox 505 5145 573 5217; x_wconf 90' lang='lat' dir='ltr'>per</span> <span class='ocrx_word' id='word_1_328' title='bbox 600 5121 711 5194; x_wconf 90' lang='lat' dir='ltr'>aliam</span> <span class='ocrx_word' id='word_1_329' title='bbox 745 5121 924 5196; x_wconf 85' lang='lat' dir='ltr'>Nostram</span> <span class='ocrx_word' id='word_1_330' title='bbox 960 5122 1292 5209; x_wconf 89' lang='lat' dir='ltr'>Constitutionem,</span> <span class='ocrx_word' id='word_1_331' title='bbox 1325 5147 1424 5220; x_wconf 88' lang='lat' dir='ltr'>quae</span> <span class='ocrx_word' id='word_1_332' title='bbox 1457 5123 1582 5221; x_wconf 92' lang='lat' dir='ltr'>incipit</span> <span class='ocrx_word' id='word_1_333' title='bbox 1600 5166 1627 5178; x_wconf 92' lang='lat'>-</span> <span class='ocrx_word' id='word_1_334' title='bbox 1654 5123 1735 5196; x_wconf 80' lang='lat' dir='ltr'>Dei</span> 
     </span>
     <span class='ocr_line' id='line_1_40' title="bbox 223 5245 1727 5334; baseline 0.001 -16"><span class='ocrx_word' id='word_1_335' title='bbox 223 5247 453 5320; x_wconf 62' lang='lat' dir='ltr'>maceratione</span> <span class='ocrx_word' id='word_1_336' title='bbox 465 5246 623 5320; x_wconf 89' lang='lat' dir='ltr'>-Tertio</span> <span class='ocrx_word' id='word_1_337' title='bbox 640 5245 770 5322; x_wconf 90' lang='lat' dir='ltr'>Nonas</span> <span class='ocrx_word' id='word_1_338' title='bbox 783 5247 1008 5322; x_wconf 90' lang='lat' dir='ltr'>Novembris</span> <span class='ocrx_word' id='word_1_339' title='bbox 1019 5247 1410 5323; x_wconf 84' lang='lat' dir='ltr'>Annolncarnationis</span> <span class='ocrx_word' id='word_1_340' title='bbox 1421 5248 1534 5324; x_wconf 90' lang='lat' dir='ltr'>Dom.</span> <span class='ocrx_word' id='word_1_341' title='bbox 1547 5269 1727 5334; x_wconf 78' lang='lat' dir='ltr'>unccxm,</span> 
     </span>
     <span class='ocr_line' id='line_1_41' title="bbox 227 5369 1593 5458; baseline 0.006 -17"><span class='ocrx_word' id='word_1_342' title='bbox 227 5369 466 5446; x_wconf 85' lang='lat' dir='ltr'>Pontificatus</span> <span class='ocrx_word' id='word_1_343' title='bbox 496 5371 626 5445; x_wconf 89' lang='lat' dir='ltr'>Nostri</span> <span class='ocrx_word' id='word_1_344' title='bbox 655 5372 832 5458; x_wconf 90' lang='lat' dir='ltr'>secundo,</span> <span class='ocrx_word' id='word_1_345' title='bbox 863 5373 1003 5446; x_wconf 90' lang='lat' dir='ltr'>editam</span> <span class='ocrx_word' id='word_1_346' title='bbox 1032 5373 1232 5447; x_wconf 86' lang='lat' dir='ltr'>statuimus</span> <span class='ocrx_word' id='word_1_347' title='bbox 1260 5390 1300 5447; x_wconf 93' lang='lat' dir='ltr'>et</span> <span class='ocrx_word' id='word_1_348' title='bbox 1326 5373 1593 5449; x_wconf 89' lang='lat' dir='ltr'>ordinavimus.</span> 
     </span>
    </p>
   </div>
   <div class='ocr_carea' id='block_1_3' title="bbox 0 0 1853 5908">
    <p class='ocr_par' dir='ltr' id='par_1_5' title="bbox 0 0 1853 5908">
     <span class='ocr_line' id='line_1_42' title="bbox 0 0 1853 5908; baseline 0 0"><span class='ocrx_word' id='word_1_349' title='bbox 0 0 1853 5908; x_wconf 95' lang='lat' dir='ltr'> </span> 
     </span>
    </p>
   </div>
  </div>
 </body>
</html>
