3686 5916
701 304 867 364 Clemente
885 303 976 365 XIII
1530 307 1586 366 579

83 495 323 583 «individua,
352 521 397 570 ac
425 498 473 570 de
502 497 619 569 verbo
646 496 696 568 ad
724 498 892 582 verbum,
914 519 988 568 non
1017 509 1143 568 autem
1172 521 1242 593 per
1268 495 1454 570 clausulas
1473 522 1583 595 gene-

83 620 220 694 ‹rales
248 621 347 696 idem
376 621 633 717 importanteS,
657 615 807 705 mentio,
828 644 897 693 seu
918 619 1074 716 quaevis
1093 620 1166 694 alia
1183 622 1379 716 expressio
1398 621 1580 707 habenda,

83 760 188 819 <aut
214 745 339 841 aliqua
375 744 446 820 alia
488 745 674 841 exquisita
714 744 835 818 forma
876 745 926 818 ad
967 746 1038 819 hoc
1072 745 1257 820 servanda
1293 745 1399 832 foret,
1431 764 1584 821 tenores

85 869 345 957 <huiusmodi
375 896 420 944 ac
452 869 483 944 si
520 870 568 943 de
605 872 722 944 verbo
759 868 807 942 ad
845 869 1012 955 verbum,
1043 869 1129 943 nihil
1166 871 1318 966 penitus
1354 872 1505 958 omisso,
1546 888 1585 946 et

85 995 242 1067 ‹sorma
269 994 305 1066 in
347 993 416 1066 illis
457 993 595 1067 tradita
636 995 849 1078 observata,
880 993 1010 1066 inserti
1049 992 1181 1079 forent,
1213 995 1477 1090 praesentibus
1514 1020 1584 1092 pro

86 1117 233 1215 «plene
260 1135 299 1192 et
327 1117 553 1192 sufficienter
580 1119 771 1214 expressis
809 1118 1002 1205 habentes,
1034 1117 1104 1191 illis
1139 1118 1231 1192 alias
1266 1119 1303 1193 in
1341 1145 1411 1192 suo
1448 1122 1584 1194 robore

86 1245 388 1339 «permansuris,
419 1244 469 1316 ad
505 1243 796 1339 praemissorum
833 1243 1010 1328 omnium,
1041 1258 1080 1316 et
1114 1243 1357 1341 singulorum,
1397 1244 1582 1331 effectum,

86 1368 193 1442 «hac
220 1369 300 1441 vice
327 1369 524 1442 dumtaxat
544 1366 754 1464 specialiter
773 1383 813 1441 et
835 1391 1027 1464 expresse,
1047 1366 1275 1466 aclegitime
1294 1384 1334 1442 et
1355 1369 1581 1465 plenissime,

87 1493 256 1566 «harum
284 1492 380 1566 serie
409 1492 648 1591 derogamus,
679 1509 717 1566 et
749 1493 976 1590 derogatum
1013 1518 1100 1568 esse
1138 1492 1319 1580 volumus,
1351 1495 1585 1592 caeterisque

86 1617 319 1690 «contrariis
347 1617 664 1715 quibuscumque;
694 1641 778 1690 cum
806 1617 980 1692 clausulis
1008 1617 1242 1715 opportunis.
1291 1653 1293 1658 ·

590 1848 681 1922 Fiet
707 1849 816 1922 Motu
837 1849 997 1948 propero
1029 1847 1067 1922 C.

169 2038 187 2080 c
207 2011 257 2083 Et
275 2009 322 2082 de
343 2009 633 2096 confirmatione,
655 2009 939 2106 approbatione,
961 2008 1107 2084 roboris
1127 2010 1347 2099 adiectione,
1372 2013 1585 2088 defectuum

88 2133 375 2232 «suppletione,
407 2134 645 2231 repositione,
686 2134 989 2232 reintegratione,
1028 2135 1300 2222 moderatione,
1334 2138 1584 2227 revocatione,

86 2263 330 2348 «voluntate,
359 2261 548 2347 mandato,
579 2259 838 2356 prohibitione,
868 2261 1084 2349 intentione,
1114 2262 1277 2349 decreto,
1299 2263 1457 2361 aliisque
1476 2289 1586 2361 prae-

86 2386 259 2473 missis,
290 2401 485 2482 utsupra,
515 2385 551 2458 in
580 2385 711 2459 litteris
739 2384 919 2460 latissime
956 2385 1223 2462 extendendis:
1253 2387 1304 2460 Et
1340 2388 1442 2483 quod
1480 2414 1585 2485 prae·

86 2540 105 2584 c
128 2511 326 2585 missorum
355 2511 519 2585 omnium
547 2527 587 2584 et
619 2511 863 2609 singulorum,
884 2510 1118 2608 aliorumque
1138 2513 1586 2600 necessanorum,maior

88 2651 166 2710 ‹et
192 2636 317 2710 verior
343 2635 571 2731 specificatio
598 2651 637 2709 et
663 2635 859 2731 expressio
887 2633 964 2710 fieri
992 2637 1114 2732 possit
1148 2637 1184 2708 in
1221 2636 1348 2723 literis,
1378 2663 1462 2711 cum
1490 2638 1586 2714 clau-

87 2758 209 2834 ‹sula
236 2777 430 2857 perpetua,
462 2759 578 2834 etad
606 2775 830 2857 perpetuam
866 2761 919 2834 rei
956 2761 1173 2836 memoriam
1211 2762 1260 2835 de
1298 2761 1413 2836 Curia
1450 2783 1585 2839 nuncu·

86 2899 269 2981 «patum,
299 2883 418 2982 gratis
446 2883 700 2980 expediendis

170 3008 393 3084 «Volumus
419 3023 558 3090 autem,
589 3011 693 3107 quod
720 3008 877 3093 interim,
898 3035 942 3084 ac
970 3033 1170 3108 quousque
1194 3009 1344 3086 Literae
1372 3011 1585 3107 praedictae

88 3134 275 3208 «minime
303 3133 502 3229 expeditae
529 3133 673 3219 fuerint,
705 3133 786 3208 sola
813 3134 1023 3231 praesentis
1043 3133 1207 3209 Nostrae
1227 3134 1436 3210 Schedulae
1456 3137 1586 3210 Motus

86 3258 268 3355 ‹proprii
295 3257 496 3355 Signatura
535 3257 703 3344 sufficiat,
738 3274 779 3332 et
818 3259 956 3355 ubique
993 3258 1104 3332 fidem
1142 3259 1262 3342 saciat,
1301 3261 1338 3332 in
1370 3259 1516 3348 iudicio,
1546 3275 1587 3334 et

84 3411 107 3456 c
125 3398 233 3458 extra
261 3382 370 3470 illud;
402 3382 549 3480 Regula
577 3407 815 3480 quacumque
844 3385 1029 3457 contraria
1056 3408 1132 3457 non
1160 3385 1347 3459 obstante.

170 3507 391 3582 «Volumus
419 3509 543 3593 etiam,
574 3509 676 3603 quod
705 3531 888 3604 praesens
916 3507 1114 3595 Schedula,
1145 3509 1194 3583 ad
1223 3507 1294 3583 hoc
1313 3526 1355 3583 ut
1383 3508 1531 3608 singula
1550 3511 1586 3582 in

84 3663 107 3706 e
125 3657 172 3706 ea
201 3647 376 3706 contenta
403 3632 440 3704 in
468 3632 633 3706 omnium
662 3632 831 3706 notitiam
860 3633 1089 3728 perveniant,
1113 3635 1147 3704 in
1175 3632 1274 3705 Aula
1293 3631 1381 3706 dicti
1401 3633 1587 3708 Auditorii

84 3788 108 3831 c
127 3759 165 3830 in
195 3756 334 3832 Palatio
363 3757 507 3830 Nostro
536 3755 730 3836 Vaticano.
761 3757 931 3851 proxime
959 3773 1116 3830 ventura
1144 3757 1215 3841 die,
1246 3781 1323 3852 quo
1351 3757 1439 3831 dicti
1467 3757 1586 3830 Audi-

69 3913 108 3984 ,ι
128 3882 211 3956 torii
239 3883 397 3978 aperitio
425 3855 633 3968 habebitur,
664 3879 740 3978 legi
767 3897 807 3954 et
835 3881 1026 3978 publicari,
1046 3897 1085 3955 et
1104 3880 1355 3978 publicatione
1374 3881 1588 3956 huiusmodi

85 4035 108 4080 a
128 4021 291 4104 peracta,
321 4007 446 4080 omnia
472 4021 512 4079 et
540 4004 687 4103 singula
716 4007 751 4078 in
779 4031 824 4080 ea
852 4021 1039 4090 contenta,
1069 4008 1118 4080 ab
1145 4006 1188 4080 iis
1224 4005 1274 4080 ad
1310 4031 1408 4101 quos
1440 4019 1589 4102 spectat

84 4161 107 4204 c
126 4145 166 4203 et
185 4156 255 4227 pro
269 4145 440 4227 tempore
454 4130 641 4225 spectabit
661 4129 696 4202 in
715 4129 891 4218 futurum,
913 4129 1172 4205 inviolabiliter
1199 4131 1392 4205 observari
1411 4133 1585 4206 debeant.

1318 4291 1410 4364 que
1437 4290 1475 4366 C.

172 4488 352 4562 «Datum
386 4461 542 4574 Romae,
578 4487 681 4584 apud
709 4487 885 4561 Sanctam
916 4488 1071 4562 Mariam
1106 4487 1299 4572 Maiorem,
1340 4487 1460 4560 Pridie
1498 4485 1584 4561 Kal.

85 4644 107 4688 r
129 4613 308 4688 Octobris
336 4614 450 4686 Anno
478 4611 708 4686 Secundo».

166 4740 339 4833 Cumque
355 4737 563 4811 Literarum
583 4737 890 4832 Apostolicarum
910 4737 1199 4832 expeditionem,
1218 4763 1333 4833 super
1350 4739 1406 4824 iis,
1425 4737 1462 4810 in
1477 4761 1588 4832 prae-

75 4866 224 4939 inserta
252 4860 439 4936 Schedula
466 4861 627 4947 sancitis,
659 4886 757 4957 quae
785 4863 1015 4958 experientia
1043 4885 1208 4957 quoque,
1235 4859 1345 4934 valde
1372 4875 1587 4957 opportuna

73 5001 277 5083 comperta
318 5001 415 5071 sunt,
446 4984 601 5058 ulterius
643 4984 802 5067 differre,
833 4985 1080 5084 incongruum
1122 4985 1308 5060 videatur:
1338 4985 1396 5058 Ea
1437 4999 1587 5080 sumpta

74 5111 280 5187 occasione
308 5109 434 5184 Animi
462 5107 592 5182 Nostri
620 5133 755 5182 sensus
782 5134 876 5206 erga
903 5109 1139 5205 praeclarum
1166 5109 1264 5183 hunc
1292 5124 1452 5194 coetum,
1478 5108 1588 5181 illius·

76 5261 158 5334 que
194 5236 389 5320 Personas,
427 5257 450 5305 e
486 5257 647 5330 quorum
683 5259 840 5308 numero
876 5234 1017 5310 dudum
1047 5235 1160 5310 fuisse
1198 5233 1414 5334 gloriamur,
1450 5235 1586 5308 iterum

75 5380 199 5459 atque
229 5363 362 5434 iterum
392 5356 605 5454 patefacere
634 5383 708 5433 non
737 5359 956 5435 omittimus.
