3688 5924
176 267 209 324 lt
801 265 937 324 Soeculo
957 262 1049 324 XIII

1516 369 1522 372 .
1551 367 1668 375 -..-.-

173 473 346 551 quentes.
383 457 467 532 Fuit
493 472 621 531 autem
659 457 894 552 propositum
922 481 969 529 ex
996 456 1158 531 adverso
1187 457 1290 554 quod
1317 481 1401 532 curn
1428 455 1572 532 litteras
1601 460 1672 531 sub

173 581 292 654 lorma
319 605 501 676 expressa
521 583 692 678 superius
714 580 899 654 Prioribus
919 579 1236 654 transmiserimus
1255 581 1483 668 memoratis,
1503 596 1542 656 et
1561 581 1673 655 iidem

173 705 387 780 convocatis
416 706 596 802 partibus,
636 721 712 778 tam
750 731 798 778 ex
834 704 1069 779 consessione
1107 703 1290 801 Capicerii
1322 721 1361 780 et
1398 705 1673 780 canonicorum

176 830 358 904 dictorum
387 855 500 926 quam
520 853 567 904 ex
585 830 809 926 quibusdam
835 817 990 925 publicis
1017 845 1292 928 cognoscerent
1320 831 1574 905 instrumentis
1593 856 1677 928 pre·

174 957 291 1030 fatum
321 953 368 1028 G.
390 953 552 1050 quedam
581 981 705 1030 annua
733 956 767 1026 in
798 953 965 1028 Ecclesia
993 955 1041 1028 de
1070 955 1172 1052 Faya
1200 958 1392 1052 percipere
1424 954 1544 1030 donec
1579 955 1674 1029 inte-

174 1103 282 1176 gram
325 1095 595 1174 assequeretur
639 1079 881 1174 prebendam,
921 1095 962 1152 et
998 1080 1189 1175 pendente
1232 1079 1366 1153 iudicio
1402 1079 1595 1177 prebenda
1628 1079 1676 1150 de

175 1185 250 1299 qua
277 1220 337 1277 est
364 1204 619 1277 controversia
647 1204 868 1290 vacavisset,
889 1229 971 1276 eam
1001 1203 1081 1300 ipsi,
1103 1219 1190 1278 ante
1218 1227 1331 1299 quam
1352 1220 1391 1277 tu
1410 1204 1460 1278 ad
1480 1227 1549 1279 nos
1567 1230 1675 1279 acce-

176 1329 297 1410 deres,
321 1326 539 1423 Capicerius
566 1344 606 1402 et
633 1328 751 1402 maior
770 1344 810 1403 et
828 1329 953 1402 sanior
979 1353 1069 1424 pars
1090 1326 1252 1424 Capituli
1280 1327 1479 1402 liberaliter
1507 1328 1674 1402 contule·

175 1468 271 1538 runt,
303 1450 404 1526 nullo
435 1469 522 1526 tunc
552 1453 730 1548 temporis
764 1451 1001 1537 reclamante,
1032 1470 1183 1526 etcum
1212 1454 1364 1548 quidam
1393 1468 1674 1550 eumpostmo·

178 1578 268 1651 dum
303 1577 502 1651 admittere
539 1576 758 1661 noluissent,
796 1578 831 1649 in
873 1599 941 1651 eos
975 1579 1045 1673 ipsi
1079 1578 1217 1652 iudices
1255 1578 1458 1652 monitione
1491 1576 1675 1674 premissa

173 1701 567 1776 excommunicationis
596 1703 820 1776 seutentiam
848 1703 1154 1800 promulgarunt:
1184 1703 1248 1800 qui
1275 1703 1325 1776 ad
1354 1725 1423 1778 nos
1451 1719 1540 1799 post
1559 1701 1674 1776 latam

175 1826 399 1900 sententiam
426 1807 682 1924 appellantes
702 1850 817 1921 super
854 1827 925 1900 hoc
958 1825 1101 1900 litteras
1129 1827 1369 1901 obtinuerunt
1398 1827 1597 1901 transmitti
1625 1827 1675 1899 ad

177 1949 318 2024 iudices
345 1951 598 2035 Turonenses,
628 1952 691 2047 qui
725 1965 837 2046 prout
863 1977 887 2024 a
916 1967 954 2026 te
982 1969 1170 2026 narratum
1198 1950 1319 2025 luerat
1345 1949 1381 2024 in
1409 1953 1492 2046 ipso
1521 1951 1675 2049 negotio

177 2093 455 2173 processerunt.
477 2076 558 2150 Nos
578 2101 668 2150 vero
696 2101 763 2172 per
792 2077 1010 2152 relationem
1030 2077 1223 2160 Auditoris
1243 2075 1376 2172 prelati
1394 2101 1510 2173 super
1538 2093 1674 2151 utrum-

178 2226 254 2298 que
280 2201 483 2299 prepositis
527 2199 754 2275 sufficienter
796 2199 976 2288 instructi,
1019 2201 1155 2275 sactum
1198 2201 1359 2275 iudicum
1391 2200 1673 2286 Pictavensium,

176 2351 262 2399 cum
289 2326 382 2400 fines
410 2325 662 2399 excessissent
689 2325 865 2412 mandati,
900 2326 1041 2399 irritum
1077 2325 1294 2410 iudicantes,
1325 2341 1364 2399 et
1400 2325 1674 2400 Turonensium

176 2451 433 2546 approbantes
462 2474 693 2546 processum,
713 2449 778 2546 qui
806 2450 998 2546 Fayenses
1028 2449 1239 2524 Canonicos
1259 2449 1498 2525 absolverant
1518 2452 1567 2523 ab
1585 2449 1676 2546 ipsis

178 2575 457 2650 Pictavensibus
483 2575 837 2648 excomunicationis
866 2575 1053 2649 sententia
1073 2577 1284 2660 denotatos,
1305 2589 1346 2648 et
1363 2574 1675 2648 adiudicationem

181 2700 386 2796 prebende,
417 2724 531 2796 quam
561 2700 624 2772 tibi
660 2700 802 2773 iudices
837 2698 1107 2773 Bitturicenses
1135 2700 1312 2786 lecerunt,
1342 2714 1464 2773 ratam
1495 2699 1678 2774 habentes

179 2839 219 2898 et
245 2823 398 2908 firmam,
419 2837 498 2897 tam
522 2821 737 2919 Capitulum
758 2823 938 2918 Fayensis
967 2821 1135 2897 Ecclesie
1164 2847 1277 2919 quam
1306 2838 1343 2896 te
1370 2824 1420 2897 ab
1447 2823 1677 2920 impetitione
1734 2827 1739 2840 '

179 2949 337 3044 sepefati
366 2948 413 3023 G.
443 2949 491 3022 de
520 2948 691 3022 Marnaio
719 2974 765 3022 ex
786 2965 867 3023 toto
884 2947 1057 3022 duximus
1077 2948 1359 3034 absolvendum,
1386 2949 1457 3044 ipsi
1486 2948 1533 3022 G.
1563 2971 1679 3044 super

179 3073 249 3147 hiis
276 3089 502 3176 perpetuum
530 3073 716 3148 silentium
746 3075 995 3169 imponentes.
1025 3073 1125 3147 Nulli
1157 3098 1250 3172 ergo
1278 3089 1350 3148 etc.
1384 3089 1513 3148 nostre
1546 3073 1678 3146 diffini-

179 3197 289 3271 tionis
316 3205 386 3272 etc.
418 3197 458 3270 Si
485 3198 569 3291 quis
597 3213 722 3270 autem
750 3213 820 3272 etc.
855 3197 994 3270 Datum
1026 3197 1200 3270 Laterani
1227 3219 1266 3268 vr
1303 3195 1375 3271 kal.
1410 3195 1548 3293 aprilis,
1578 3220 1678 3271 auno

183 3323 390 3398 undecimo
1346 3327 1348 3330 ’

909 3657 968 3736 12.

183 3872 412 3944 lurracantr'us
449 3871 523 3944 III
550 3873 774 3948 sententiam.
814 3872 930 3945 latam
965 3871 1009 3945 a’c
1041 3871 1215 3944 mandato
1251 3879 1287 3943 et
1317 3869 1532 3943 auctoritate
1559 3893 1628 3942 sua
1656 3893 1680 3940 a

267 3997 312 4073 G.
343 3997 570 4071 Subdiacano
596 4004 631 4068 et
658 3994 854 4096 Capellano
880 4022 955 4083 sua,
985 3995 1190 4087 confirmat,
1220 4020 1369 4092 eumque
1396 3996 1436 4068 in
1464 4019 1576 4068 causa
1607 4021 1679 4067 aaa

262 4121 423 4220 amplius
450 4121 728 4204 Subdiaconum,
758 4121 826 4194 sed
848 4122 1048 4194 dumtaxat
1076 4119 1314 4217 capellanum
1340 4119 1437 4195 dicit.

264 4321 356 4393 (Rau.
377 4320 468 4391 Van,
486 4319 518 4388 8,
534 4319 593 4392 sol.
612 4321 684 4388 100,
704 4336 795 4378 anno
813 4319 886 4391 XV,
908 4328 977 4394 cap.
999 4319 1056 4379 117
1063 4336 1076 4389 ,·
1095 4318 1224 4390 Baton,
1244 4319 1264 4377 l.
1283 4335 1319 4390 c.,
1336 4319 1398 4378 vol.
1417 4317 1461 4392 II,
1480 4319 1572 4392 epist.
1590 4318 1680 4384 645.-

186 4411 362 4482 ΡοπΗΑετ,
381 4426 414 4467 n.
433 4409 547 4480 4527).

1273 4620 1351 4694 1212,
1369 4621 1450 4680 iunii
1468 4621 1494 4696 9,
1519 4621 1680 4680 Laterani.

271 4817 317 4892 G.
348 4816 485 4890 Abbati
509 4817 734 4890 Monaslm'i
757 4816 886 4890 Sancti
911 4816 1051 4912 Angclz'
1075 4816 1119 4888 de
1148 4814 1279 4902 Plano,
1317 4813 1488 4890 Firman.
1528 4815 1635 4888 draca.
1664 4858 1682 4870 -

187 4939 283 5013 Cum
316 4941 473 5015 dilectus
502 4940 596 5014 filius
625 4942 666 5015 B.
691 4940 912 5014 venerabilis
941 4940 1062 5014 fratris
1093 4939 1281 5014 Nostri..
1314 4939 1471 5014 Firman.
1505 4939 1681 5035 Episcopi

188 5080 407 5161 procurator
448 5080 570 5138 tecum
607 5066 657 5139 ad
694 5065 830 5140 Sedem
869 5066 1127 5162 Apostolicam
1164 5065 1387 5138 accessisset
1411 5079 1463 5152 vet
1507 5061 1680 5138 dilectum

186 5189 301 5263 filium
330 5189 377 5263 G.
409 5188 685 5264 Subdiaconum
718 5207 756 5264 et
785 5190 1031 5286 Capellanum
1067 5205 1247 5276 nostrum,
1287 5189 1394 5265 vobis
1433 5189 1683 5263 concessisse-

189 5339 272 5386 mus
301 5315 440 5410 pariter
469 5315 702 5399 Auditorem,
734 5314 873 5389 Coram
900 5339 947 5389 eo
975 5339 1188 5412 proponere
1207 5315 1427 5410 procurasti,
1457 5315 1560 5410 quod
1591 5371 1598 5386 .
1632 5374 1639 5390 .
1672 5373 1679 5388 .
