3686 5916
242 219 298 281 520
859 222 997 282 soeculo
1016 221 1140 283 XVIII

244 413 504 509 Apostolicam
520 411 671 498 Aulam,
691 410 750 487 vel
770 411 807 485 in
824 411 1063 486 antecedenti
1084 411 1266 488 Cubiculo
1285 413 1376 488 illud
1396 412 1748 513 Congregationum

243 554 309 612 aut
346 537 608 634 Collegialium
642 537 843 623 actionum,
873 559 973 632 quae
1009 537 1045 611 iu
1080 538 1216 613 eodem
1250 537 1392 614 Palatio
1428 564 1512 613 cum
1550 539 1747 614 Roccheto

244 661 344 749 fient,
375 661 591 760 ingressuri,
623 686 769 736 necnon
788 659 942 759 quando
961 661 1121 756 primum
1141 663 1178 736 in
1197 663 1434 759 promotione
1453 664 1571 738 Sacro
1589 663 1747 738 Senatui

243 785 291 862 de
320 812 419 861 novo
446 786 659 881 adscriptos
687 803 728 860 et
754 787 891 860 iterum
920 783 1184 861 Cardinalatus
1212 789 1379 888 insigniis
1402 790 1604 864 decoratos
1621 814 1692 863 eos
1712 792 1746 862 in

246 913 323 986 suis
350 912 525 988 domibus
551 911 776 998 visitabunt;
806 909 969 1005 Quoties
997 936 1272 1010 quemcumque
1300 935 1349 988 ex
1377 913 1549 988 Dominis
1568 912 1748 988 Cardina-

244 1039 341 1112 libus
369 1039 489 1134 primo
516 1037 687 1122 invisent,
720 1037 777 1111 vel
807 1035 996 1111 Cardinali
1024 1037 1193 1112 similiter
1220 1038 1413 1112 Roccheto
1433 1037 1564 1112 induto
1580 1040 1618 1112 in
1637 1039 1751 1113 comi·

246 1177 347 1236 tatus
384 1159 576 1258 obsequiis
612 1176 734 1244 erunt,
773 1161 852 1234 sive
893 1159 996 1235 domi
1036 1160 1182 1244 luerint,
1214 1161 1293 1236 sive
1332 1179 1451 1246 extra,
1490 1161 1750 1236 conveniendo

246 1285 399 1384 insuper
426 1312 510 1360 cum
538 1284 765 1360 Oratoribus
795 1285 1004 1381 Principum
1033 1285 1097 1380 qui
1125 1284 1210 1360 aula
1242 1284 1410 1384 gaudent
1437 1285 1570 1384 Regia,
1600 1287 1751 1382 publica

246 1411 403 1485 solemni
432 1435 571 1508 pompa
600 1409 900 1507 procedentibus,
923 1410 1025 1486 etin
1053 1424 1139 1484 actu
1168 1410 1308 1505 pariter
1327 1411 1524 1486 dumtaxat
1542 1411 1750 1484 cuiuscum-

246 1560 321 1632 que
348 1534 501 1610 alterius
529 1535 698 1631 publicae
716 1534 777 1608 vel
805 1534 974 1630 privatae
992 1534 1149 1609 actionis
1168 1533 1204 1608 in
1223 1560 1298 1631 qua
1318 1535 1499 1609 Roccheti
1518 1561 1609 1610 usus
1628 1535 1751 1633 digni-

247 1661 335 1734 tatis
363 1660 422 1734 vel
451 1658 614 1734 muneris
642 1659 787 1734 ratione
815 1660 870 1732 eis
898 1673 1114 1755 competere
1143 1675 1282 1754 potest.

327 1784 398 1857 Cui
426 1807 517 1858 saue
547 1785 713 1859 Decreto
742 1808 836 1869 cum,
869 1784 964 1856 sicut
991 1808 1270 1879 acceperamus,
1299 1785 1465 1860 debitam
1494 1784 1749 1860 obedientiam

245 1911 523 2006 praestitissent
550 1909 620 2004 ipsi
648 1932 801 2006 quoque
830 1907 1041 1984 Causarum
1062 1908 1192 1982 Palatii
1211 1907 1421 2004 Apostolici
1440 1910 1660 1997 Auditores,
1684 1909 1749 2006 qui

245 2032 361 2109 domo
381 2035 459 2108 sine
476 2034 678 2118 Roccheto,
700 2035 803 2108 iuxta
821 2031 908 2107 dicti
929 2031 1082 2108 Decreti
1100 2032 1270 2122 formam,
1292 2059 1336 2108 ac
1364 2049 1543 2120 tenorem,
1564 2050 1750 2110 exeuntes

247 2160 363 2234 etad
392 2158 621 2233 Pontificium
651 2159 831 2234 Palatium
861 2156 920 2232 vel
951 2158 1179 2232 audientiam
1215 2176 1382 2234 nostram
1421 2159 1660 2256 postulaturi,
1688 2160 1748 2232 vel

245 2284 370 2359 Sacris
398 2284 433 2356 in
464 2284 653 2358 Pontificia
682 2283 865 2380 Cappella
894 2281 1123 2380 peragendis
1151 2283 1401 2360 functionibus
1435 2283 1659 2373 interfuturi,
1688 2286 1748 2359 vel

247 2407 434 2482 Auditorii
461 2409 518 2482 sui
546 2409 672 2482 munia
699 2407 837 2482 obituri
864 2408 1100 2492 accedentes,
1130 2409 1265 2482 eodem
1294 2407 1488 2482 Roccheto
1516 2433 1558 2482 se
1586 2409 1645 2482 vel
1682 2434 1749 2504 per

246 2531 376 2607 Scalas
404 2533 574 2606 eiusdem
603 2531 780 2606 Pontificii
811 2531 950 2616 Palatii,
982 2531 1042 2604 vel
1071 2529 1105 2604 in
1133 2529 1221 2605 aula
1249 2531 1482 2627 Apostolica,
1512 2533 1572 2606 vel
1601 2533 1637 2604 in
1665 2533 1748 2628 ipso

246 2656 369 2731 Aulae
396 2655 585 2731 Auditorii
612 2656 786 2756 ingressu
821 2681 908 2732 sese
944 2654 1156 2741 induerunt,
1186 2656 1290 2752 quod
1324 2656 1465 2753 pariter
1501 2657 1746 2742 Rocchetum,

247 2783 360 2856 obitis
387 2781 603 2856 muneribus
631 2781 720 2868 suis,
751 2781 878 2854 statim
905 2794 1100 2863 exeuntes,
1130 2779 1294 2864 domum,
1317 2780 1637 2875 quemadmodum
1662 2781 1748 2854 inde

247 2925 439 2993 venerant,
471 2907 551 2980 sine
580 2904 773 2982 Roccheto
802 2906 1003 2980 redierunt.

329 3031 411 3105 Nos
439 3031 580 3128 quippe
607 3033 745 3126 quibus
774 3047 904 3105 notum
933 3047 1028 3116 erat,
1057 3055 1166 3104 usum
1196 3029 1377 3106 Roccheti
1402 3030 1621 3106 memoratis
1650 3030 1748 3104 Can·

249 3181 374 3230 sarum
404 3154 534 3230 Palatii
562 3155 772 3254 Apostolici
808 3154 1056 3230 Auditoribus
1087 3181 1112 3230 a
1148 3154 1209 3231 sel.
1247 3180 1323 3232 rec.
1364 3155 1584 3230 Innocentio
1618 3156 1681 3254 Pp.
1710 3155 1748 3228 X

250 3281 548 3356 Praedecessore
577 3280 721 3354 Nostro
749 3303 968 3354 concessum
996 3280 1112 3354 luisse
1147 3277 1314 3354 eiusdem
1349 3279 1554 3356 Innocentii
1591 3280 1749 3354 Praede·
1830 3317 1831 3330 2

201 3475 202 3480 ,
248 3407 410 3482 cessoris
446 3405 690 3502 Apostolicas
724 3406 761 3479 in
799 3405 907 3480 simili
940 3403 1060 3480 sorma
1098 3405 1228 3478 Brevis
1264 3403 1392 3478 literas
1429 3405 1490 3480 die
1524 3427 1579 3478 v11
1612 3407 1750 3480 mensis

249 3533 370 3606 martii
398 3553 562 3616 κυεην,
593 3555 663 3626 pro
692 3531 935 3604 concessione
954 3529 1168 3604 huiusmodi
1185 3529 1394 3626 expeditas,
1416 3555 1574 3626 quarum
1595 3530 1696 3604 nulla
1716 3531 1749 3604 in
1829 3589 1830 3598 ,

248 3657 495 3755 praelaudato
525 3655 843 3754 Congregationis
871 3655 1063 3752 praelatae
1097 3655 1263 3728 Decreto
1299 3653 1341 3728 fit
1377 3655 1528 3738 mentio,
1568 3655 1750 3752 inspicere
1829 3631 1830 3672 l

248 3781 447 3864 voluimus,
476 3796 518 3852 ut
546 3803 593 3852 ex
621 3781 722 3854 hisce
748 3780 903 3876 aliquod
931 3780 1086 3854 rationis
1114 3797 1347 3855 momentum
1379 3804 1452 3855 una
1486 3805 1570 3854 cunr
1600 3797 1750 3854 nostrae

250 3903 463 3978 Pontificiae
492 3902 734 4002 benignitatis
762 3904 978 3980 testimonio
1006 3905 1098 3999 ipsis
1128 3903 1339 3978 Causarum
1378 3903 1507 3978 Palatii
1541 3902 1751 4001 Apostolici

249 4026 499 4102 Auditoribus
527 4028 763 4124 profuturum
792 4029 1080 4104 deduceremus.
1110 4029 1167 4104 Ac
1195 4028 1355 4125 primum
1383 4029 1537 4126 quidem
1559 4031 1660 4104 serio
1678 4031 1751 4102 ani-

249 4152 517 4228 madvertimus
547 4153 695 4228 Literas
723 4179 793 4250 pro
820 4154 1012 4228 antedicta
1041 4154 1222 4229 Roccheti
1241 4155 1486 4230 concessione
1505 4155 1616 4230 datas
1636 4155 1751 4230 luisse
1828 4177 1829 4198 ¹

249 4277 493 4373 apraedicto
532 4278 759 4364 Innocentio,
798 4279 872 4376 qui,
912 4277 1002 4352 dum
1040 4280 1075 4351 in
1111 4279 1316 4352 minoribus
1353 4292 1470 4365 esset,
1499 4303 1568 4375 per
1603 4278 1750 4378 viginti-

231 4401 416 4498 quinque
444 4427 563 4477 annos
591 4429 728 4478 munus
757 4401 980 4500 Cappellani
1008 4403 1205 4478 Auditoris
1232 4403 1445 4478 huiusmodi
1484 4429 1632 4479 summa
1669 4430 1749 4478 cum

250 4525 361 4600 laude
388 4527 616 4624 expleverat.
648 4527 795 4602 Deinde
814 4550 905 4602 vero
923 4528 1079 4602 easdem
1099 4527 1246 4601 Literas
1265 4543 1343 4602 tarn
1362 4528 1611 4625 apertissimis
1629 4529 1750 4602 verbis

251 4669 454 4746 conceptas
482 4677 569 4726 esse
597 4651 815 4748 reperimus,
846 4667 887 4726 ut
914 4649 1001 4726 nihil
1030 4653 1171 4749 magis,
1200 4653 1374 4726 omnibus
1402 4653 1501 4727 enim
1529 4667 1569 4726 et
1595 4652 1750 4749 singulis

253 4773 494 4871 Cappellanis
521 4776 783 4862 Auditoribus,
814 4792 901 4850 tunc
928 4792 969 4850 et
996 4800 1065 4874 pro
1094 4792 1266 4874 tempore
1286 4791 1472 4873 perpetuo
1490 4777 1747 4854 existentibus.

251 4899 354 4993 quod
382 4899 418 4970 in
446 4899 641 4993 quibusvis
671 4898 845 4973 Conciliis
872 4901 987 4974 etiam
1016 4899 1312 4988 Universalibus,
1350 4901 1628 5000 congressibus,
1665 4925 1750 4975 con·

251 5023 549 5119 gregationibus,
579 5024 834 5112 conventibus,
866 5026 1108 5112 sessionibus,
1139 5025 1454 5121 processionibus,
1475 5027 1637 5122 pompis,
1666 5049 1749 5098 con-

252 5145 352 5232 ciliis,
385 5147 645 5232 functionibus,
675 5148 853 5246 negociis,
884 5149 1121 5245 coeterisque
1148 5149 1295 5226 actibus
1322 5150 1480 5246 publicis
1514 5166 1554 5223 et
1586 5149 1747 5246 privatis,
1826 5139 1827 5172 ⁴

253 5269 464 5359 Pontificiis,
494 5273 760 5369 Imperialibus,
793 5273 934 5372 Regiis,
957 5273 1224 5348 Cardinalatus
1249 5299 1294 5348 ac
1309 5297 1632 5371 quorumcumque
1652 5272 1749 5348 Prin·
