3718 5918
557 317 640 378 Sede
659 321 799 378 vacante
818 350 831 360 -
851 317 1045 378 Innocentio
1062 317 1118 377 XI

783 669 875 748 324.

96 831 129 906 T
124 831 273 904 erminis
298 831 456 905 servatos
482 832 593 930 Papa
620 832 742 907 adhuc
772 834 920 916 vivente.
950 832 1038 908 bono
1065 833 1147 907 inre
1168 832 1411 930 Congregatio
1437 830 1581 931 expedi·

163 955 270 1028 teonis
296 981 495 1030 causarum
519 955 631 1046 fiebat
655 967 806 1032 vacante
832 956 935 1034 Sede.
1033 955 1037 966 ’

164 1110 276 1183 (Arcen.
295 1108 382 1185 Ron,
406 1108 597 1171 ‹Dcurtum
615 1111 727 1172 Iacobc'
742 1111 884 1172 Emerix
895 1113 931 1183 »t

581 1307 742 1382 Veneris
773 1331 817 1401 31
851 1306 930 1382 Iulii
964 1313 1075 1401 1676.

162 1488 222 1560 97.
255 1466 342 1542 Fuit
369 1468 497 1542 habita
534 1467 644 1543 solita
672 1468 933 1568 Congregatio
967 1466 1218 1565 expeditionis
1256 1491 1465 1553 causarum,
1494 1464 1581 1541 licet

88 1607 233 1666 vacaret
250 1592 375 1667 Sedes
393 1617 462 1690 per
479 1593 623 1668 obitum
651 1619 681 1668 s.
703 1619 751 1669 m.
773 1591 981 1668 Clementis
1001 1591 1039 1665 X
1058 1595 1122 1692 qui
1149 1593 1295 1667 obierat
1320 1591 1381 1666 die
1405 1616 1450 1666 22
1481 1591 1581 1666 eius-

36 1795 39 1802 ,
86 1713 166 1790 dem
194 1719 346 1804 mensis,
371 1735 412 1792 et
439 1717 522 1805 hoc,
541 1735 692 1792 maturo
720 1718 849 1795 habito
877 1717 1044 1808 consilio,
1066 1715 1284 1792 conclusum
1311 1717 1379 1791 suit
1405 1715 1581 1814 exemplo

85 1843 162 1916 eius
188 1842 294 1939 quod
320 1844 615 1918 observaverant
643 1843 809 1918 Maiores
837 1842 956 1919 nostri
985 1859 1155 1941 tempore
1184 1841 1296 1916 Sedis
1321 1841 1489 1916 vacantis
1512 1865 1581 1938 per

85 1966 222 2040 obitum
242 1967 420 2065 Gregorii
440 1965 514 2040 XV
533 1968 598 2065 qui
616 1967 757 2066 pariter
774 1968 933 2043 eandem
950 1963 1298 2067 Congregationem
1313 1967 1525 2042 fecerant...
1541 1981 1582 2040 et

86 2091 232 2188 quidem
251 2093 351 2167 bone
371 2092 527 2178 ratione,
543 2094 631 2188 quia
649 2093 797 2168 termini
816 2091 965 2167 fuerant
982 2092 1120 2166 servati
1140 2092 1242 2190 Papa
1268 2091 1391 2166 adhuc
1417 2089 1577 2180 vivente,

86 2231 122 2291 et
146 2234 253 2293 actus
283 2218 545 2294 retrotrahitur
572 2219 621 2294 ad
649 2218 747 2292 diem
777 2218 923 2292 termini
951 2217 1153 2294 servati...

785 2551 875 2632 325.

84 2709 216 2786 Electz'o
229 2712 436 2790 Innocentr'i
451 2713 497 2788 X
495 2713 525 2787 I
530 2723 566 2787 et
576 2714 776 2814 assumptio
793 2715 833 2789 in
848 2712 1068 2789 Auditornn
1083 2711 1203 2801 sset,
1219 2713 1371 2788 Ioannis
1384 2711 1579 2816 Baptistae

159 2835 220 2909 Dc
247 2839 363 2925 Luca,
393 2838 433 2912 in
464 2837 580 2912 Currit
608 2837 801 2914 Advocati.

157 2993 275 3064 (Auen
293 2992 381 3068 Ror.¹
405 2991 596 3054 ‹Dr‘artum
623 2993 827 3054 Vr'cecomr'tts
840 2994 876 3066 ι).

609 3217 654 3267 21
679 3191 912 3290 Septembris
938 3197 1048 3287 1676.

158 3349 323 3428 creatus
349 3350 419 3428 tuit
447 3352 548 3450 Papa
580 3350 694 3427 Card.
725 3350 953 3426 Benedictus
981 3350 1215 3426 Odescalcus
1252 3353 1316 3448 qui
1343 3352 1412 3427 sibi
1440 3376 1577 3428 nomen

82 3472 257 3572 imposuit
285 3477 490 3554 Innocentii
517 3475 583 3552 XI.
614 3475 836 3573 Assumpsit
872 3476 908 3550 in
942 3474 1183 3574 principalem
1212 3477 1420 3550 ministrum
1451 3475 1579 3551 Cardi-

82 3599 201 3676 nalem
231 3600 338 3687 Cibo,
358 3610 394 3676 et
417 3603 458 3675 in
476 3601 694 3676 Auditorem
714 3600 768 3676 D.
790 3601 963 3676 Ioannem
981 3600 1194 3701 Baptrstom
1220 3601 1283 3674 De
1310 3601 1426 3688 Luca,
1446 3604 1487 3676 in
1509 3601 1579 3677 hac

85 3723 198 3802 Curat
224 3727 452 3804 advocatum.

782 3967 872 4048 326.

318 4133 416 4205 Rota
441 4132 688 4206 vacationibus
714 4131 882 4229 indulget
902 4144 973 4231 per
999 4157 1153 4206 mensem
1179 4133 1339 4209 octobris.

159 4285 275 4354 (Aecae
294 4283 382 4360 Rom,
405 4285 594 4346 «Dianium
621 4285 824 4347 Vicecomttr's
836 4288 871 4360 ι).

155 4487 260 4562 Toto
289 4511 420 4562 mense
449 4487 626 4563 Octobris
651 4485 788 4592 (1676)
821 4489 967 4563 vacavit
995 4487 1096 4562 Rota
1123 4489 1171 4564 de
1199 4513 1314 4578 more,
1349 4489 1436 4564 licet
1468 4489 1578 4565 suerit

76 4627 210 4708 aperta
238 4613 299 4688 die
327 4613 497 4696 Veneris,
526 4637 545 4686 2
576 4611 745 4688 eiusdem
774 4613 925 4702 mensis,
955 4627 994 4686 et
1031 4613 1162 4688 Patres
1199 4613 1258 4689 vel
1286 4614 1453 4688 rusticari
1489 4631 1578 4689 sunt

77 4736 134 4810 vel
154 4737 186 4812 si
205 4739 273 4834 qui
291 4750 549 4812 convenerunt
568 4737 604 4810 in
630 4737 730 4812 Rota
752 4761 884 4812 eorum
904 4761 1081 4812 numerus
1114 4737 1302 4812 sufficiens
1331 4763 1403 4812 non
1433 4738 1502 4813 fuit
1527 4739 1577 4812 ad

78 4861 374 4962 suffragandum.
