<?xml version="1.0" encoding="UTF-8"?>
<!DOCTYPE html PUBLIC "-//W3C//DTD XHTML 1.0 Transitional//EN"
    "http://www.w3.org/TR/xhtml1/DTD/xhtml1-transitional.dtd">
<html xmlns="http://www.w3.org/1999/xhtml" xml:lang="en" lang="en">
 <head>
  <title>
</title>
<meta http-equiv="Content-Type" content="text/html;charset=utf-8" />
  <meta name='ocr-system' content='tesseract 3.04.00' />
  <meta name='ocr-capabilities' content='ocr_page ocr_carea ocr_par ocr_line ocrx_word'/>
</head>
<body>
  <div class='ocr_page' id='page_1' title='image "./capellanipapaee00cercgoog_0209.png"; bbox 0 0 3720 5914; ppageno 0'>
   <div class='ocr_carea' id='block_1_1' title="bbox 769 313 1624 392">
    <p class='ocr_par' dir='ltr' id='par_1_1' title="bbox 769 313 1624 392">
     <span class='ocr_line' id='line_1_1' title="bbox 769 313 1624 392; baseline 0.002 -2"><span class='ocrx_word' id='word_1_1' title='bbox 769 325 893 392; x_wconf 66' lang='lat' dir='ltr'><em>Pausi</em></span> <span class='ocrx_word' id='word_1_2' title='bbox 1561 313 1624 392; x_wconf 77' lang='lat'>165‘</span> 
     </span>
    </p>
   </div>
   <div class='ocr_carea' id='block_1_2' title="bbox 100 524 1613 994">
    <p class='ocr_par' dir='ltr' id='par_1_2' title="bbox 100 524 1613 872">
     <span class='ocr_line' id='line_1_2' title="bbox 101 524 1610 621; baseline 0.002 -25"><span class='ocrx_word' id='word_1_3' title='bbox 101 539 217 598; x_wconf 89' lang='lat' dir='ltr'><em>etant</em></span> <span class='ocrx_word' id='word_1_4' title='bbox 240 541 280 598; x_wconf 89' lang='lat' dir='ltr'><em>et</em></span> <span class='ocrx_word' id='word_1_5' title='bbox 299 549 370 620; x_wconf 93' lang='lat' dir='ltr'><em>pro</em></span> <span class='ocrx_word' id='word_1_6' title='bbox 388 541 561 621; x_wconf 90' lang='lat' dir='ltr'><em>tempore</em></span> <span class='ocrx_word' id='word_1_7' title='bbox 579 527 834 620; x_wconf 86' lang='lat' dir='ltr'><em>expectabunt</em></span> <span class='ocrx_word' id='word_1_8' title='bbox 838 581 1125 610; x_wconf 88' lang='lat'><strong>........</strong></span> <span class='ocrx_word' id='word_1_9' title='bbox 1157 524 1244 599; x_wconf 92' lang='lat' dir='ltr'><em>nulli</em></span> <span class='ocrx_word' id='word_1_10' title='bbox 1271 525 1332 598; x_wconf 92' lang='lat' dir='ltr'><em>alii</em></span> <span class='ocrx_word' id='word_1_11' title='bbox 1362 581 1610 614; x_wconf 91' lang='lat'><strong>.......</strong></span> 
     </span>
     <span class='ocr_line' id='line_1_3' title="bbox 100 648 1613 725; baseline 0.001 -3"><span class='ocrx_word' id='word_1_12' title='bbox 100 648 388 724; x_wconf 88' lang='lat' dir='ltr'><em>venerabilibus</em></span> <span class='ocrx_word' id='word_1_13' title='bbox 406 650 582 724; x_wconf 86' lang='lat' dir='ltr'><em>iratribus</em></span> <span class='ocrx_word' id='word_1_14' title='bbox 612 650 751 724; x_wconf 90' lang='lat' dir='ltr'><em>nostris</em></span> <span class='ocrx_word' id='word_1_15' title='bbox 779 677 809 725; x_wconf 91' lang='lat' dir='ltr'><em>s.</em></span> <span class='ocrx_word' id='word_1_16' title='bbox 831 650 1001 724; x_wconf 87' lang='lat' dir='ltr'>Romane</span> <span class='ocrx_word' id='word_1_17' title='bbox 1030 649 1186 724; x_wconf 84' lang='lat' dir='ltr'>ecclesie</span> <span class='ocrx_word' id='word_1_18' title='bbox 1215 649 1477 724; x_wconf 89' lang='lat' dir='ltr'><em>Cardinalibus</em></span> <span class='ocrx_word' id='word_1_19' title='bbox 1505 651 1613 724; x_wconf 92' lang='lat' dir='ltr'><em>dum-</em></span> 
     </span>
     <span class='ocr_line' id='line_1_4' title="bbox 102 775 1370 872; baseline 0.002 -26"><span class='ocrx_word' id='word_1_20' title='bbox 102 789 218 848; x_wconf 85' lang='lat' dir='ltr'><strong>taxat</strong></span> <span class='ocrx_word' id='word_1_21' title='bbox 245 775 426 870; x_wconf 89' lang='lat' dir='ltr'><em>exceptis,</em></span> <span class='ocrx_word' id='word_1_22' title='bbox 458 775 548 872; x_wconf 89' lang='lat' dir='ltr'><em>ipsis</em></span> <span class='ocrx_word' id='word_1_23' title='bbox 577 776 824 850; x_wconf 87' lang='lat' dir='ltr'><em>Auditoribus</em></span> <span class='ocrx_word' id='word_1_24' title='bbox 851 775 1091 871; x_wconf 80' lang='lat' dir='ltr'><strong>preferantur</strong></span> <span class='ocrx_word' id='word_1_25' title='bbox 1121 831 1370 851; x_wconf 90' lang='grc'><strong>.......</strong></span> 
     </span>
    </p>

    <p class='ocr_par' dir='ltr' id='par_1_3' title="bbox 196 885 1612 994">
     <span class='ocr_line' id='line_1_5' title="bbox 196 885 1612 994; baseline 0.004 -25"><span class='ocrx_word' id='word_1_26' title='bbox 196 895 340 970; x_wconf 90' lang='lat' dir='ltr'><em>Datum</em></span> <span class='ocrx_word' id='word_1_27' title='bbox 369 896 501 983; x_wconf 86' lang='lat' dir='ltr'>Rome,</span> <span class='ocrx_word' id='word_1_28' title='bbox 532 895 649 994; x_wconf 87' lang='lat' dir='ltr'>Apud</span> <span class='ocrx_word' id='word_1_29' title='bbox 676 897 855 972; x_wconf 89' lang='lat' dir='ltr'><em>Sanctum</em></span> <span class='ocrx_word' id='word_1_30' title='bbox 884 914 1045 994; x_wconf 87' lang='lat' dir='ltr'><em>petrum,</em></span> <span class='ocrx_word' id='word_1_31' title='bbox 1077 885 1126 974; x_wconf 73' lang='lat' dir='ltr'><em>il.</em></span> <span class='ocrx_word' id='word_1_32' title='bbox 1158 899 1281 984; x_wconf 82' lang='lat' dir='ltr'><em>Febr,</em></span> <span class='ocrx_word' id='word_1_33' title='bbox 1311 901 1425 974; x_wconf 87' lang='lat' dir='ltr'><em>Anno</em></span> <span class='ocrx_word' id='word_1_34' title='bbox 1458 899 1612 992; x_wconf 80' lang='lat' dir='ltr'><em>Quinto,</em></span> 
     </span>
    </p>
   </div>
   <div class='ocr_carea' id='block_1_3' title="bbox 831 1233 896 1312">
    <p class='ocr_par' dir='ltr' id='par_1_4' title="bbox 831 1233 896 1312">
     <span class='ocr_line' id='line_1_6' title="bbox 831 1233 896 1312; baseline 0 -1"><span class='ocrx_word' id='word_1_35' title='bbox 831 1233 896 1312; x_wconf 86' lang='lat'><em>97.</em></span> 
     </span>
    </p>
   </div>
   <div class='ocr_carea' id='block_1_4' title="bbox 107 1394 1617 1994">
    <p class='ocr_par' dir='ltr' id='par_1_5' title="bbox 107 1394 1617 1994">
     <span class='ocr_line' id='line_1_7' title="bbox 107 1394 1614 1472; baseline 0.001 -4"><span class='ocrx_word' id='word_1_36' title='bbox 107 1394 209 1468; x_wconf 79' lang='lat' dir='ltr'><em>Pius</em></span> <span class='ocrx_word' id='word_1_37' title='bbox 237 1395 290 1469; x_wconf 91' lang='lat' dir='ltr'><em>II</em></span> <span class='ocrx_word' id='word_1_38' title='bbox 308 1394 510 1468; x_wconf 77' lang='lat' dir='ltr'><em>Auditores</em></span> <span class='ocrx_word' id='word_1_39' title='bbox 538 1395 656 1470; x_wconf 78' lang='lat' dir='ltr'><em>Rotas</em></span> <span class='ocrx_word' id='word_1_40' title='bbox 688 1395 821 1468; x_wconf 69' lang='lat' dir='ltr'><em>anuuit</em></span> <span class='ocrx_word' id='word_1_41' title='bbox 852 1422 877 1468; x_wconf 91' lang='lat' dir='ltr'><em>a</em></span> <span class='ocrx_word' id='word_1_42' title='bbox 904 1397 1121 1471; x_wconf 77' lang='lat' dir='ltr'><em>correctione</em></span> <span class='ocrx_word' id='word_1_43' title='bbox 1148 1407 1184 1470; x_wconf 83' lang='lat' dir='ltr'><em>et</em></span> <span class='ocrx_word' id='word_1_44' title='bbox 1214 1397 1463 1472; x_wconf 73' lang='lat' dir='ltr'><em>zura&#39;sdr&#39;cltbns</em></span> <span class='ocrx_word' id='word_1_45' title='bbox 1490 1397 1614 1472; x_wconf 86' lang='lat' dir='ltr'><em>Audi-</em></span> 
     </span>
     <span class='ocr_line' id='line_1_8' title="bbox 192 1518 1615 1606; baseline 0.003 -16"><span class='ocrx_word' id='word_1_46' title='bbox 192 1520 286 1594; x_wconf 83' lang='lat' dir='ltr'><em>toris</em></span> <span class='ocrx_word' id='word_1_47' title='bbox 316 1518 511 1593; x_wconf 80' lang='lat' dir='ltr'><em>Generalis</em></span> <span class='ocrx_word' id='word_1_48' title='bbox 532 1518 717 1606; x_wconf 80' lang='lat' dir='ltr'><em>Camaraa,</em></span> <span class='ocrx_word' id='word_1_49' title='bbox 738 1519 801 1592; x_wconf 87' lang='lat' dir='ltr'><em>cui</em></span> <span class='ocrx_word' id='word_1_50' title='bbox 814 1520 853 1592; x_wconf 92' lang='lat' dir='ltr'><em>in</em></span> <span class='ocrx_word' id='word_1_51' title='bbox 872 1521 1127 1595; x_wconf 79' lang='lat' dir='ltr'><em>criminalibus</em></span> <span class='ocrx_word' id='word_1_52' title='bbox 1142 1523 1253 1596; x_wconf 78' lang='lat' dir='ltr'><em>caleri</em></span> <span class='ocrx_word' id='word_1_53' title='bbox 1266 1547 1388 1595; x_wconf 80' lang='lat' dir='ltr'><em>omnes</em></span> <span class='ocrx_word' id='word_1_54' title='bbox 1406 1521 1455 1596; x_wconf 88' lang='lat' dir='ltr'><em>R.</em></span> <span class='ocrx_word' id='word_1_55' title='bbox 1480 1520 1615 1596; x_wconf 75' lang='lat' dir='ltr'><em>Curiae</em></span> 
     </span>
     <span class='ocr_line' id='line_1_9' title="bbox 193 1643 1615 1745; baseline 0.001 -27"><span class='ocrx_word' id='word_1_56' title='bbox 193 1643 367 1740; x_wconf 78' lang='lat' dir='ltr'><em>officiizlas</em></span> <span class='ocrx_word' id='word_1_57' title='bbox 392 1655 427 1718; x_wconf 80' lang='lat' dir='ltr'><em>at</em></span> <span class='ocrx_word' id='word_1_58' title='bbox 452 1644 524 1718; x_wconf 88' lang='lat' dir='ltr'><em>alii</em></span> <span class='ocrx_word' id='word_1_59' title='bbox 557 1643 751 1718; x_wconf 83' lang='lat' dir='ltr'><em>Curtisani</em></span> <span class='ocrx_word' id='word_1_60' title='bbox 783 1645 1038 1734; x_wconf 82' lang='lat' dir='ltr'><em>subdebantur,</em></span> <span class='ocrx_word' id='word_1_61' title='bbox 1069 1647 1302 1744; x_wconf 80' lang='lat' dir='ltr'><em>declaratque</em></span> <span class='ocrx_word' id='word_1_62' title='bbox 1335 1672 1360 1721; x_wconf 90' lang='lat' dir='ltr'><em>a</em></span> <span class='ocrx_word' id='word_1_63' title='bbox 1395 1648 1469 1720; x_wconf 88' lang='lat' dir='ltr'><em>solo</em></span> <span class='ocrx_word' id='word_1_64' title='bbox 1505 1647 1615 1745; x_wconf 84' lang='lat' dir='ltr'><em>Papa</em></span> 
     </span>
     <span class='ocr_line' id='line_1_10' title="bbox 192 1770 1617 1873; baseline 0.002 -30"><span class='ocrx_word' id='word_1_65' title='bbox 192 1779 323 1843; x_wconf 76' lang='lat' dir='ltr'><em>tantm</em></span> <span class='ocrx_word' id='word_1_66' title='bbox 350 1770 553 1844; x_wconf 78' lang='lat' dir='ltr'><em>Auditms</em></span> <span class='ocrx_word' id='word_1_67' title='bbox 571 1771 735 1870; x_wconf 74' lang='lat' dir='ltr'><em>procedi,</em></span> <span class='ocrx_word' id='word_1_68' title='bbox 755 1770 903 1870; x_wconf 83' lang='lat' dir='ltr'><em>inquiri</em></span> <span class='ocrx_word' id='word_1_69' title='bbox 924 1798 969 1846; x_wconf 89' lang='lat' dir='ltr'><em>ac</em></span> <span class='ocrx_word' id='word_1_70' title='bbox 994 1772 1161 1847; x_wconf 79' lang='lat' dir='ltr'><em>tuclz&#39;cnri</em></span> <span class='ocrx_word' id='word_1_71' title='bbox 1179 1789 1214 1847; x_wconf 81' lang='lat' dir='ltr'><em>at</em></span> <span class='ocrx_word' id='word_1_72' title='bbox 1229 1774 1447 1848; x_wconf 70' lang='lat' dir='ltr'><em>renuntiari</em></span> <span class='ocrx_word' id='word_1_73' title='bbox 1453 1773 1617 1873; x_wconf 72' lang='lat' dir='ltr'><em>poluisse</em></span> 
     </span>
     <span class='ocr_line' id='line_1_11' title="bbox 192 1907 393 1994; baseline 0.015 -26"><span class='ocrx_word' id='word_1_74' title='bbox 192 1920 256 1970; x_wconf 81' lang='lat' dir='ltr'><em>seu</em></span> <span class='ocrx_word' id='word_1_75' title='bbox 276 1907 393 1994; x_wconf 80' lang='lat' dir='ltr'><em>possa.</em></span> 
     </span>
    </p>
   </div>
   <div class='ocr_carea' id='block_1_5' title="bbox 192 2051 1616 2275">
    <p class='ocr_par' dir='ltr' id='par_1_6' title="bbox 192 2051 1616 2275">
     <span class='ocr_line' id='line_1_12' title="bbox 192 2051 1190 2127; baseline 0.001 -17"><span class='ocrx_word' id='word_1_76' title='bbox 192 2051 316 2121; x_wconf 75' lang='lat' dir='ltr'><em>(Auen.</em></span> <span class='ocrx_word' id='word_1_77' title='bbox 335 2051 422 2125; x_wconf 73' lang='lat' dir='ltr'><em>Ror,</em></span> <span class='ocrx_word' id='word_1_78' title='bbox 446 2051 664 2126; x_wconf 76' lang='lat' dir='ltr'><em>«Privilegea</em></span> <span class='ocrx_word' id='word_1_79' title='bbox 676 2075 704 2124; x_wconf 75' lang='grc' dir='ltr'><em>ι,</em></span> <span class='ocrx_word' id='word_1_80' title='bbox 723 2057 799 2111; x_wconf 86' lang='lat' dir='ltr'><em>tom.</em></span> <span class='ocrx_word' id='word_1_81' title='bbox 817 2051 845 2124; x_wconf 81' lang='grc' dir='ltr'><em>Ι,</em></span> <span class='ocrx_word' id='word_1_82' title='bbox 860 2057 949 2127; x_wconf 86' lang='lat' dir='ltr'><em>part.</em></span> <span class='ocrx_word' id='word_1_83' title='bbox 968 2052 997 2124; x_wconf 88' lang='lat' dir='ltr'><em>I,</em></span> <span class='ocrx_word' id='word_1_84' title='bbox 1015 2069 1046 2110; x_wconf 90' lang='lat' dir='ltr'><em>n.</em></span> <span class='ocrx_word' id='word_1_85' title='bbox 1066 2051 1190 2125; x_wconf 83' lang='lat' dir='ltr'><em>XVII).</em></span> 
     </span>
     <span class='ocr_line' id='line_1_13' title="bbox 1433 2213 1616 2275; baseline -0.005 0"><span class='ocrx_word' id='word_1_86' title='bbox 1433 2213 1512 2275; x_wconf 90' lang='lat' dir='ltr'><em>Sine</em></span> <span class='ocrx_word' id='word_1_87' title='bbox 1529 2215 1616 2275; x_wconf 85' lang='lat' dir='ltr'><em>data.</em></span> 
     </span>
    </p>
   </div>
   <div class='ocr_carea' id='block_1_6' title="bbox 111 2376 1619 2864">
    <p class='ocr_par' dir='ltr' id='par_1_7' title="bbox 111 2376 1619 2864">
     <span class='ocr_line' id='line_1_14' title="bbox 196 2376 1619 2477; baseline 0.001 -24"><span class='ocrx_word' id='word_1_88' title='bbox 196 2380 354 2454; x_wconf 91' lang='lat' dir='ltr'><strong>Dudum</strong></span> <span class='ocrx_word' id='word_1_89' title='bbox 392 2379 589 2475; x_wconf 83' lang='lat' dir='ltr'><em>siquidem,</em></span> <span class='ocrx_word' id='word_1_90' title='bbox 622 2379 719 2453; x_wconf 90' lang='lat' dir='ltr'><em>inter</em></span> <span class='ocrx_word' id='word_1_91' title='bbox 752 2376 834 2466; x_wconf 88' lang='lat' dir='ltr'><em>alia,</em></span> <span class='ocrx_word' id='word_1_92' title='bbox 864 2379 1103 2477; x_wconf 88' lang='lat' dir='ltr'><em>Motuprorio</em></span> <span class='ocrx_word' id='word_1_93' title='bbox 1139 2380 1275 2455; x_wconf 91' lang='lat' dir='ltr'><em>dilecto</em></span> <span class='ocrx_word' id='word_1_94' title='bbox 1303 2379 1377 2456; x_wconf 90' lang='lat' dir='ltr'><em>filio</em></span> <span class='ocrx_word' id='word_1_95' title='bbox 1405 2380 1543 2476; x_wconf 90' lang='lat' dir='ltr'><em>Jacobo</em></span> <span class='ocrx_word' id='word_1_96' title='bbox 1571 2381 1619 2455; x_wconf 90' lang='lat' dir='ltr'><em>de</em></span> 
     </span>
     <span class='ocr_line' id='line_1_15' title="bbox 111 2503 1618 2602; baseline 0.001 -23"><span class='ocrx_word' id='word_1_97' title='bbox 111 2503 353 2587; x_wconf 89' lang='lat' dir='ltr'><em>Muciarellis,</em></span> <span class='ocrx_word' id='word_1_98' title='bbox 383 2503 605 2600; x_wconf 86' lang='lat' dir='ltr'><strong>cappellano</strong></span> <span class='ocrx_word' id='word_1_99' title='bbox 633 2519 765 2578; x_wconf 89' lang='lat' dir='ltr'><em>nostro</em></span> <span class='ocrx_word' id='word_1_100' title='bbox 800 2521 839 2578; x_wconf 93' lang='lat' dir='ltr'><em>et</em></span> <span class='ocrx_word' id='word_1_101' title='bbox 877 2529 1073 2580; x_wconf 86' lang='lat' dir='ltr'><em>causarum</em></span> <span class='ocrx_word' id='word_1_102' title='bbox 1101 2506 1202 2580; x_wconf 88' lang='lat' dir='ltr'><em>curie</em></span> <span class='ocrx_word' id='word_1_103' title='bbox 1234 2529 1381 2580; x_wconf 85' lang='lat' dir='ltr'><em>camere</em></span> <span class='ocrx_word' id='word_1_104' title='bbox 1408 2508 1618 2602; x_wconf 88' lang='lat' dir='ltr'><em>apostolice</em></span> 
     </span>
     <span class='ocr_line' id='line_1_16' title="bbox 111 2628 1619 2731; baseline 0.001 -27"><span class='ocrx_word' id='word_1_105' title='bbox 111 2630 282 2731; x_wconf 90' lang='lat' dir='ltr'><em>generali</em></span> <span class='ocrx_word' id='word_1_106' title='bbox 319 2629 505 2716; x_wconf 87' lang='lat' dir='ltr'><em>Auditori,</em></span> <span class='ocrx_word' id='word_1_107' title='bbox 549 2629 597 2702; x_wconf 93' lang='lat' dir='ltr'><em>de</em></span> <span class='ocrx_word' id='word_1_108' title='bbox 639 2628 813 2704; x_wconf 89' lang='lat' dir='ltr'><em>omnibus</em></span> <span class='ocrx_word' id='word_1_109' title='bbox 854 2645 894 2703; x_wconf 90' lang='lat' dir='ltr'><em>et</em></span> <span class='ocrx_word' id='word_1_110' title='bbox 934 2628 1090 2729; x_wconf 90' lang='lat' dir='ltr'><em>singulis</em></span> <span class='ocrx_word' id='word_1_111' title='bbox 1131 2631 1354 2720; x_wconf 87' lang='lat' dir='ltr'><em>criminibus,</em></span> <span class='ocrx_word' id='word_1_112' title='bbox 1398 2631 1619 2706; x_wconf 87' lang='lat' dir='ltr'><em>excessibus</em></span> 
     </span>
     <span class='ocr_line' id='line_1_17' title="bbox 112 2753 1616 2864; baseline 0.001 -34"><span class='ocrx_word' id='word_1_113' title='bbox 112 2773 152 2830; x_wconf 94' lang='lat' dir='ltr'><em>et</em></span> <span class='ocrx_word' id='word_1_114' title='bbox 182 2754 326 2830; x_wconf 89' lang='lat' dir='ltr'><em>delictis</em></span> <span class='ocrx_word' id='word_1_115' title='bbox 355 2756 393 2828; x_wconf 95' lang='lat' dir='ltr'><em>in</em></span> <span class='ocrx_word' id='word_1_116' title='bbox 429 2753 530 2826; x_wconf 89' lang='lat' dir='ltr'><em>curia</em></span> <span class='ocrx_word' id='word_1_117' title='bbox 558 2753 741 2840; x_wconf 89' lang='lat' dir='ltr'><em>Romana,</em></span> <span class='ocrx_word' id='word_1_118' title='bbox 772 2754 831 2828; x_wconf 92' lang='lat' dir='ltr'><em>vel</em></span> <span class='ocrx_word' id='word_1_119' title='bbox 860 2768 968 2828; x_wconf 91' lang='lat' dir='ltr'><em>extra</em></span> <span class='ocrx_word' id='word_1_120' title='bbox 1003 2778 1100 2842; x_wconf 89' lang='lat' dir='ltr'><em>eam,</em></span> <span class='ocrx_word' id='word_1_121' title='bbox 1138 2781 1208 2852; x_wconf 90' lang='lat' dir='ltr'><em>per</em></span> <span class='ocrx_word' id='word_1_122' title='bbox 1241 2781 1501 2854; x_wconf 90' lang='lat' dir='ltr'><em>quoscumque</em></span> <span class='ocrx_word' id='word_1_123' title='bbox 1539 2772 1616 2864; x_wconf 89' lang='lat' dir='ltr'><em>tam</em></span> 
     </span>
    </p>
   </div>
   <div class='ocr_carea' id='block_1_7' title="bbox 113 2877 1622 5476">
    <p class='ocr_par' dir='ltr' id='par_1_8' title="bbox 113 2877 1619 4729">
     <span class='ocr_line' id='line_1_18' title="bbox 113 2877 1618 2976; baseline 0 -20"><span class='ocrx_word' id='word_1_124' title='bbox 113 2879 293 2956; x_wconf 87' lang='lat' dir='ltr'><em>officiales</em></span> <span class='ocrx_word' id='word_1_125' title='bbox 326 2879 428 2954; x_wconf 90' lang='lat' dir='ltr'><em>sedis</em></span> <span class='ocrx_word' id='word_1_126' title='bbox 454 2877 662 2975; x_wconf 87' lang='lat' dir='ltr'><em>apostolice</em></span> <span class='ocrx_word' id='word_1_127' title='bbox 684 2903 796 2976; x_wconf 91' lang='lat' dir='ltr'><em>quam</em></span> <span class='ocrx_word' id='word_1_128' title='bbox 825 2877 921 2953; x_wconf 89' lang='lat' dir='ltr'><em>alios</em></span> <span class='ocrx_word' id='word_1_129' title='bbox 948 2879 1159 2954; x_wconf 89' lang='lat' dir='ltr'><em>curtisanos</em></span> <span class='ocrx_word' id='word_1_130' title='bbox 1188 2905 1254 2954; x_wconf 92' lang='lat' dir='ltr'><em>seu</em></span> <span class='ocrx_word' id='word_1_131' title='bbox 1283 2879 1455 2968; x_wconf 85' lang='lat' dir='ltr'><em>curiales,</em></span> <span class='ocrx_word' id='word_1_132' title='bbox 1477 2883 1618 2956; x_wconf 91' lang='lat' dir='ltr'><em>Roma·</em></span> 
     </span>
     <span class='ocr_line' id='line_1_19' title="bbox 114 3003 1618 3104; baseline 0 -24"><span class='ocrx_word' id='word_1_133' title='bbox 114 3031 202 3080; x_wconf 91' lang='lat' dir='ltr'><em>nam</em></span> <span class='ocrx_word' id='word_1_134' title='bbox 231 3003 369 3078; x_wconf 89' lang='lat' dir='ltr'><em>curiam</em></span> <span class='ocrx_word' id='word_1_135' title='bbox 390 3019 605 3101; x_wconf 89' lang='lat' dir='ltr'><strong>sequentes,</strong></span> <span class='ocrx_word' id='word_1_136' title='bbox 627 3005 893 3102; x_wconf 89' lang='lat' dir='ltr'><em>cuiuscumque</em></span> <span class='ocrx_word' id='word_1_137' title='bbox 912 3005 1117 3104; x_wconf 85' lang='lat' dir='ltr'><em>dignitatis,</em></span> <span class='ocrx_word' id='word_1_138' title='bbox 1137 3021 1270 3092; x_wconf 86' lang='lat' dir='ltr'><em>status,</em></span> <span class='ocrx_word' id='word_1_139' title='bbox 1300 3006 1454 3104; x_wconf 88' lang='lat' dir='ltr'><em>gradus,</em></span> <span class='ocrx_word' id='word_1_140' title='bbox 1477 3006 1618 3080; x_wconf 88' lang='lat' dir='ltr'><em>ordinis</em></span> 
     </span>
     <span class='ocr_line' id='line_1_20' title="bbox 114 3129 1618 3227; baseline 0 -23"><span class='ocrx_word' id='word_1_141' title='bbox 114 3131 174 3204; x_wconf 92' lang='lat' dir='ltr'><em>vel</em></span> <span class='ocrx_word' id='word_1_142' title='bbox 203 3129 425 3204; x_wconf 90' lang='lat' dir='ltr'><em>conditionis</em></span> <span class='ocrx_word' id='word_1_143' title='bbox 452 3129 666 3216; x_wconf 87' lang='lat' dir='ltr'><em>existerent,</em></span> <span class='ocrx_word' id='word_1_144' title='bbox 694 3154 854 3226; x_wconf 89' lang='lat' dir='ltr'><em>quorum</em></span> <span class='ocrx_word' id='word_1_145' title='bbox 873 3129 1066 3218; x_wconf 90' lang='lat' dir='ltr'><em>correctio,</em></span> <span class='ocrx_word' id='word_1_146' title='bbox 1089 3129 1233 3227; x_wconf 91' lang='lat' dir='ltr'><em>punitio</em></span> <span class='ocrx_word' id='word_1_147' title='bbox 1252 3147 1292 3204; x_wconf 92' lang='lat' dir='ltr'><em>et</em></span> <span class='ocrx_word' id='word_1_148' title='bbox 1310 3155 1507 3206; x_wconf 89' lang='lat' dir='ltr'><em>causarum</em></span> <span class='ocrx_word' id='word_1_149' title='bbox 1532 3155 1618 3205; x_wconf 91' lang='lat' dir='ltr'><em>sua-</em></span> 
     </span>
     <span class='ocr_line' id='line_1_21' title="bbox 114 3253 1618 3354; baseline 0.001 -25"><span class='ocrx_word' id='word_1_150' title='bbox 114 3282 197 3329; x_wconf 92' lang='lat' dir='ltr'><em>rum</em></span> <span class='ocrx_word' id='word_1_151' title='bbox 235 3253 401 3354; x_wconf 85' lang='lat' dir='ltr'><em>cognitio</em></span> <span class='ocrx_word' id='word_1_152' title='bbox 437 3255 487 3327; x_wconf 92' lang='lat' dir='ltr'><em>ad</em></span> <span class='ocrx_word' id='word_1_153' title='bbox 525 3255 768 3328; x_wconf 89' lang='lat' dir='ltr'><em>camerarium</em></span> <span class='ocrx_word' id='word_1_154' title='bbox 808 3270 978 3328; x_wconf 90' lang='lat' dir='ltr'><em>nostrum</em></span> <span class='ocrx_word' id='word_1_155' title='bbox 1007 3271 1047 3328; x_wconf 92' lang='lat' dir='ltr'><em>et</em></span> <span class='ocrx_word' id='word_1_156' title='bbox 1074 3253 1308 3343; x_wconf 88' lang='lat' dir='ltr'><em>Auditorem,</em></span> <span class='ocrx_word' id='word_1_157' title='bbox 1338 3281 1408 3352; x_wconf 89' lang='lat' dir='ltr'><em>pro</em></span> <span class='ocrx_word' id='word_1_158' title='bbox 1446 3273 1618 3354; x_wconf 90' lang='lat' dir='ltr'><em>tempore</em></span> 
     </span>
     <span class='ocr_line' id='line_1_22' title="bbox 114 3379 1618 3478; baseline -0.001 -22"><span class='ocrx_word' id='word_1_159' title='bbox 114 3381 334 3468; x_wconf 88' lang='lat' dir='ltr'><strong>existentes,</strong></span> <span class='ocrx_word' id='word_1_160' title='bbox 355 3379 544 3476; x_wconf 89' lang='lat' dir='ltr'><em>pertinere</em></span> <span class='ocrx_word' id='word_1_161' title='bbox 558 3379 898 3467; x_wconf 86' lang='lat' dir='ltr'><em>demonstrabatur,</em></span> <span class='ocrx_word' id='word_1_162' title='bbox 915 3381 1145 3477; x_wconf 85' lang='lat' dir='ltr'><em>perpetratis</em></span> <span class='ocrx_word' id='word_1_163' title='bbox 1160 3395 1199 3453; x_wconf 91' lang='lat' dir='ltr'><em>et</em></span> <span class='ocrx_word' id='word_1_164' title='bbox 1213 3381 1488 3478; x_wconf 87' lang='lat' dir='ltr'><em>perpetrandis,</em></span> <span class='ocrx_word' id='word_1_165' title='bbox 1505 3381 1618 3456; x_wconf 90' lang='lat' dir='ltr'><em>etiam</em></span> 
     </span>
     <span class='ocr_line' id='line_1_23' title="bbox 115 3504 1618 3605; baseline 0.001 -25"><span class='ocrx_word' id='word_1_166' title='bbox 115 3533 163 3580; x_wconf 90' lang='lat' dir='ltr'><em>ex</em></span> <span class='ocrx_word' id='word_1_167' title='bbox 196 3506 319 3580; x_wconf 87' lang='lat' dir='ltr'><em>officio</em></span> <span class='ocrx_word' id='word_1_168' title='bbox 354 3505 565 3602; x_wconf 89' lang='lat' dir='ltr'><em>inquirendi</em></span> <span class='ocrx_word' id='word_1_169' title='bbox 602 3521 641 3578; x_wconf 89' lang='lat' dir='ltr'><em>et</em></span> <span class='ocrx_word' id='word_1_170' title='bbox 678 3505 761 3600; x_wconf 93' lang='lat' dir='ltr'><em>ipsa</em></span> <span class='ocrx_word' id='word_1_171' title='bbox 795 3504 992 3602; x_wconf 91' lang='lat' dir='ltr'><em>puniendi:</em></span> <span class='ocrx_word' id='word_1_172' title='bbox 1027 3529 1173 3579; x_wconf 90' lang='lat' dir='ltr'><em>necnon</em></span> <span class='ocrx_word' id='word_1_173' title='bbox 1210 3530 1343 3580; x_wconf 90' lang='lat' dir='ltr'><em>omnes</em></span> <span class='ocrx_word' id='word_1_174' title='bbox 1374 3520 1414 3579; x_wconf 91' lang='lat' dir='ltr'><em>et</em></span> <span class='ocrx_word' id='word_1_175' title='bbox 1451 3506 1618 3605; x_wconf 87' lang='lat' dir='ltr'><em>singulas</em></span> 
     </span>
     <span class='ocr_line' id='line_1_24' title="bbox 116 3628 1617 3707; baseline 0.001 -4"><span class='ocrx_word' id='word_1_176' title='bbox 116 3631 231 3707; x_wconf 88' lang='lat' dir='ltr'><em>etiam</em></span> <span class='ocrx_word' id='word_1_177' title='bbox 270 3629 408 3704; x_wconf 90' lang='lat' dir='ltr'><em>Civiles</em></span> <span class='ocrx_word' id='word_1_178' title='bbox 440 3644 480 3704; x_wconf 91' lang='lat' dir='ltr'><em>et</em></span> <span class='ocrx_word' id='word_1_179' title='bbox 513 3628 733 3704; x_wconf 88' lang='lat' dir='ltr'><em>Criminales</em></span> <span class='ocrx_word' id='word_1_180' title='bbox 766 3653 901 3704; x_wconf 86' lang='lat' dir='ltr'><em>causas</em></span> <span class='ocrx_word' id='word_1_181' title='bbox 929 3629 1153 3704; x_wconf 91' lang='lat' dir='ltr'><em>coniunctim</em></span> <span class='ocrx_word' id='word_1_182' title='bbox 1182 3647 1220 3704; x_wconf 90' lang='lat' dir='ltr'><em>et</em></span> <span class='ocrx_word' id='word_1_183' title='bbox 1247 3630 1392 3705; x_wconf 90' lang='lat' dir='ltr'><em>divisim</em></span> <span class='ocrx_word' id='word_1_184' title='bbox 1421 3631 1457 3704; x_wconf 93' lang='lat' dir='ltr'><em>in</em></span> <span class='ocrx_word' id='word_1_185' title='bbox 1484 3631 1617 3704; x_wconf 88' lang='lat' dir='ltr'><em>eadem</em></span> 
     </span>
     <span class='ocr_line' id='line_1_25' title="bbox 117 3754 1619 3854; baseline -0.002 -24"><span class='ocrx_word' id='word_1_186' title='bbox 117 3755 228 3842; x_wconf 92' lang='lat' dir='ltr'><em>curia,</em></span> <span class='ocrx_word' id='word_1_187' title='bbox 259 3757 351 3829; x_wconf 86' lang='lat' dir='ltr'><em>citra</em></span> <span class='ocrx_word' id='word_1_188' title='bbox 388 3756 544 3829; x_wconf 90' lang='lat' dir='ltr'><em>membri</em></span> <span class='ocrx_word' id='word_1_189' title='bbox 580 3754 850 3828; x_wconf 85' lang='lat' dir='ltr'><em>mutilationem</em></span> <span class='ocrx_word' id='word_1_190' title='bbox 883 3770 950 3828; x_wconf 92' lang='lat' dir='ltr'><em>aut</em></span> <span class='ocrx_word' id='word_1_191' title='bbox 986 3755 1178 3854; x_wconf 87' lang='lat' dir='ltr'><em>sanguinis</em></span> <span class='ocrx_word' id='word_1_192' title='bbox 1206 3755 1424 3830; x_wconf 82' lang='lat' dir='ltr'><em>effusionem</em></span> <span class='ocrx_word' id='word_1_193' title='bbox 1461 3773 1500 3830; x_wconf 90' lang='lat' dir='ltr'><em>et</em></span> <span class='ocrx_word' id='word_1_194' title='bbox 1536 3779 1619 3832; x_wconf 91' lang='lat' dir='ltr'><em>con·</em></span> 
     </span>
     <span class='ocr_line' id='line_1_26' title="bbox 118 3877 1619 3977; baseline -0.001 -21"><span class='ocrx_word' id='word_1_195' title='bbox 118 3881 406 3967; x_wconf 89' lang='lat' dir='ltr'><em>demnationem,</em></span> <span class='ocrx_word' id='word_1_196' title='bbox 432 3895 556 3953; x_wconf 90' lang='lat' dir='ltr'><em>motas</em></span> <span class='ocrx_word' id='word_1_197' title='bbox 583 3894 622 3952; x_wconf 90' lang='lat' dir='ltr'><em>et</em></span> <span class='ocrx_word' id='word_1_198' title='bbox 641 3878 847 3953; x_wconf 87' lang='lat' dir='ltr'><em>movendas</em></span> <span class='ocrx_word' id='word_1_199' title='bbox 875 3904 942 3954; x_wconf 89' lang='lat' dir='ltr'><em>seu</em></span> <span class='ocrx_word' id='word_1_200' title='bbox 968 3877 1254 3975; x_wconf 90' lang='lat' dir='ltr'><em>quomodolibet</em></span> <span class='ocrx_word' id='word_1_201' title='bbox 1271 3895 1360 3954; x_wconf 93' lang='lat' dir='ltr'><em>tunc</em></span> <span class='ocrx_word' id='word_1_202' title='bbox 1379 3894 1419 3952; x_wconf 92' lang='lat' dir='ltr'><em>et</em></span> <span class='ocrx_word' id='word_1_203' title='bbox 1437 3880 1474 3953; x_wconf 93' lang='lat' dir='ltr'><em>in</em></span> <span class='ocrx_word' id='word_1_204' title='bbox 1491 3894 1619 3977; x_wconf 89' lang='lat' dir='ltr'><em>poste·</em></span> 
     </span>
     <span class='ocr_line' id='line_1_27' title="bbox 118 4003 1618 4104; baseline 0 -24"><span class='ocrx_word' id='word_1_205' title='bbox 118 4031 198 4080; x_wconf 91' lang='lat' dir='ltr'><em>rum</em></span> <span class='ocrx_word' id='word_1_206' title='bbox 226 4007 321 4079; x_wconf 89' lang='lat' dir='ltr'><em>inter</em></span> <span class='ocrx_word' id='word_1_207' title='bbox 349 4029 608 4104; x_wconf 89' lang='lat' dir='ltr'><em>quascumque</em></span> <span class='ocrx_word' id='word_1_208' title='bbox 636 4019 764 4101; x_wconf 87' lang='lat' dir='ltr'><em>partes</em></span> <span class='ocrx_word' id='word_1_209' title='bbox 782 4005 894 4078; x_wconf 89' lang='lat' dir='ltr'><em>etiam</em></span> <span class='ocrx_word' id='word_1_210' title='bbox 914 4031 962 4079; x_wconf 92' lang='lat' dir='ltr'><em>ex</em></span> <span class='ocrx_word' id='word_1_211' title='bbox 981 4003 1103 4078; x_wconf 86' lang='lat' dir='ltr'><em>officio</em></span> <span class='ocrx_word' id='word_1_212' title='bbox 1121 4005 1334 4101; x_wconf 86' lang='lat' dir='ltr'><em>pendentes</em></span> <span class='ocrx_word' id='word_1_213' title='bbox 1353 4021 1392 4080; x_wconf 92' lang='lat' dir='ltr'><em>et</em></span> <span class='ocrx_word' id='word_1_214' title='bbox 1409 4006 1523 4080; x_wconf 89' lang='lat' dir='ltr'><em>etiam</em></span> <span class='ocrx_word' id='word_1_215' title='bbox 1548 4031 1618 4102; x_wconf 90' lang='lat' dir='ltr'><em>pro</em></span> 
     </span>
     <span class='ocr_line' id='line_1_28' title="bbox 117 4129 1619 4228; baseline -0.001 -22"><span class='ocrx_word' id='word_1_216' title='bbox 117 4131 293 4228; x_wconf 86' lang='lat' dir='ltr'><em>expensis</em></span> <span class='ocrx_word' id='word_1_217' title='bbox 320 4129 492 4228; x_wconf 87' lang='lat' dir='ltr'><em>dampnis</em></span> <span class='ocrx_word' id='word_1_218' title='bbox 515 4148 554 4206; x_wconf 88' lang='lat' dir='ltr'><em>et</em></span> <span class='ocrx_word' id='word_1_219' title='bbox 573 4130 756 4204; x_wconf 90' lang='lat' dir='ltr'><em>interesse</em></span> <span class='ocrx_word' id='word_1_220' title='bbox 776 4132 811 4203; x_wconf 92' lang='lat' dir='ltr'><em>in</em></span> <span class='ocrx_word' id='word_1_221' title='bbox 830 4130 954 4205; x_wconf 89' lang='lat' dir='ltr'><em>causis</em></span> <span class='ocrx_word' id='word_1_222' title='bbox 973 4129 1274 4226; x_wconf 90' lang='lat' dir='ltr'><em>quibuscumque</em></span> <span class='ocrx_word' id='word_1_223' title='bbox 1293 4132 1508 4218; x_wconf 89' lang='lat' dir='ltr'><em>contractis,</em></span> <span class='ocrx_word' id='word_1_224' title='bbox 1528 4155 1619 4228; x_wconf 91' lang='lat' dir='ltr'><em>quo·</em></span> 
     </span>
     <span class='ocr_line' id='line_1_29' title="bbox 118 4253 1618 4354; baseline -0.001 -24"><span class='ocrx_word' id='word_1_225' title='bbox 118 4256 213 4330; x_wconf 92' lang='lat' dir='ltr'><em>tiens</em></span> <span class='ocrx_word' id='word_1_226' title='bbox 233 4256 431 4354; x_wconf 89' lang='lat' dir='ltr'><em>expediret</em></span> <span class='ocrx_word' id='word_1_227' title='bbox 450 4253 611 4340; x_wconf 91' lang='lat' dir='ltr'><em>Citandi,</em></span> <span class='ocrx_word' id='word_1_228' title='bbox 633 4255 860 4352; x_wconf 88' lang='lat' dir='ltr'><em>requirendi,</em></span> <span class='ocrx_word' id='word_1_229' title='bbox 888 4253 1074 4340; x_wconf 88' lang='lat' dir='ltr'><em>monendi,</em></span> <span class='ocrx_word' id='word_1_230' title='bbox 1100 4255 1458 4340; x_wconf 88' lang='lat' dir='ltr'><em>excommunicandi,</em></span> <span class='ocrx_word' id='word_1_231' title='bbox 1484 4279 1618 4353; x_wconf 86' lang='lat' dir='ltr'><em>aggra-</em></span> 
     </span>
     <span class='ocr_line' id='line_1_30' title="bbox 120 4379 1619 4478; baseline 0 -24"><span class='ocrx_word' id='word_1_232' title='bbox 120 4379 228 4455; x_wconf 85' lang='lat' dir='ltr'><em>vandi</em></span> <span class='ocrx_word' id='word_1_233' title='bbox 248 4395 287 4456; x_wconf 90' lang='lat' dir='ltr'><em>et</em></span> <span class='ocrx_word' id='word_1_234' title='bbox 305 4379 580 4478; x_wconf 85' lang='lat' dir='ltr'><em>reaggravandi</em></span> <span class='ocrx_word' id='word_1_235' title='bbox 608 4398 677 4454; x_wconf 92' lang='lat' dir='ltr'><em>etc.</em></span> <span class='ocrx_word' id='word_1_236' title='bbox 707 4379 932 4454; x_wconf 88' lang='lat' dir='ltr'><em>auctoritate</em></span> <span class='ocrx_word' id='word_1_237' title='bbox 959 4379 1169 4476; x_wconf 87' lang='lat' dir='ltr'><em>apostolica</em></span> <span class='ocrx_word' id='word_1_238' title='bbox 1195 4379 1412 4455; x_wconf 79' lang='lat' dir='ltr'><em>facultatem</em></span> <span class='ocrx_word' id='word_1_239' title='bbox 1441 4393 1480 4454; x_wconf 88' lang='lat' dir='ltr'><em>et</em></span> <span class='ocrx_word' id='word_1_240' title='bbox 1511 4395 1619 4476; x_wconf 90' lang='lat' dir='ltr'><em>pote-</em></span> 
     </span>
     <span class='ocr_line' id='line_1_31' title="bbox 121 4503 1619 4601; baseline -0.001 -21"><span class='ocrx_word' id='word_1_241' title='bbox 121 4521 255 4580; x_wconf 91' lang='lat' dir='ltr'><em>statem</em></span> <span class='ocrx_word' id='word_1_242' title='bbox 284 4505 548 4592; x_wconf 91' lang='lat' dir='ltr'><em>concessimus,</em></span> <span class='ocrx_word' id='word_1_243' title='bbox 578 4521 692 4601; x_wconf 91' lang='lat' dir='ltr'><em>prout</em></span> <span class='ocrx_word' id='word_1_244' title='bbox 719 4505 755 4578; x_wconf 94' lang='lat' dir='ltr'><em>in</em></span> <span class='ocrx_word' id='word_1_245' title='bbox 784 4503 923 4578; x_wconf 92' lang='lat' dir='ltr'><em>nostris</em></span> <span class='ocrx_word' id='word_1_246' title='bbox 957 4504 1043 4578; x_wconf 92' lang='lat' dir='ltr'><em>inde</em></span> <span class='ocrx_word' id='word_1_247' title='bbox 1077 4503 1209 4578; x_wconf 90' lang='lat' dir='ltr'><em>litteris</em></span> <span class='ocrx_word' id='word_1_248' title='bbox 1247 4505 1414 4600; x_wconf 91' lang='lat' dir='ltr'><em>desuper</em></span> <span class='ocrx_word' id='word_1_249' title='bbox 1441 4504 1619 4579; x_wconf 87' lang='lat' dir='ltr'><em>consectis</em></span> 
     </span>
     <span class='ocr_line' id='line_1_32' title="bbox 121 4630 506 4729; baseline -0.005 -24"><span class='ocrx_word' id='word_1_250' title='bbox 121 4630 264 4729; x_wconf 90' lang='lat' dir='ltr'><em>plenius</em></span> <span class='ocrx_word' id='word_1_251' title='bbox 284 4631 506 4704; x_wconf 88' lang='lat' dir='ltr'><em>continetur.</em></span> 
     </span>
    </p>

    <p class='ocr_par' dir='ltr' id='par_1_9' title="bbox 121 4752 1622 5476">
     <span class='ocr_line' id='line_1_33' title="bbox 197 4752 1619 4853; baseline -0.001 -25"><span class='ocrx_word' id='word_1_252' title='bbox 197 4754 281 4828; x_wconf 92' lang='lat' dir='ltr'><em>Nos</em></span> <span class='ocrx_word' id='word_1_253' title='bbox 310 4754 424 4853; x_wconf 91' lang='lat' dir='ltr'><em>igitur</em></span> <span class='ocrx_word' id='word_1_254' title='bbox 450 4755 498 4829; x_wconf 92' lang='lat' dir='ltr'><em>ad</em></span> <span class='ocrx_word' id='word_1_255' title='bbox 527 4752 735 4830; x_wconf 90' lang='lat' dir='ltr'><em>tollendum</em></span> <span class='ocrx_word' id='word_1_256' title='bbox 768 4771 807 4828; x_wconf 89' lang='lat' dir='ltr'><em>et</em></span> <span class='ocrx_word' id='word_1_257' title='bbox 839 4755 1139 4828; x_wconf 89' lang='lat' dir='ltr'><em>submovendum</em></span> <span class='ocrx_word' id='word_1_258' title='bbox 1169 4756 1436 4851; x_wconf 90' lang='lat' dir='ltr'><em>quodcumque</em></span> <span class='ocrx_word' id='word_1_259' title='bbox 1465 4753 1619 4828; x_wconf 92' lang='lat' dir='ltr'><em>dubium</em></span> 
     </span>
     <span class='ocr_line' id='line_1_34' title="bbox 121 4877 1620 4978; baseline -0.003 -25"><span class='ocrx_word' id='word_1_260' title='bbox 121 4879 219 4978; x_wconf 92' lang='lat' dir='ltr'><em>quod</em></span> <span class='ocrx_word' id='word_1_261' title='bbox 249 4877 346 4953; x_wconf 91' lang='lat' dir='ltr'><em>cirea</em></span> <span class='ocrx_word' id='word_1_262' title='bbox 372 4879 556 4975; x_wconf 89' lang='lat' dir='ltr'><em>premissa</em></span> <span class='ocrx_word' id='word_1_263' title='bbox 585 4895 788 4976; x_wconf 89' lang='lat' dir='ltr'><em>propterea</em></span> <span class='ocrx_word' id='word_1_264' title='bbox 815 4877 952 4954; x_wconf 89' lang='lat' dir='ltr'><em>exoriri</em></span> <span class='ocrx_word' id='word_1_265' title='bbox 971 4893 1115 4975; x_wconf 92' lang='lat' dir='ltr'><em>posset,</em></span> <span class='ocrx_word' id='word_1_266' title='bbox 1138 4879 1247 4952; x_wconf 88' lang='lat' dir='ltr'><em>Motu</em></span> <span class='ocrx_word' id='word_1_267' title='bbox 1268 4877 1376 4951; x_wconf 88' lang='lat' dir='ltr'><em>simili</em></span> <span class='ocrx_word' id='word_1_268' title='bbox 1395 4894 1434 4952; x_wconf 94' lang='lat' dir='ltr'><em>et</em></span> <span class='ocrx_word' id='word_1_269' title='bbox 1452 4903 1499 4951; x_wconf 90' lang='lat' dir='ltr'><em>ex</em></span> <span class='ocrx_word' id='word_1_270' title='bbox 1517 4893 1620 4951; x_wconf 86' lang='lat' dir='ltr'><em>certa</em></span> 
     </span>
     <span class='ocr_line' id='line_1_35' title="bbox 121 5001 1622 5100; baseline -0.003 -22"><span class='ocrx_word' id='word_1_271' title='bbox 121 5004 272 5078; x_wconf 89' lang='lat' dir='ltr'><em>scientia</em></span> <span class='ocrx_word' id='word_1_272' title='bbox 291 5001 535 5090; x_wconf 88' lang='lat' dir='ltr'><em>declaramus,</em></span> <span class='ocrx_word' id='word_1_273' title='bbox 558 5018 686 5077; x_wconf 90' lang='lat' dir='ltr'><em>nostre</em></span> <span class='ocrx_word' id='word_1_274' title='bbox 706 5003 921 5078; x_wconf 90' lang='lat' dir='ltr'><em>intentionis</em></span> <span class='ocrx_word' id='word_1_275' title='bbox 941 5028 1093 5100; x_wconf 90' lang='lat' dir='ltr'><em>semper</em></span> <span class='ocrx_word' id='word_1_276' title='bbox 1110 5003 1226 5076; x_wconf 83' lang='lat' dir='ltr'><em>luisse</em></span> <span class='ocrx_word' id='word_1_277' title='bbox 1244 5019 1282 5077; x_wconf 92' lang='lat' dir='ltr'><em>et</em></span> <span class='ocrx_word' id='word_1_278' title='bbox 1301 5027 1398 5086; x_wconf 90' lang='lat' dir='ltr'><em>esse,</em></span> <span class='ocrx_word' id='word_1_279' title='bbox 1419 5027 1489 5097; x_wconf 91' lang='lat' dir='ltr'><em>per</em></span> <span class='ocrx_word' id='word_1_280' title='bbox 1506 5001 1622 5075; x_wconf 85' lang='lat' dir='ltr'><em>iacul-</em></span> 
     </span>
     <span class='ocr_line' id='line_1_36' title="bbox 122 5126 1622 5225; baseline -0.003 -23"><span class='ocrx_word' id='word_1_281' title='bbox 122 5144 234 5203; x_wconf 86' lang='lat' dir='ltr'><em>tatem</em></span> <span class='ocrx_word' id='word_1_282' title='bbox 262 5143 302 5202; x_wconf 91' lang='lat' dir='ltr'><em>et</em></span> <span class='ocrx_word' id='word_1_283' title='bbox 330 5126 421 5201; x_wconf 89' lang='lat' dir='ltr'><em>alias</em></span> <span class='ocrx_word' id='word_1_284' title='bbox 444 5129 708 5202; x_wconf 88' lang='lat' dir='ltr'><em>concessiones</em></span> <span class='ocrx_word' id='word_1_285' title='bbox 735 5129 936 5224; x_wconf 88' lang='lat' dir='ltr'><em>predictas,</em></span> <span class='ocrx_word' id='word_1_286' title='bbox 961 5128 1130 5202; x_wconf 90' lang='lat' dir='ltr'><em>Dilectos</em></span> <span class='ocrx_word' id='word_1_287' title='bbox 1149 5128 1243 5203; x_wconf 90' lang='lat' dir='ltr'><em>filios</em></span> <span class='ocrx_word' id='word_1_288' title='bbox 1264 5126 1470 5225; x_wconf 90' lang='lat' dir='ltr'><em>Magistros</em></span> <span class='ocrx_word' id='word_1_289' title='bbox 1490 5149 1622 5200; x_wconf 88' lang='lat' dir='ltr'><em>causa-</em></span> 
     </span>
     <span class='ocr_line' id='line_1_37' title="bbox 122 5249 1622 5349; baseline -0.003 -23"><span class='ocrx_word' id='word_1_290' title='bbox 122 5277 197 5326; x_wconf 87' lang='lat' dir='ltr'><em>rum</em></span> <span class='ocrx_word' id='word_1_291' title='bbox 226 5252 354 5349; x_wconf 87' lang='lat' dir='ltr'><em>palatii</em></span> <span class='ocrx_word' id='word_1_292' title='bbox 380 5252 578 5349; x_wconf 88' lang='lat' dir='ltr'><em>apostolici</em></span> <span class='ocrx_word' id='word_1_293' title='bbox 596 5253 814 5338; x_wconf 83' lang='lat' dir='ltr'><em>Auditores‚</em></span> <span class='ocrx_word' id='word_1_294' title='bbox 846 5253 1088 5348; x_wconf 87' lang='lat' dir='ltr'><em>cappellanus</em></span> <span class='ocrx_word' id='word_1_295' title='bbox 1117 5269 1268 5327; x_wconf 89' lang='lat' dir='ltr'><em>nostros</em></span> <span class='ocrx_word' id='word_1_296' title='bbox 1289 5249 1501 5326; x_wconf 88' lang='lat' dir='ltr'><em>nullatenus</em></span> <span class='ocrx_word' id='word_1_297' title='bbox 1520 5275 1622 5323; x_wconf 91' lang='lat' dir='ltr'><em>com-</em></span> 
     </span>
     <span class='ocr_line' id='line_1_38' title="bbox 123 5374 1621 5476; baseline -0.001 -26"><span class='ocrx_word' id='word_1_298' title='bbox 123 5375 378 5476; x_wconf 88' lang='lat' dir='ltr'><em>prehendisse,</em></span> <span class='ocrx_word' id='word_1_299' title='bbox 395 5401 519 5472; x_wconf 91' lang='lat' dir='ltr'><em>neque</em></span> <span class='ocrx_word' id='word_1_300' title='bbox 538 5375 620 5452; x_wconf 92' lang='lat' dir='ltr'><em>illos</em></span> <span class='ocrx_word' id='word_1_301' title='bbox 640 5379 711 5452; x_wconf 91' lang='lat' dir='ltr'><em>sub</em></span> <span class='ocrx_word' id='word_1_302' title='bbox 724 5377 844 5452; x_wconf 80' lang='lat' dir='ltr'><em>forma</em></span> <span class='ocrx_word' id='word_1_303' title='bbox 859 5377 1067 5451; x_wconf 85' lang='lat' dir='ltr'><em>litterarum</em></span> <span class='ocrx_word' id='word_1_304' title='bbox 1083 5376 1296 5452; x_wconf 92' lang='lat' dir='ltr'><em>huiusmodi</em></span> <span class='ocrx_word' id='word_1_305' title='bbox 1310 5374 1621 5471; x_wconf 91' lang='lat' dir='ltr'><em>comprehensos,</em></span> 
     </span>
    </p>
   </div>
   <div class='ocr_carea' id='block_1_8' title="bbox 0 0 1881 5914">
    <p class='ocr_par' dir='ltr' id='par_1_10' title="bbox 0 0 1881 5914">
     <span class='ocr_line' id='line_1_39' title="bbox 0 0 1881 5914; baseline 0 0"><span class='ocrx_word' id='word_1_306' title='bbox 0 0 1881 5914; x_wconf 95' lang='lat' dir='ltr'><em> </em></span> 
     </span>
    </p>
   </div>
  </div>
 </body>
</html>
