3688 5924
744 315 921 389 Praefatio
938 318 985 376 ad
1002 319 1156 378 lectorem
1289 331 1294 340 ·

796 581 945 655 Ioannis
974 583 1113 660 XXIII.

288 722 331 795 ll.
362 721 467 796 Bulla
508 724 723 796 authentica
764 724 800 796 in
837 749 1069 822 pergamena
1117 755 1135 797 ‹
1164 729 1323 804 Ratiom‘
1351 731 1566 827 congruit>
1612 730 1702 804 Dat.

210 847 401 921 Bononiae
444 851 465 920 8
508 847 580 924 kal.
619 850 710 923 Iunii
746 852 858 924 Anno
895 853 944 925 ab
979 851 1133 941 Incarn.
1171 879 1281 946 1410.
1313 856 1512 951 Sumptum
1545 856 1704 951 simplex

208 972 375 1045 ciusdem
406 970 534 1046 Bullae
563 973 598 1046 in
628 997 772 1070 papyro
800 975 914 1073 antiq.
946 977 1044 1050 char.

836 1156 996 1252 sugent
1025 1154 1087 1229 tv,
1205 1119 1209 1126 ’

291 1293 348 1366 III.
366 1293 566 1390 Sumptum
586 1296 743 1392 simplex
764 1297 893 1370 Bullae
912 1300 947 1371 in
967 1323 1111 1396 papyro
1129 1299 1244 1394 antiq.
1266 1300 1365 1376 char.
1393 1328 1411 1371 t
1432 1299 1500 1372 Ad
1513 1313 1707 1398 supremae

210 1418 403 1515 daguinus
438 1421 577 1518 apt'cem
595 1449 631 1497 ν.
677 1422 764 1498 Dat.
806 1425 950 1498 Romae
987 1424 1089 1522 apud
1124 1425 1162 1500 S.
1195 1427 1355 1510 Petrum,
1394 1449 1435 1498 12
1477 1425 1549 1502 kal.
1581 1423 1707 1497 Martii

212 1545 324 1617 Anno
352 1547 400 1619 ab
429 1547 583 1634 lncarn.,
621 1571 730 1640 1431.

292 1670 354 1746 IV.
386 1670 493 1744 Bulla
520 1673 735 1747 authentica
772 1675 807 1747 in
844 1699 1076 1771 pergamena
1111 1676 1376 1748 ‹Provin'onis
1401 1686 1583 1750 nostrae»
1618 1675 1706 1750 Dat.

213 1796 357 1870 Romae
384 1798 486 1892 apud
514 1797 552 1870 S.
584 1797 734 1872 Petrum
763 1824 786 1891 4
815 1799 886 1875 kal.
919 1800 1044 1873 Martii
1071 1801 1184 1872 Anno
1211 1799 1260 1873 ad
1288 1800 1442 1884 lucam..
1481 1826 1589 1895 ¹432·

292 1919 312 1962 *
341 1921 537 2020 Sumptum
567 1925 726 2019 simplex
754 1925 922 1998 eiusdem
962 1924 1091 1998 Bullae
1119 1927 1155 1997 in
1183 1950 1329 2023 papyro
1356 1927 1470 2022 antiq.
1502 1928 1599 2002 char.

296 2047 341 2120 V.
371 2046 568 2144 Sumptum
598 2049 755 2144 simplex
785 2051 915 2123 Bullae
943 2051 978 2123 in
1008 2075 1153 2147 papyro
1180 2052 1295 2146 antiq.
1318 2051 1418 2125 char.
1448 2051 1524 2124 «A
1541 2063 1711 2150 supremo

213 2174 331 2246 Patre
345 2174 551 2266 familias»
576 2174 664 2249 Dat.
682 2173 895 2248 Florentiae
920 2200 966 2268 14
980 2174 1052 2250 lral.
1070 2176 1208 2250 Octob.
1228 2177 1341 2250 Anno
1359 2178 1408 2250 ab
1427 2177 1567 2252 Incarn.
1596 2200 1707 2270 1435.

860 2352 1005 2427 Nicolai
1033 2351 1078 2426 V.

297 2495 358 2569 VI.
390 2495 498 2570 Bulla
527 2520 600 2569 non
628 2497 805 2592 expedita
840 2495 876 2568 in
910 2519 1141 2593 pergamena
1177 2494 1443 2594 ‹Apostolz'cae
1477 2495 1582 2569 Sedis
1612 2497 1712 2570 Pro-

214 2622 411 2695 videntzo»
449 2623 537 2696 Dat.
569 2622 714 2695 Rornae
740 2620 843 2718 apud
871 2621 909 2694 S.
932 2622 1083 2694 Petrum
1113 2621 1233 2694 Nonis
1256 2620 1348 2692 lunii
1366 2621 1415 2694 ab
1434 2623 1575 2694 Incarn.
1599 2644 1710 2714 1452.

296 2745 316 2787 *
345 2748 544 2843 Sumptum
573 2745 731 2844 simplex
758 2747 925 2820 eiusdem
957 2746 1087 2819 Bullae
1115 2746 1152 2818 in
1181 2770 1325 2842 papyro
1353 2747 1468 2841 antiq.
1503 2748 1603 2822 char.

298 2869 339 2912 ²¹⁸*
367 2873 606 2968 Duplicatum
635 2872 804 2946 eiusdem
833 2871 972 2968 sumpti
1001 2873 1036 2944 in
1065 2895 1210 2968 papyro
1237 2870 1352 2965 antiq.
1384 2871 1484 2945 char.

299 2996 377 3070 VII.
408 2999 570 3071 Rotulus
598 3023 664 3072 seu
695 2999 916 3071 Mandatum
936 2997 983 3071 de
1012 2996 1245 3094 providendo
1264 3012 1493 3092 permotum
1522 2998 1715 3094 proprium

218 3123 385 3198 Anthea.
416 3121 452 3194 in
481 3146 648 3219 pergam.
679 3123 791 3220 regis

864 3281 993 3356 Calisti
1022 3282 1080 3357 III.

302 3426 396 3501 VIII.
427 3426 627 3522 Sumptum
650 3425 808 3519 simplex
838 3422 966 3498 Bullae
995 3425 1031 3496 in
1059 3448 1204 3522 papyro
1241 3423 1347 3496 ‹Aa’
1369 3449 1460 3496 onus
1487 3425 1717 3524 Apostolicac

219 3554 440 3626 servitutis»
478 3551 565 3626 Dat.
589 3552 733 3626 Romae
761 3550 864 3645 apud
891 3549 931 3622 S.
963 3549 1113 3623 Petrum
1142 3551 1255 3623 Anno
1283 3551 1332 3623 ab
1360 3549 1513 3637 Incarn.‚
1542 3571 1654 3644 1455.

300 3677 366 3752 IX.
404 3677 603 3773 Sumptum
642 3673 798 3771 simplex
836 3671 974 3758 Rotuli,
1010 3700 1076 3746 seu
1121 3674 1289 3748 Mandati
1327 3673 1374 3746 de
1411 3675 1643 3770 providendo
1680 3679 1717 3749 in

221 3829 366 3901 papyro
394 3803 509 3898 antiq.
540 3802 640 3877 char.

303 3927 350 4004 X.
383 3926 604 4002 Mandatum
632 3928 681 3998 de
709 3925 947 4021 expediendo
968 3925 1096 3998 Gratis
1124 3924 1288 3999 Anthen.
1319 3923 1355 3995 in
1383 3947 1626 4022 pergamena.
1698 3979 1702 3988 .

302 4051 322 4092 ’³‘
350 4053 550 4148 Sumptum
578 4050 738 4147 simplex
765 4051 934 4124 eiusdem
962 4048 1128 4122 mandati
1155 4051 1190 4121 in
1218 4073 1387 4144 pergam.
1424 4049 1511 4124 Dat.
1555 4074 1575 4143 3
1617 4051 1715 4125 Non.

96 4245 97 4248 ,
223 4179 288 4254 lul.
319 4180 431 4251 Anno
460 4203 496 4270 4.

302 4300 343 4344 *²¹⁸
373 4302 614 4398 Duplicatum
642 4301 810 4372 eiusdem
840 4299 980 4395 sumpti
1008 4299 1043 4371 in
1072 4322 1243 4396 pergam.

911 4477 963 4549 Pii
991 4477 1033 4552 II.

307 4624 373 4698 XI.
405 4623 511 4696 Bulla
537 4619 752 4695 authentica
769 4619 806 4692 in
833 4643 1002 4716 pergam.
1032 4619 1263 4692 «Romamn
1290 4619 1467 4712 Pontifex
1494 4620 1534 4692 in
1551 4621 1724 4695 cmz'mnti

224 4751 414 4852 specula»
451 4748 540 4823 Dat.
571 4747 715 4819 Romae
743 4744 845 4842 apud
874 4745 911 4819 S.
944 4745 1093 4816 Petrum
1129 4767 1174 4834 14
1209 4743 1280 4818 kal.
1312 4743 1496 4818 Novemb.
1526 4747 1640 4818 Anno
1671 4751 1721 4822 ab

226 4880 380 4962 incarn„
419 4877 529 4968 1458.

308 5001 387 5074 XII.
413 4997 548 5086 ¹Motus
578 4995 751 5092 proprius
778 4993 942 5068 Anthen.
963 4994 999 5066 in
1027 5018 1173 5091 papyro
1201 4994 1314 5092 regis.
1331 4994 1419 5069 Dat.
1442 4995 1587 5070 Romae
1619 4997 1721 5092 apud

228 5128 265 5202 S.
299 5127 448 5200 Petrum
477 5122 548 5197 kal.
580 5121 693 5195 Febr.
722 5121 834 5192 Anno
865 5141 898 5210 5.

309 5247 405 5322 XIII.
437 5246 567 5318 Motus
594 5243 768 5340 proprius
797 5242 960 5314 Anthen.
991 5239 1026 5312 in
1046 5266 1190 5337 papyro
1210 5243 1321 5338 regis.
1345 5243 1433 5317 Dat.
1455 5243 1600 5317 Romae
1619 5245 1721 5340 apud

227 5377 266 5451 S.
299 5376 448 5448 Petrum
478 5375 499 5445 8
529 5366 602 5443 kal.
634 5368 742 5442 Febr.
774 5367 886 5439 Anno
917 5387 951 5459 5.
