3720 5914
890 291 1027 350 Saeculo
1046 288 1077 348 Χ
1086 288 1115 348 V

964 625 1029 705 86.

252 807 411 880 calistus
429 805 504 879 III
522 805 588 903 (14
592 805 781 904 55-1458)
801 803 1046 878 Auditoribus
1072 805 1383 902 expectatzbarum
1405 807 1558 902 gratias
1575 815 1610 878 et
1629 816 1741 880 cetera

318 931 532 1030 przbilegriz,
562 929 694 1003 eisdem
712 956 736 1001 a
758 929 998 1002 decessm'bus
1017 929 1198 1003 Romanas
1216 929 1454 1025 Pontzficibur
1471 957 1643 1018 concessa,
1665 957 1743 1004 con-

324 1037 490 1155 firmuis

328 1213 443 1284 (Arcu.
463 1211 550 1284 Rom,
574 1210 790 1282 ‹Privilegia
805 1233 828 1282 »,
848 1213 923 1268 tom.
942 1209 971 1280 I,
985 1215 1073 1282 part.
1092 1208 1121 1281 I,
1138 1225 1171 1268 n.
1198 1209 1298 1282 VIII).

1514 1352 1595 1426 1455,
1614 1351 1745 1412 Romae.

328 1449 506 1535 Calistus,
536 1449 749 1544 episcopus,
781 1461 850 1521 etc.

326 1572 397 1648 Ad
419 1596 510 1647 onus
537 1571 723 1670 apostolice
751 1571 950 1657 servitutis,
982 1569 1104 1644 diviua
1143 1570 1400 1666 dispositione,
1430 1571 1553 1645 vocati
1581 1586 1620 1644 et
1653 1570 1746 1644 illius

247 1723 315 1771 nos
343 1697 505 1771 scientes
524 1695 709 1769 sustinere
736 1719 938 1790 personam
957 1718 1071 1790 quam
1100 1719 1214 1790 super
1241 1694 1415 1768 familiam
1434 1719 1542 1768 suam
1562 1694 1747 1768 Dominus

246 1822 438 1896 constituit
466 1836 507 1893 ut
535 1820 643 1894 tritici
681 1844 895 1893 mensuram
931 1819 968 1892 in
1004 1807 1175 1915 tempore
1209 1820 1377 1915 partiret,
1415 1819 1559 1894 cunctis
1594 1819 1746 1916 quidem

246 1945 505 2022 ecclesiasticis
524 1961 564 2020 et
578 1945 905 2020 benemerentibus
924 1943 1013 2018 viris
1036 1943 1225 2039 provideri
1244 1943 1502 2018 desideramus
1524 1969 1572 2018 ex
1592 1947 1746 2030 merito;

185 2083 201 2138 ”.
247 2072 315 2148 sed
341 2071 518 2168 precipue
546 2071 595 2144 ad
623 2071 780 2144 dilectos
805 2066 900 2143 filios
930 2067 1184 2165 Cappellanos
1212 2084 1363 2142 nostros
1391 2069 1523 2166 palacii
1550 2070 1747 2168 apostolici

247 2197 453 2270 Auditores
481 2196 598 2268 aciem
626 2209 754 2268 nostre
782 2192 1095 2267 consideracionis
1124 2193 1360 2268 extendimus
1390 2219 1488 2289 quos
1514 2195 1577 2291 pie
1613 2194 1748 2268 sollici·

246 2321 384 2397 tudinis
412 2321 576 2394 studium
612 2334 810 2392 eteorum
848 2318 1025 2393 fructuosi
1057 2319 1196 2392 laboris
1224 2319 1399 2393 meritum
1426 2319 1575 2418 dignius
1603 2343 1748 2392 recom-

135 2423 136 2427 Ἴ
247 2446 409 2520 mendat.

327 2569 511 2644 Novimus
539 2567 679 2666 quippe
708 2583 890 2664 quantum
918 2568 967 2640 de
996 2567 1210 2662 republica
1239 2584 1453 2643 mereantur
1480 2569 1554 2666 qui,
1573 2569 1747 2642 Romano
1839 2651 1840 2680 ¹

247 2693 423 2770 Pontifice
451 2710 644 2790 tamquam
672 2693 791 2767 altero
820 2691 943 2766 Moise
970 2692 1207 2790 gravioribus
1245 2695 1368 2766 causis
1404 2708 1444 2766 et
1482 2692 1552 2767 illis
1584 2695 1747 2767 maxime

245 2845 319 2916 que
347 2821 396 2892 ad
417 2817 541 2892 Deum
561 2817 752 2916 pertinent
769 2834 964 2912 occupato
988 2817 1188 2913 pastoralis
1208 2816 1462 2892 sollicitudinis
1483 2842 1610 2892 secum
1631 2843 1747 2892 onera

246 2945 478 3042 partiuntur;
507 2943 556 3017 hii
584 2968 746 3042 namque
775 2942 850 3038 qui,
882 2943 1050 3017 seniores
1078 2941 1207 3037 populi
1235 2959 1274 3016 et
1296 2943 1438 3016 iudices
1456 2944 1559 3019 orbis
1580 2941 1693 3018 electi
1711 2944 1746 3016 in

132 3139 138 3154 ,
247 3070 354 3143 vinea
383 3069 534 3142 Domini
561 3068 694 3142 diebus
722 3091 766 3140 ac
794 3067 964 3142 noctibus
992 3068 1217 3152 laborantes,
1233 3069 1336 3140 iuxta
1363 3067 1530 3141 divinum
1549 3067 1746 3164 imperium

248 3195 327 3268 sine
340 3193 560 3289 acceptione
574 3216 821 3288 personarum
837 3217 881 3265 ac
899 3217 1095 3265 munerum
1110 3192 1291 3288 populum
1307 3192 1469 3267 iudicant
1484 3192 1744 3268 iustoiudicio.

329 3319 482 3392 Dudum
502 3317 687 3414 siquidem
713 3318 904 3412 quondam
933 3295 1148 3390 Alexander
1167 3317 1202 3387 V
1225 3317 1260 3390 in
1290 3341 1358 3390 sua
1385 3317 1600 3391 obedientia
1626 3318 1746 3393 nomi·

246 3460 369 3528 natus,
398 3457 542 3518 attenta
570 3441 872 3517 consideracione
900 3443 1155 3538 premeditans
1187 3441 1297 3516 valde
1333 3442 1539 3516 absurdum
1575 3458 1614 3517 et
1646 3445 1745 3517 inde·

246 3595 335 3644 cens
361 3569 441 3642 sore
468 3567 570 3642 sedis
598 3566 766 3663 predicte
795 3565 1049 3662 Cappellanos
1086 3581 1125 3640 et
1157 3591 1354 3642 causarum
1382 3568 1514 3664 palacii
1546 3567 1745 3665 apostolici

247 3693 453 3768 Auditores
480 3690 597 3766 litium
625 3691 851 3765 anfractibus
879 3690 1026 3777 involvi,
1056 3707 1160 3765 motu
1182 3692 1340 3788 proprio
1359 3691 1476 3766 voluit
1495 3717 1539 3765 ac
1566 3691 1745 3788 predictis

248 3817 447 3915 capellanis
475 3833 514 3892 et
542 3816 788 3890 Auditoribus
817 3831 905 3888 tunc
932 3817 1172 3913 presentibus
1200 3831 1240 3889 et
1266 3814 1401 3889 suturis
1427 3840 1636 3913 eorumque
1666 3842 1745 3891 suc·

245 3943 460 4018 cessoribus
489 3964 633 4014 necnon
652 3939 735 4014 loco
762 3939 931 4035 ipsorum
960 3939 1093 4036 positis
1112 3955 1151 4012 et
1170 3941 1354 4035 ponendis
1374 3939 1410 4013 in
1428 3957 1655 4037 perpetuum
1677 3965 1747 4036 per

249 4093 338 4141 suas
365 4067 508 4140 litteras
537 4065 731 4150 concessit,
754 4064 857 4160 quod
877 4064 998 4138 nullus
1027 4087 1251 4138 concurrens
1279 4090 1364 4138 cum
1393 4065 1484 4161 ipsis
1517 4091 1584 4138 seu
1613 4090 1744 4139 eorum

248 4192 372 4288 aliquo
399 4192 436 4264 in
464 4190 553 4264 data
585 4191 706 4286 gratie
734 4189 884 4263 cuilibet
910 4189 1077 4285 ipsorum
1105 4213 1128 4261 a
1157 4188 1249 4262 sede
1281 4190 1448 4286 predicta
1476 4214 1658 4263 concesse
1686 4188 1745 4262 vel

246 4319 491 4413 imposterum
512 4314 761 4398 concedende,
777 4328 951 4409 pretextu
967 4313 1127 4386 cuiusvis
1142 4313 1396 4408 preventionis
1411 4339 1478 4387 seu
1495 4314 1746 4410 presentatio-

248 4444 304 4516 nis
330 4442 537 4514 litterarum
557 4454 622 4511 aut
641 4439 737 4513 sorte
756 4438 907 4512 maioris
926 4437 1121 4536 diligencie
1140 4437 1176 4510 in
1195 4440 1458 4533 prosecutione
1476 4439 1598 4537 gratie
1616 4439 1746 4512 huius-

249 4566 349 4640 modi
376 4564 473 4638 facte
491 4565 594 4660 ipsis,
610 4565 646 4637 in
673 4563 914 4637 assecucione
942 4562 1204 4636 beneficiorum
1233 4587 1309 4658 que
1335 4578 1580 4661 expectarent
1602 4579 1643 4637 et
1670 4587 1745 4660 que

247 4683 378 4789 vigore
406 4690 613 4763 litterarum
632 4687 935 4784 apostolicarum,
956 4687 1047 4784 ipsis
1075 4711 1351 4772 concessarum,
1376 4704 1444 4761 aut
1470 4689 1564 4762 infra
1593 4706 1744 4784 tempus

248 4815 509 4890 tantummodo
535 4829 776 4910 acceptarent
803 4838 874 4909 pro
902 4827 1074 4909 tempore
1093 4827 1131 4885 et
1150 4812 1198 4885 de
1217 4812 1353 4908 quibus
1381 4813 1544 4888 lacerent
1572 4814 1642 4888 sibi
1661 4839 1744 4910 pro·

248 4941 375 5026 videri,
398 4938 603 5014 dummodo
632 4939 727 5012 tales
755 4939 809 5011 eis
837 4939 874 5011 in
900 4938 1022 5035 gradu
1043 4939 1161 5012 maior
1188 4937 1248 5010 vel
1276 4939 1421 5034 equalis
1450 4964 1524 5014 non
1551 4939 1744 5024 existeret,

249 5064 520 5162 quoquomodo
548 5078 680 5159 posset
706 5078 746 5136 et
773 5063 930 5136 deberet
955 5062 1139 5136 anteferri.
1163 5045 1169 5059 ’

201 5167 204 5172 ¹
329 5189 380 5262 Et
407 5187 541 5262 deinde
568 5188 615 5263 le.
645 5213 698 5261 re.
728 5185 914 5261 Martinus
943 5186 1009 5282 Pp.
1048 5185 1082 5256 V
1110 5187 1160 5259 ad
1187 5187 1309 5260 omnis
1336 5213 1545 5287 supereo:
1574 5215 1623 5264 au
1654 5188 1744 5263 dicti

251 5315 456 5389 Auditores
484 5314 540 5386 sui
572 5328 611 5387 et
647 5314 903 5386 Romanorum
937 5310 1155 5385 Pontificum
1192 5336 1262 5408 pro
1299 5328 1469 5411 tempore
1503 5307 1744 5391 existentium
