3748 5914
268 287 324 347 256
904 285 1040 344 Socculo
1059 284 1146 345 XVI

263 483 450 558 carlenum
478 483 542 558 vel
569 482 676 568 duos,
699 482 812 555 etiam
832 496 1005 577 tempore
1023 479 1273 576 expeditionis
1292 503 1500 564 causarum,
1521 504 1658 576 capere
1677 504 1762 574 pos·

264 609 347 696 sint,
377 608 462 681 licet
489 607 631 704 pluries
660 607 862 705 registrum
891 606 962 678 huc
989 603 1080 678 illuc
1109 605 1303 680 ferendum
1340 605 1471 691 fuerit;
1509 629 1579 700 pro
1615 603 1763 677 relatio-

263 733 372 807 nibus
401 731 504 806 socio
532 730 710 805 faciendis
737 727 933 826 derogatis
961 753 1136 825 percos,
1166 728 1315 825 capiant
1343 725 1440 803 nihil.

342 859 402 954 N)
431 857 610 954 Registra
637 857 737 929 bona
763 872 803 929 et
830 852 992 952 legibilia
1019 867 1193 928 accurate
1221 853 1366 941 faciant,
1395 869 1542 928 tantum
1573 854 1763 928 literarum

193 1053 198 1064 ,
263 1006 458 1056 numerum
487 979 722 1064 continentia,
753 995 935 1075 quantum
955 979 1120 1075 antiqua,
1140 994 1229 1053 ante
1248 977 1362 1052 felicis
1382 977 1652 1053 recordationis
1671 977 1763 1052 Sixti

265 1105 389 1202 Papae
415 1104 477 1198 lV,
508 1104 812 1203 praedecessoris
832 1103 960 1189 nostri,
984 1118 1154 1199 tempora
1172 1117 1460 1191 consueverunt,
1480 1099 1653 1176 videlicet
1672 1127 1764 1199 qua-

263 1229 472 1304 tuordecim
501 1227 651 1303 sillabas
670 1228 728 1302 vel
757 1227 954 1302 duodecim
974 1228 1024 1300 ad
1042 1228 1164 1301 minus
1183 1251 1254 1325 pro
1272 1227 1441 1324 qualibet
1458 1226 1566 1311 linea,
1587 1243 1628 1300 et
1645 1227 1765 1326 vigin-

264 1355 362 1429 tisex
389 1354 507 1429 lineas
529 1379 600 1451 pro
619 1352 788 1449 quolibet
807 1351 935 1440 latere,
957 1352 994 1426 in
1012 1367 1116 1427 carta
1135 1353 1246 1436 bona,
1268 1376 1342 1426 non
1361 1352 1506 1438 infecta,
1529 1375 1599 1425 nec
1617 1351 1763 1440 bibula;

265 1503 334 1554 nec
356 1477 479 1574 qualis
507 1502 710 1575 perversus
739 1501 829 1550 usus
857 1476 929 1550 huc
958 1501 1079 1573 usque
1108 1475 1271 1565 inolevit,
1299 1476 1434 1551 lineam
1462 1477 1510 1550 de
1543 1499 1619 1550 uno
1646 1479 1764 1552 verbo

264 1602 323 1677 vel
350 1603 481 1678 sillaba
508 1602 631 1676 facere
659 1625 733 1675 non
761 1603 944 1688 audeant;
974 1617 1015 1675 et
1041 1601 1246 1686 auditores,
1282 1601 1346 1699 qui
1375 1601 1523 1700 registri
1551 1599 1639 1675 folia
1656 1601 1766 1675 aliter

262 1728 402 1826 scripta
428 1727 646 1812 invenerint,
675 1752 721 1800 ea
749 1726 914 1800 lacerare
944 1727 1121 1822 expensis
1141 1726 1274 1802 notarii
1293 1725 1515 1813 refacienda,
1536 1726 1762 1824 obligentur.

264 1849 378 1945 Quod
398 1852 429 1926 si
449 1852 698 1927 moderationi
718 1850 802 1925 huic
822 1851 955 1926 notarii
975 1875 1049 1924 non
1068 1851 1336 1948 acquieverint,
1356 1831 1643 1925 constitutiones
1660 1849 1766 1948 ipsas

264 2001 353 2050 suas
387 1992 520 2050 exacte
555 1977 770 2062 observent,
802 1990 841 2049 et
869 1973 1004 2072 lineam
1042 1976 1209 2049 similiter
1241 1974 1524 2072 quatuordecim
1561 1973 1764 2048 dictionum

265 2099 345 2174 sive
372 2103 584 2188 verborum,
614 2117 653 2175 et
671 2099 874 2198 vigintisex
891 2097 1010 2174 lineas
1030 2125 1101 2197 pro
1118 2095 1293 2194 quolibet
1306 2099 1425 2173 latere
1443 2098 1589 2187 faciant,
1610 2113 1649 2173 et
1667 2123 1766 2172 nunc

265 2250 335 2322 pro
358 2241 461 2300 carta
480 2226 648 2323 qualibet
665 2249 779 2298 unum
799 2240 972 2300 turonen.
994 2249 1078 2298 cum
1098 2224 1252 2298 dimidio
1270 2224 1326 2298 eis
1345 2246 1481 2320 capere
1500 2222 1628 2311 liceat;
1648 2247 1764 2321 quarn

265 2374 356 2424 vero
370 2375 419 2424 ex
436 2351 494 2424 his
512 2349 821 2447 dispositionibus
840 2349 981 2448 eligere
1001 2347 1139 2434 malint,
1156 2349 1321 2446 ipsorum
1340 2347 1495 2423 arbitrio
1508 2347 1763 2444 relinquimus

347 2473 395 2573 0)
426 2475 710 2550 Rubricationes
737 2499 807 2571 per
835 2500 876 2548 se
903 2472 1063 2548 fideliter
1080 2474 1227 2560 faciant,
1248 2473 1299 2547 ita
1319 2473 1422 2570 quod
1442 2472 1560 2548 textui
1578 2474 1765 2548 contraire

266 2624 340 2673 non
367 2599 611 2688 inveniantur,
641 2625 709 2675 nec
737 2598 834 2675 ultra
862 2623 977 2694 quam
1005 2623 1074 2696 per
1102 2599 1388 2673 constitutiones
1425 2597 1521 2685 licet,
1558 2599 1763 2697 accipiant:
1857 2643 1858 2650 κ

265 2748 338 2798 non
366 2725 600 2798 tubricentur
626 2739 753 2799 autem
782 2748 986 2824 processus
1014 2724 1062 2798 de
1091 2723 1263 2821 partibus
1281 2725 1467 2810 rubricati,
1492 2722 1562 2797 nisi
1580 2739 1765 2820 quantum
1857 2703 1858 2722 ³

265 2849 335 2924 illis
363 2848 499 2924 deesse
534 2850 645 2924 fuerit
682 2851 817 2935 visum,
848 2875 917 2924 nec
954 2851 1116 2947 registra
1152 2849 1200 2922 de
1236 2847 1306 2924 illis
1340 2848 1527 2923 ullatenus
1558 2847 1659 2935 fiant,
1696 2849 1765 2923 sed

265 2989 353 3069 post
389 2973 552 3072 registra
588 2974 637 3048 de
672 2973 798 3060 Curia,
838 2989 881 3047 ut
918 2973 1032 3047 moris
1067 2989 1138 3060 est,
1177 2973 1366 3071 legentum
1405 2987 1445 3046 et
1481 2970 1513 3045 si
1540 2971 1762 3068 interpreta-

266 3101 407 3176 tionem
435 3099 513 3174 fieri
541 3125 698 3176 necesse
725 3100 846 3187 fuerit,
878 3100 929 3174 ob
956 3099 1091 3174 idioma
1121 3097 1237 3173 latino
1265 3098 1466 3186 diversum,
1501 3097 1538 3172 ir‘r
1566 3123 1644 3196 quo
1675 3124 1765 3194 pro-

264 3249 395 3300 cessus
423 3226 519 3300 forte
547 3227 753 3323 rescriptos
780 3225 863 3314 erit,
894 3251 968 3300 non
998 3225 1062 3300 fiat
1089 3229 1125 3298 in
1153 3225 1302 3325 registri
1321 3225 1449 3311 forma,
1473 3224 1541 3299 sed
1560 3249 1764 3323 processus

267 3353 315 3424 de
342 3352 523 3449 partibus,
553 3351 604 3425 ita
641 3367 684 3425 ut
721 3374 796 3425 una
832 3366 935 3426 carta
968 3351 1118 3449 registri
1151 3351 1247 3425 illius
1274 3351 1453 3447 importet
1488 3349 1677 3423 dimidiam
1715 3353 1763 3424 ad

267 3476 389 3548 minus
404 3499 607 3573 processus
623 3477 671 3549 de
686 3474 867 3572 partibus,
885 3475 954 3550 nisi
968 3477 1129 3572 partium
1146 3497 1331 3550 consensu
1347 3473 1418 3550 hoc
1436 3473 1517 3548 fieri
1535 3477 1763 3549 convenerit.

346 3599 401 3700 P)
430 3597 715 3675 Venerabilibus
742 3599 915 3675 fratribus
936 3602 1074 3675 nostris
1094 3617 1245 3675 sanctae
1264 3601 1459 3674 Romanae
1479 3593 1670 3673 Ecclesiae
1688 3626 1764 3675 car-

266 3724 462 3811 dinalibus,
491 3748 636 3800 necnon
665 3725 859 3798 Romanae
897 3724 1034 3799 Curiae
1068 3723 1297 3812 officialibus,
1334 3725 1423 3799 item
1459 3725 1690 3822 pauperibus
1726 3743 1763 3799 et

265 3850 564 3947 quibuscumque
601 3850 753 3923 omnino
786 3849 906 3946 gratis
939 3848 999 3923 vel
1036 3849 1328 3924 extraordinarie
1364 3849 1503 3924 habere
1540 3849 1763 3926 debentibus

267 3972 354 4046 nihil
382 3997 539 4070 prorsus
559 3987 812 4070 extorqueant
831 3972 929 4047 ultra
948 3971 1097 4048 solitum
1124 3989 1165 4047 et
1190 3997 1365 4070 aequum,
1386 3976 1457 4049 sub
1475 3998 1598 4071 poena
1615 3975 1763 4075 viginti-

267 4099 432 4195 quinque
460 4098 682 4172 ducatorum
710 4099 832 4172 dictae
859 4097 1020 4173 fabricae
1047 4097 1367 4196 applicandorum,
1398 4099 1547 4194 quoties
1583 4101 1763 4173 contrafe-

266 4223 397 4297 cerint:
427 4223 478 4296 ita
503 4239 630 4298 tamen
657 4223 761 4321 quod
790 4247 863 4298 non
892 4237 1092 4297 teneantur
1109 4222 1400 4298 extraordinarie
1424 4223 1515 4297 dare
1533 4223 1711 4298 cardinali
1729 4225 1763 4296 in

265 4370 430 4445 persona
458 4370 525 4420 sua
553 4371 623 4444 pro
650 4347 889 4422 familiaribus
917 4362 956 4422 et
982 4348 1032 4422 ad
1068 4372 1199 4422 eorum
1232 4348 1470 4422 commodum
1507 4346 1677 4447 litiganti,
1717 4349 1763 4421 de

266 4499 343 4572 quo
371 4471 523 4572 quidem
551 4488 672 4547 stetur
690 4475 899 4580 iuramento
921 4473 1129 4557 cardinalis,
1151 4497 1220 4546 nec
1238 4472 1407 4548 similiter
1424 4473 1514 4548 dare
1533 4473 1652 4572 gratis
1671 4473 1764 4549 obli-

266 4614 405 4696 gentur
431 4596 671 4671 familiaribus
701 4597 1000 4683 vicecancellarii,
1031 4599 1099 4672 nisi
1127 4598 1326 4694 usquead
1354 4622 1548 4672 numerum
1580 4598 1762 4695 quinqua-

267 4725 372 4820 ginta
400 4723 684 4819 descriptorum.

271 4901 275 4908 .
351 4845 399 4945 Q)
426 4845 466 4918 In
495 4847 662 4944 registris
690 4861 817 4920 autem
846 4845 1034 4943 superflua
1061 4871 1136 4920 non
1162 4861 1378 4944 ponantur‚-
1395 4847 1509 4921 veluti
1547 4845 1760 4920 Pontificum

266 4970 554 5044 cardinaliumve
581 4971 706 5045 obitus
729 4985 796 5044 aut
813 4971 1033 5058 creationes,
1055 4970 1278 5069 legatorum,
1300 4988 1539 5048 oratorumve
1556 4971 1759 5070 ingressus,

265 5093 487 5168 consistoria
514 5093 661 5191 publica
693 5110 733 5169 et
759 5093 983 5182 huiusmodi,
1013 5096 1082 5170 nisi
1111 5095 1338 5172 servandum
1374 5097 1572 5171 terminum
1608 5094 1763 5192 impedi-

266 5219 397 5303 verint,
426 5234 466 5294 et
484 5219 582 5294 ‘tunc
609 5219 721 5294 etiarn
754 5220 790 5294 in
822 5219 940 5295 forma
979 5221 1213 5309 brevissima,
1242 5221 1345 5296 iuxta
1376 5237 1546 5296 tenorem
1583 5221 1762 5295 constitu-

267 5360 421 5420 tronum.
