3720 5914
754 328 821 390 Pio
837 329 879 389 II
1543 329 1594 388 167

93 523 332 611 mandamus,
350 523 525 621 quatinus
554 523 625 598 sub
653 546 751 620 pena
779 520 1044 620 indignationis
1063 533 1202 603 nostre,
1229 517 1367 592 nullum
1397 517 1596 592 Notarium

93 646 278 743 deinceps
312 645 520 721 admittatis
552 646 601 720 ad
643 645 803 720 officium
841 643 1062 718 Notariatus
1099 667 1297 718 causarum
1330 641 1425 716 sacri
1465 639 1594 738 palatii

92 755 219 869 {³pr
248 795 386 844 vacans
412 795 482 866 per
508 771 652 846 obitum
671 769 826 878 alterius
845 768 1123 864 cuiuscumque,
1145 767 1224 842 sine
1244 764 1396 864 speciali
1417 764 1596 840 mandato

96 912 241 972 nostro.
273 895 360 969 Non
400 894 636 970 obstantibus
663 893 851 968 mandatis
879 907 919 968 et
945 893 1243 991 promotionibus
1271 915 1596 987 quorumcumque

94 1021 208 1096 etiam
252 1017 456 1094 Cainerarii
482 1034 549 1095 aut
577 1016 876 1094 Vicecancellarii
903 1017 1033 1091 nostri.
1064 1017 1115 1091 Et
1141 1017 1173 1089 si
1200 1016 1346 1114 aliquos
1377 1013 1592 1102 admisistis,

95 1145 273 1220 volumus
304 1160 343 1220 et
380 1146 485 1220 vobis
523 1146 594 1219 sub
621 1143 755 1220 eadem
783 1167 882 1239 pena
909 1141 1132 1216 mandamus
1159 1157 1202 1216 ut
1229 1140 1312 1216 illos
1341 1140 1447 1215 nobis
1477 1165 1596 1237 quan-

98 1271 220 1345 tocius
238 1270 447 1368 significare
462 1271 611 1344 curetis.
635 1270 775 1344 Datum
793 1267 941 1342 Petredi
960 1266 1144 1342 Senatum
1161 1265 1356 1342 Dioecesis
1372 1267 1443 1340 sub
1456 1264 1595 1340 annulo

98 1395 299 1470 Piscatoris
325 1393 386 1468 die
418 1419 461 1468 21
494 1409 567 1469 oct.
604 1400 715 1488 1462,
746 1391 985 1468 Pontificatus
1014 1391 1133 1466 nostri
1159 1414 1259 1465 anno
1277 1391 1419 1487 quinto.

1029 1533 1078 1610 G.
1107 1535 1156 1608 de
1185 1534 1513 1608 Precotourumus

179 1681 311 1778 (verso)
340 1678 497 1753 Dilectis
525 1677 608 1754 filiis
627 1677 776 1765 nostris,
795 1676 951 1751 Decano
965 1691 1005 1750 et
1019 1675 1266 1750 Auditoribus
1286 1676 1386 1750 Rote
1399 1697 1596 1748 causarum

97 1805 203 1879 Sacri
232 1805 358 1902 palatii
385 1803 592 1902 apostolici.

813 2013 899 2093 100.

96 2164 194 2238 Pius
221 2162 275 2236 ll
285 2173 359 2260 per
395 2159 767 2238 Veia-Camellamitm
794 2157 950 2232 mandat
975 2159 1110 2232 Rotam
1138 2157 1284 2254 aperiri
1308 2156 1417 2229 iuxta
1437 2155 1599 2256 publico·

179 2296 258 2360 tum
293 2283 620 2362 Vae-cancellarii
642 2283 807 2358 edictum.

178 2424 294 2497 (Aaou
313 2421 402 2497 Ror,
425 2421 727 2494 «Ordinationes»,
742 2425 829 2496 part.
848 2419 876 2489 I,
894 2437 926 2478 n.
954 2419 999 2492 V).

1080 2543 1158 2616 1462,
1177 2542 1366 2602 novembris
1382 2541 1428 2612 27,
1446 2539 1599 2634 Tuderto.

180 2689 315 2796 (verso)
344 2691 577 2765 Reverendis
604 2715 648 2764 ac
684 2689 932 2788 integerrimis
970 2687 1139 2785 patribus
1176 2686 1335 2760 dominis
1369 2685 1525 2759 Decano
1562 2698 1601 2758 et

96 2818 274 2916 Collegio
302 2817 528 2891 Auditorum
557 2815 661 2890 Sacri
688 2813 815 2911 palatii
841 2811 1048 2912 apostolici,
1078 2813 1206 2886 amicis
1225 2811 1364 2886 nostris
1383 2810 1602 2907 prestantis-

96 2944 214 3028 simis,
245 2941 291 3017 R.
323 2941 532 3017 Cardinalis
560 2939 794 3025 Valentinus
826 2938 863 3014 S.
888 2940 933 3012 R.
965 2937 1008 3011 E.
1038 2935 1384 3012 Vicecancellarius

181 3064 312 3169 (intrat)
339 3065 552 3141 Reverendi
579 3089 622 3138 ac
651 3064 879 3163 integerrimi
906 3077 1045 3160 patres,
1076 3061 1197 3136 Amici
1226 3059 1343 3136 nostri
1380 3059 1602 3157 prestantis-

98 3195 204 3269 simi:
243 3192 402 3266 salutem
443 3189 651 3288 plurimam.
696 3187 892 3263 Mandavit
933 3187 1199 3261 Sanctissimus
1239 3187 1276 3260 d.
1307 3211 1356 3272 n.‚
1398 3202 1601 3281 postquam

96 3315 280 3393 intellexit
319 3325 445 3391 aerem
482 3315 564 3389 istic
600 3313 774 3389 effectum
810 3311 1044 3400 incolumem,
1080 3326 1121 3384 ut
1157 3310 1347 3408 aperiatur
1386 3307 1599 3397 Audienda,

97 3444 208 3518 sicuti
235 3466 305 3538 per
331 3441 478 3539 publica
505 3441 629 3515 edicta
665 3453 804 3522 nostra,
836 3464 910 3535 que
946 3437 1107 3536 proponi
1138 3435 1292 3510 fecimus
1329 3435 1420 3521 istic,
1460 3459 1603 3534 cogno·

98 3568 226 3643 scetis.
265 3564 326 3652 Et,
356 3565 459 3663 quod
495 3563 752 3663 gratissimum
789 3587 942 3660 quoque
977 3562 1083 3636 vobis
1115 3561 1198 3647 erit,
1237 3561 1269 3634 si
1306 3561 1603 3658 perseveraverit

98 3693 273 3767 restituta
301 3691 545 3777 incolumitas,
574 3689 624 3764 ad
651 3689 843 3787 proximos
872 3687 952 3761 dies
970 3687 1089 3761 festos
1108 3685 1323 3760 Natiuitatis
1342 3685 1424 3782 ipse
1443 3683 1603 3760 Sanctis·

100 3819 219 3892 simus
247 3815 284 3891 d.
314 3839 349 3890 n.
378 3841 462 3890 cum
491 3829 572 3889 tota
601 3813 716 3888 Curia
743 3813 824 3886 istic
853 3836 895 3886 se
924 3809 1087 3909 recipiet.

182 3941 319 4014 Mirum
346 3941 383 4014 in
410 3941 564 4014 modum
584 3938 843 4013 desideramus
861 3961 931 4011 vos
949 3961 1082 4011 omnes
1101 3937 1264 4033 sospites
1283 3950 1322 4010 et
1344 3933 1440 4008 letos
1460 3933 1601 4009 valere:

100 4067 218 4165 quod,
248 4065 370 4164 gratia
399 4064 483 4148 Dei,
513 4088 634 4161 prope
662 4063 761 4138 diem
789 4063 954 4136 futurum
982 4087 1189 4157 speramus.
1221 4060 1325 4134 Bene
1353 4059 1486 4133 valete.

181 4189 363 4277 Tuderto,
393 4189 455 4263 die
482 4211 589 4261 xxvn
618 4187 842 4262 Novembris
871 4207 1084 4260 uccecuxn.

817 4451 902 4530 101.

100 4596 348 4672 Auditoritus
362 4598 481 4670 Rotae
500 4594 595 4668 Pius
609 4595 661 4668 JJ
671 4593 827 4668 mandat
839 4601 1028 4690 quatenus,
1045 4592 1262 4667 abbreviatis
1276 4591 1451 4676 terminis,
1468 4590 1601 4663 Iohan-

181 4747 264 4796 nem
275 4721 319 4796 de
331 4721 519 4796 Cesarinir
527 4719 726 4794 adnrittant
738 4719 776 4792 in
787 4718 886 4793 Rota
900 4716 1163 4806 coaudirorem,
1176 4727 1260 4791 ante
1270 4718 1390 4809 ferros
1395 4714 1599 4813 generales.

182 4860 298 4932 (Auca
317 4857 405 4930 Ron,
430 4856 685 4918 «Admr'sst'onls
696 4880 725 4930 »,
739 4860 829 4932 part.
846 4853 875 4926 I,
893 4853 959 4913 Pio
976 4853 1023 4927 II,
1041 4871 1074 4913 n.
1093 4855 1132 4928 6).

1421 4958 1499 5020 Sine
1518 4959 1601 5018 data.

182 5113 470 5212 Motuproprio:
487 5112 606 5188 Vobis
625 5111 770 5187 dilectis
788 5111 882 5200 filiis,
900 5111 1092 5209 Magistris
1107 5109 1260 5186 Iohanni
1274 5108 1407 5184 Didaci
1421 5110 1470 5183 de
1487 5109 1600 5193 Coca,

103 5242 270 5324 Decano,
303 5238 499 5313 Bernardo
527 5237 677 5325 Rovira,
701 5235 865 5332 Gaspari
883 5236 931 5311 de
950 5236 1152 5322 Theramo,
1176 5232 1378 5307 Theodoro
1402 5234 1451 5308 de
1477 5229 1599 5316 Leliis‚

101 5365 254 5440 Sanctio
284 5363 462 5450 Romero,
483 5361 638 5438 Iohanni
665 5361 713 5436 de
733 5359 940 5445 Ceretanis,
963 5360 1076 5436 Petro
1096 5357 1233 5432 Ferrici
1251 5371 1291 5430 et
1308 5356 1448 5452 Jacobo
1467 5355 1600 5430 Electo
