3718 5918
240 249 296 308 50⁴
865 248 1002 309 Saeculo
1020 248 1054 309 X
1061 247 1145 309 VIII

244 442 421 529 deberet;
457 442 763 540 quandoquidem
801 443 889 517 olim
925 443 994 518 hac
1030 443 1078 518 de
1114 469 1155 518 re
1190 443 1385 518 discordes
1418 421 1539 540 atque
1570 445 1666 516 inter
1700 466 1744 516 se

242 566 415 640 diversae
451 564 589 640 fuerint
624 567 846 654 sententiae,
875 566 970 642 itaut
1006 567 1167 664 quisque
1203 592 1321 653 suam,
1352 582 1485 664 utpote
1523 567 1593 642 sibi
1620 567 1743 664 magis

242 705 402 790 gratam,
439 707 670 789 sequeretur,
702 693 859 791 singulis
893 694 1006 766 etiam
1044 691 1247 788 quamdam
1279 693 1556 768 observantiam
1593 717 1664 790 pro
1701 717 1744 766 se

241 815 533 902 adducentibus;
564 818 664 892 unde
683 817 823 892 factum
842 833 884 891 ut
903 817 939 891 in
967 817 1037 891 hac
1057 818 1327 892 sententiarum
1355 817 1574 910 diversitate
1593 817 1743 892 diversa

243 941 357 1016 etiam
385 941 559 1037 interque
587 967 629 1016 se
657 939 911 1018 discordantia
947 943 1110 1017 iudicata
1142 942 1362 1038 prodierint,
1392 957 1434 1015 ut
1462 965 1554 1016 sane
1591 943 1747 1040 contigit

244 1079 419 1163 tempore
451 1063 564 1139 felicis
602 1065 870 1141 recordationis
904 1067 1116 1141 decessoris
1151 1065 1204 1140 Pii
1230 1064 1292 1153 lV,
1323 1067 1386 1164 qui
1414 1067 1450 1139 in
1479 1067 1745 1142 constitutione

246 1217 314 1266 sua
341 1191 427 1265 anni
455 1213 577 1278 unm,
598 1217 696 1288 quae
724 1191 851 1289 incipit
879 1191 1035 1266 Dudum
1053 1191 1243 1291 mquidem,
1263 1193 1353 1266 data
1380 1193 1483 1289 apud
1511 1192 1549 1268 S.
1572 1193 1744 1266 Marcum
1819 1208 1822 1308 q

244 1337 283 1388 vt
311 1314 383 1391 kal.
413 1333 599 1415 augustas
635 1317 875 1413 pontificatus
906 1341 1006 1391 anno
1035 1339 1091 1405 111,
1121 1317 1254 1398 sanxit.
1285 1317 1521 1401 decanatum,
1551 1333 1745 1414 tamquam
1820 1322 1823 1410 l

246 1466 320 1515 non
348 1439 544 1515 ferendum
582 1467 667 1517 cum
702 1443 921 1538 episcopatu
960 1442 1148 1530 Perusino,
1178 1442 1228 1516 ad
1255 1466 1368 1538 quem
1397 1441 1511 1516 lulius
1539 1441 1743 1528 Otadinus,
1823 1438 1824 1524 l

246 1565 410 1639 Auditor
427 1565 625 1662 antiquior,
645 1581 799 1641 evectus
819 1557 950 1650 fuerat,
970 1583 1172 1663 propterea
1191 1582 1280 1642 tunc
1297 1566 1480 1665 temporis
1507 1565 1747 1641 tribuendum
1824 1552 1825 1630 l

246 1690 354 1764 alteri
383 1689 557 1765 Auditori
585 1690 708 1765 minus
743 1691 899 1786 antiquo
926 1691 1110 1790 magistro
1148 1691 1260 1765 Petro
1296 1691 1345 1765 de
1379 1690 1541 1767 Rubeis:
1573 1707 1747 1786 tempore

245 1839 336 1889 vero
364 1815 449 1911 piae
469 1817 670 1890 memoriae
690 1815 903 1890 decessoris
921 1839 1074 1914 quoque
1102 1815 1219 1890 nostri
1241 1815 1433 1892 Benedicti
1453 1813 1550 1898 Xlll,
1572 1815 1609 1888 in
1633 1839 1748 1889 causa

246 1939 392 2037 agitata
419 1939 516 2014 inter
543 1940 718 2014 dilectum
746 1939 859 2014 filium
889 1956 1059 2015 nostrum
1088 1940 1317 2037 Pompeium,
1340 1964 1436 2014 nunc
1464 1940 1502 2016 S.
1525 1940 1569 2013 R.
1591 1939 1637 2016 E.
1660 1939 1749 2014 Car·

246 2065 418 2148 dinalem,
440 2065 725 2140 Aldrovandum
752 2081 1019 2161 nuncupatum,
1049 2079 1139 2140 tunc
1165 2065 1425 2164 antiquiorem,
1456 2065 1524 2139 scd
1552 2063 1749 2162 Archiepi-

248 2215 402 2286 scopum
442 2177 787 2278 Neocesariensem,
822 2192 930 2268 acb.
959 2219 1008 2269 m.
1047 2193 1270 2290 magistrum
1299 2189 1478 2266 Carolum
1507 2189 1680 2274 Certum,
1712 2191 1748 2263 in

247 2315 348 2390 dicto
366 2316 554 2392 auditorio
581 2317 703 2392 minus
724 2317 933 2414 antiquum,
953 2343 1023 2415 per
1042 2317 1389 2417 Congregationem
1419 2315 1683 2416 particularem
1701 2319 1749 2392 ab

247 2439 382 2514 eodem
412 2440 616 2514 Benedicto
644 2443 874 2538 deputatam,
905 2443 1111 2518 decanatus
1138 2441 1374 2516 adiudicatus
1397 2457 1458 2515 est
1485 2441 1609 2515 eidem
1640 2441 1748 2515 Porn-

249 2565 335 2660 peio
363 2563 550 2650 cardinali,
581 2582 716 2662 utpote
743 2564 1050 2662 archiepiscopali
1078 2565 1261 2664 dignitate
1289 2565 1456 2664 fulgenti.

329 2687 461 2764 Altera
488 2713 580 2764 veto
609 2689 851 2764 dubitationis
878 2690 1027 2765 occasio
1054 2689 1164 2765 nobis
1181 2689 1379 2787 proposita
1406 2689 1500 2764 haec
1527 2705 1607 2764 est:
1638 2713 1668 2764 s.
1699 2713 1746 2764 m.

247 2814 428 2890 decessor
446 2831 576 2890 noster
590 2813 677 2890 Pius
696 2813 747 2888 lV
761 2815 798 2887 in
816 2815 1083 2892 constitutione
1097 2837 1198 2912 quae
1216 2813 1342 2912 incipit
1361 2815 1408 2889 In
1425 2813 1557 2888 throno
1574 2814 1747 2898 iustr'triu,

248 2938 339 3014 data
356 2937 458 3036 apud
485 2937 524 3016 S.
548 2937 716 3013 Marcum
745 2961 784 3016 vr
811 2937 884 3014 kal.
914 2939 1113 3030 ianuarias,
1139 2937 1381 3036 pontificatus
1407 2961 1508 3013 anno
1535 2959 1592 3023 ιιι,
1613 2937 1747 3020 sanxit,

249 3087 296 3138 ne
333 3087 470 3138 causae
504 3063 681 3159 propriae
708 3063 935 3138 Auditorum
972 3089 1152 3139 eorumve
1187 3061 1418 3138 familiarium
1451 3076 1492 3138 et
1523 3061 1752 3161 consangui-

249 3211 405 3262 neorum
424 3188 484 3262 vel
502 3187 667 3262 affinium
687 3190 877 3286 usquead
906 3188 1113 3264 secundum
1131 3189 1303 3287 gradum,
1324 3189 1426 3264 iuxta
1455 3188 1513 3263 ius
1531 3187 1752 3264 canonicum

249 3313 554 3410 computandum,
583 3329 861 3413 cognoscantur
888 3313 925 3388 in
949 3315 1073 3388 Rotae
1098 3313 1307 3400 auditorio;
1335 3337 1450 3410 quam
1468 3328 1603 3410 postea
1623 3312 1752 3409 dispo-

249 3436 420 3512 sitionem
450 3437 534 3535 piae
562 3437 765 3513 memoriae
793 3452 1014 3513 antecessor
1041 3455 1181 3524 noster,
1204 3437 1341 3512 Paulus
1359 3435 1405 3523 V,
1427 3435 1662 3512 confirmavit
1679 3435 1754 3509 alia

248 3587 318 3636 sua
354 3562 622 3636 constitutione
658 3561 719 3636 De
754 3563 1017 3648 reformatione
1054 3561 1296 3636 ἰνῶιιηαίιιιιη
1329 3561 1442 3636 Urbis
1476 3559 1513 3634 in
1549 3558 1658 3636 titulo
1692 3561 1754 3634 De

249 3685 494 3762 Audimus
521 3687 649 3774 Rotae,
679 3711 779 3785 quae
807 3687 934 3784 incipit
969 3686 1142 3762 Universi
1164 3687 1258 3783 agri
1282 3685 1373 3760 data
1400 3684 1505 3783 apud
1528 3685 1567 3762 S.
1586 3685 1751 3774 Petrum,

247 3809 418 3886 kalendis
437 3812 559 3886 martii
579 3812 819 3908 pontificatus
833 3835 934 3886 anno
949 3835 1019 3897 vn:
1040 3810 1292 3898 nihilominus,
1306 3810 1377 3886 hoc
1392 3811 1540 3886 minime
1559 3812 1753 3900 obstante,

249 3939 284 4012 in
311 3938 449 4011 eodem
477 3935 602 4010 Rotae
627 3937 828 4020 auditorio,
856 3961 1034 4012 successu
1063 3938 1256 4034 temporis,
1278 3933 1417 4010 multas
1440 3957 1574 4009 causas
1602 3935 1753 4032 agitari,

250 4061 418 4160 contigit,
440 4059 613 4157 quamvis
630 4076 761 4135 essent
783 4063 832 4136 de
855 4061 1025 4159 exceptis
1044 4062 1080 4135 in
1098 4061 1282 4136 iamdictis
1299 4076 1583 4136 antecessorum
1603 4075 1757 4134 nostro-

251 4211 332 4260 rum
361 4183 705 4270 constitutionibus;
735 4184 849 4283 idque
877 4187 1016 4259 factum
1043 4209 1130 4260 esse
1159 4183 1345 4282 reperitur
1371 4185 1484 4260 etiam
1512 4208 1630 4281 quum
1650 4209 1681 4257 s.
1703 4209 1755 4257 m.

249 4326 513 4386 antecessores
550 4309 668 4383 nostri
698 4307 910 4408 Gregorius
944 4307 1018 4382 XV
1047 4327 1085 4384 et
1113 4307 1329 4385 Alexander
1356 4307 1451 4394 Vlll,
1480 4309 1517 4382 in
1545 4307 1758 4382 minoribus

252 4433 443 4510 constituti
480 4433 603 4508 eidem
638 4433 826 4509 auditorio
857 4433 1170 4522 adscriberentur,
1201 4435 1265 4530 qui
1301 4433 1557 4530 postmodum,
1587 4431 1675 4506 licet
1706 4432 1759 4506 ad

253 4583 469 4655 supremum
498 4559 643 4657 gradus
671 4560 911 4655 pontificatus
949 4560 1078 4646 evecti,
1109 4561 1235 4656 deque
1268 4559 1443 4632 iamdicta
1473 4557 1760 4633 inobservantia

252 4683 394 4782 optime
422 4685 571 4771 conscii,
601 4682 688 4758 nihil
717 4699 843 4758 tamen
872 4699 1004 4758 contra
1030 4709 1114 4758 eam
1143 4685 1400 4758 decreverunt.

331 4806 580 4906 Quapropter
597 4809 767 4884 hodierni
786 4809 910 4885 dilecti
937 4808 998 4883 lilii
1016 4808 1144 4906 palatii
1168 4809 1285 4885 nostri
1304 4809 1511 4884 Auditores
1539 4831 1637 4881 nunc
1657 4809 1762 4882 serio

251 4935 463 5031 cogitantes
480 4949 520 5008 et
539 4935 613 5008 vim
633 4933 934 5030 dispositionum,
952 4933 1203 5008 clausularum
1231 4946 1271 5008 et
1298 4933 1537 5006 decretorum
1566 4931 1603 5006 in
1627 4930 1761 5006 relatis

250 5059 581 5134 constitutionibus
608 5058 827 5156 apostolicis
853 5074 1126 5144 contentorum,
1157 5081 1200 5132 ac
1229 5058 1447 5132 eorumdem
1481 5083 1574 5132 usus
1610 5058 1760 5133 discor-

253 5185 351 5260 diam
380 5185 562 5258 memoria
590 5199 818 5282 repetentes,
848 5209 878 5258 s.
909 5207 957 5256 m.
987 5182 1177 5258 decessori
1206 5201 1338 5257 nostro
1366 5181 1550 5258 Clementi
1580 5181 1635 5256 Xl
1663 5207 1759 5278 sup-

199 5368 202 5376 .
253 5311 475 5407 plicationes
503 5332 593 5382 suas
611 5323 870 5406 porrexerunt,
891 5320 935 5380 ut
961 5308 1156 5382 decretum
1176 5308 1225 5381 ab
1243 5305 1287 5380 iis
1315 5307 1385 5380 hac
1412 5305 1460 5381 de
1480 5331 1521 5381 re
1548 5306 1757 5394 conditum,
