3708 5918
759 279 938 340 Benedicta
956 281 1029 342 XII
1603 281 1641 342 87

138 472 295 548 ecclesie
322 473 492 548 accusari
519 473 579 549 vel
615 473 831 550 denunciari
871 477 1077 573 contingat,
1106 475 1184 549 sive
1216 499 1287 571 pro
1314 499 1362 548 eo
1394 475 1498 572 quod
1527 473 1642 572 Capi·

141 595 257 670 tulum
285 597 511 673 cathedralis
539 597 696 674 ecclesie
714 624 737 674 a
763 597 1015 673 iurisdictione
1035 597 1170 674 Prelati
1188 613 1335 674 asserat
1353 623 1395 671 se
1409 614 1639 696 exemptum,

139 721 174 794 in
203 720 303 796 curia
331 745 488 796 romana
515 723 670 798 forsitan
698 723 956 806 contendatur,

221 871 282 919 21.
313 847 344 919 si
363 847 534 922 eiusdem
563 846 699 921 Prelati
726 846 897 922 redditus
923 849 1036 922 annui
1054 846 1215 922 duorum
1237 845 1389 921 millium
1416 847 1641 922 florenorum

138 973 218 1046 auri
244 971 410 1046 valorem
438 974 494 1070 (ut
521 973 720 1071 prefertur)
747 973 945 1072 attingant,
976 987 1159 1069 patronus
1191 997 1304 1046 cause
1332 971 1428 1046 ultra
1456 972 1641 1070 quinqua-

142 1097 246 1194 ginta
289 1139 308 1152 ·
340 1097 371 1170 si
397 1113 524 1172 autem
553 1098 675 1172 minus
703 1100 864 1184 valeant,
894 1097 992 1172 ultra
1018 1097 1270 1197 quadraginta
1305 1141 1321 1152 -
1362 1098 1398 1169 in
1435 1096 1640 1171 minoribus

13 1255 14 1258 ¹
139 1235 264 1296 autem
292 1223 425 1298 causis.
456 1223 553 1297 ultra
581 1223 744 1322 triginta.

221 1369 282 1420 22.
314 1346 355 1419 In
382 1345 559 1420 Secunda
586 1371 678 1420 vero
705 1347 882 1424 instantia
909 1372 957 1422 eo
984 1371 1074 1422 casu
1103 1371 1180 1444 quo
1208 1346 1484 1445 quinquaginta
1510 1345 1640 1420 floreni

136 1470 171 1542 in
198 1470 320 1566 prima
347 1469 526 1544 instantia
553 1471 634 1546 dari
662 1471 852 1548 causidico
879 1471 1156 1568 permittuntur,
1183 1467 1279 1544 ultra
1306 1471 1604 1569 vigintiquinque
1621 1512 1638 1527 ·

139 1611 177 1668 et
205 1597 242 1668 in
272 1595 394 1682 tertia,
426 1595 636 1681 duodecim,

218 1743 279 1812 23.
311 1719 375 1794 ubi
401 1737 528 1794 autem
557 1721 593 1794 in
622 1720 742 1817 prima
768 1719 947 1794 instantia
972 1717 1226 1816 quadraginta
1245 1717 1408 1793 florenos
1435 1714 1522 1792 licet
1548 1720 1636 1794 reci·

134 1868 227 1939 pere
269 1844 469 1920 Advocato
505 1889 523 1902 -
564 1844 599 1917 in
637 1844 823 1931 Secunda,
861 1842 959 1918 ultra
1003 1842 1135 1942 viginti
1164 1885 1182 1898 ·
1223 1859 1263 1918 ct
1290 1843 1327 1916 in
1368 1843 1507 1929 Tertia,
1539 1842 1635 1920 ultra

134 1969 280 2046 decem.

216 2119 278 2188 24.
306 2095 347 2168 ln
376 2094 456 2169 aliis
482 2119 574 2169 vero
601 2095 724 2170 causis
753 2095 959 2168 minoribus
986 2118 1055 2190 pro
1083 2092 1220 2190 quibus
1247 2093 1283 2166 in
1312 2091 1432 2189 prima
1459 2094 1635 2170 instantia

133 2218 220 2294 licet
247 2220 416 2317 recipere
443 2219 607 2318 triginta,
637 2220 718 2294 -in
748 2220 925 2303 secunda,
955 2218 1053 2292 ultra
1079 2217 1303 2314 quindecim,
1333 2235 1417 2292 -et
1452 2218 1489 2290 in
1525 2221 1634 2292 tertia

134 2343 336 2435 instantiis,
350 2344 449 2420 ultra
467 2360 616 2441 septem
636 2345 798 2420 florenos
825 2345 905 2417 auri
924 2360 1108 2439 patronus
1135 2342 1303 2440 recipcre
1323 2366 1398 2417 non
1426 2359 1632 2440 presumat.

216 2490 278 2562 25.
309 2469 579 2544 Procuratores
605 2495 697 2544 vero
737 2493 935 2542 causarum
975 2468 1009 2540 in
1046 2467 1218 2542 Romana
1259 2467 1360 2541 curia
1392 2468 1633 2542 medietatem

133 2592 257 2668 salarii
300 2596 405 2691 quod
440 2594 646 2681 secundum
684 2595 965 2672 moderationes
1002 2593 1191 2689 predictas
1220 2593 1398 2690 recipient
1433 2593 1632 2680 Advocati,

131 2736 296 2816 possunt
324 2721 504 2817 recipere,
533 2737 573 2794 et
601 2744 675 2796 non
703 2717 811 2796 ultra.

214 2850 278 2920 26.
309 2843 359 2919 Et
396 2845 485 2941 quia
512 2845 690 2922 nonnulla
717 2861 805 2922 sunt
832 2843 990 2919 ecclesie
1027 2858 1067 2918 et
1102 2843 1330 2918 monasteria
1363 2868 1524 2940 quorum
1554 2843 1634 2917 red·

129 2967 235 3044 ditus
262 2982 303 3042 et
329 2984 537 3065 proventus
563 2969 613 3042 ad
640 2968 804 3043 duorum
832 2967 984 3042 millium
1016 2968 1242 3042 florenorum
1270 2968 1350 3040 auri
1378 2965 1544 3041 valorem
1571 2991 1633 3040 an·

129 3117 246 3168 nuum
277 3116 354 3167 non
381 3091 581 3180 excedunt,
608 3118 678 3190 per
695 3093 882 3191 premissa
901 3117 975 3166 non
1003 3091 1231 3166 intendimus
1250 3089 1431 3166 clientulis
1464 3090 1632 3166 solvendi

128 3217 398 3292 necessitatem
426 3217 631 3310 imponere,
662 3215 721 3294 vel
750 3217 958 3292 Advocatis
986 3214 1162 3314 exigendi
1197 3212 1430 3314 integraliter
1466 3241 1632 3292 summas

128 3341 323 3438 predictas
350 3341 516 3416 tribuere
543 3341 782 3418 facultatem:
801 3381 807 3392 ·

213 3486 275 3559 27.
304 3465 373 3540 sed
401 3465 489 3540 dicti
518 3466 704 3542 Advocati
723 3491 794 3563 pro
821 3465 1121 3543 consideratione
1147 3462 1365 3540 facultatum
1392 3461 1632 3540 ecclesiarum
1688 3480 1692 3493 ·

130 3606 172 3664 et
198 3591 516 3666 monasteriorum
544 3589 778 3687 aliorumque
805 3592 973 3666 locorum
992 3605 1031 3664 et
1046 3615 1116 3686 pro
1134 3590 1262 3664 valore
1280 3605 1321 3665 et
1335 3589 1547 3665 conditione
1560 3589 1632 3664 liti-

130 3717 318 3812 gantium,
350 3741 425 3790 non
462 3732 573 3812 turpe
610 3715 872 3812 compendium
916 3714 985 3790 sed
1021 3715 1142 3788 laudis
1178 3729 1384 3812 augmenta
1415 3730 1631 3812 querentes,

125 3839 222 3913 infra
249 3839 439 3935 predictas
466 3865 635 3914 summas
671 3865 780 3914 suum
809 3839 985 3914 salarium
1014 3836 1137 3912 taliter
1169 3838 1378 3926 moderent,
1407 3837 1512 3936 quod
1544 3838 1633 3914 divi·
1742 3904 1744 3910 .

127 3989 216 4038 nam
245 3989 319 4039 non
348 3965 538 4040 incurrant
556 3963 750 4052 offensam,
771 3991 839 4040 nec
866 3963 1048 4061 expediat
1066 3989 1181 4061 super
1199 3963 1270 4038 hoc
1289 3963 1337 4038 de
1365 3961 1440 4039 alio
1465 3963 1631 4038 remedio

126 4104 347 4186 opportuno
375 4090 586 4185 providere.
653 4135 655 4143 ι

212 4217 275 4290 28.
308 4210 424 4307 Quod
451 4215 548 4289 forte
574 4229 777 4312 postquam
807 4232 1032 4290 conventum
1062 4213 1171 4288 fuerit
1198 4238 1269 4310 pro
1305 4238 1419 4288 cause
1455 4237 1631 4310 prosecu-

125 4339 230 4414 tione
259 4337 307 4412 de
334 4354 439 4413 certo
466 4337 615 4424 salario,
644 4339 878 4435 procuratori
906 4340 964 4412 vel
992 4353 1153 4434 patrono
1182 4336 1375 4423 solvend0,
1406 4336 1632 4435 contingerit

124 4487 196 4560 per
224 4461 439 4537 Romanum
467 4461 682 4537 Pontificem
710 4464 857 4559 absque
884 4463 956 4539 alia
983 4463 1047 4536 lite
1085 4463 1283 4562 negocium
1320 4461 1531 4545 terminare,
1570 4460 1630 4537 vel

123 4604 258 4685 partes
284 4586 333 4660 ad
370 4587 526 4660 invicem
554 4586 782 4672 concordari,
812 4587 872 4660 vel
901 4612 990 4661 casu
1019 4587 1173 4663 fortuito
1208 4589 1246 4660 in
1273 4611 1475 4683 personam
1502 4585 1630 4660 Advo-

124 4713 201 4787 cati
228 4712 288 4787 vel
315 4711 582 4810 procuratoris,
612 4737 680 4788 seu
708 4713 822 4788 etiam
850 4710 1024 4796 clientuli,
1054 4713 1333 4810 contingentem
1361 4709 1464 4784 litem
1484 4711 1630 4786 inchoa·

125 4851 203 4912 tam
233 4837 385 4918 cessari,
413 4837 622 4932 equitatem
648 4835 874 4934 preferendo
891 4837 1017 4934 rigori,
1038 4837 1213 4913 volumus
1239 4835 1344 4932 quod
1366 4834 1507 4909 dictum
1535 4835 1629 4910 sala-

124 4961 222 5034 rium
250 4962 305 5036 eis
334 4975 561 5036 conventum
589 4977 778 5057 nequeant
805 4975 948 5056 petere.
978 5003 994 5016 ·
1022 4960 1141 5036 Immo
1169 4960 1201 5034 si
1236 4961 1332 5034 forte
1359 4960 1414 5034 eis
1442 4959 1478 5032 in
1507 4975 1628 5034 totum

125 5088 186 5161 vel
216 5087 254 5160 iu
281 5101 391 5184 parte
418 5085 529 5162 fuerit
556 5085 731 5173 solutum,
760 5084 850 5160 illud
878 5086 977 5183 parti
1004 5086 1163 5160 solventi
1192 5084 1389 5160 restituere
1417 5100 1627 5162 teneantur.

212 5235 273 5304 29.
305 5210 346 5286 Si
373 5225 500 5286 tamen
527 5211 562 5284 in
591 5211 729 5286 talibus
757 5210 880 5284 causis
909 5211 1094 5287 Patronus
1121 5210 1182 5286 vel
1209 5223 1432 5308 procurator
1472 5209 1626 5284 forsitan

125 5333 390 5423 laboraverint,
419 5335 455 5410 in
482 5334 802 5411 consistorialibus
842 5357 911 5432 per
942 5333 1307 5422 Vicecancellarium,
1336 5335 1371 5408 in
1412 5333 1493 5409 aliis
1534 5359 1627 5408 vero
