3686 5916
737 296 903 357 Clemente
926 296 1017 356 XIII
1569 297 1624 360 583

112 505 155 563 et
184 488 384 586 potestatis
412 489 642 585 plenitudine
671 489 862 577 similibus,
891 515 936 564 ac
964 491 1077 564 etiam
1105 491 1414 566 consistorialiter
1436 509 1502 564 aut
1529 490 1621 565 alias

111 615 311 710 quibusvis
348 615 396 688 de
432 616 555 688 causis
597 639 666 710 pro
704 630 875 711 tempore
907 616 1026 704 factis,
1056 617 1206 690 minime
1242 616 1520 712 comprehendi,
1552 617 1619 688 sed

114 764 268 835 semper
295 741 344 813 ab
371 738 440 814 illis
468 756 648 835 exceptas
677 757 716 814 et
743 741 892 835 quoties
919 739 1003 815 illae
1022 744 1261 826 emanabunt,
1297 742 1410 816 toties
1438 744 1474 814 in
1502 741 1622 838 pristi·
1744 751 1749 762 '

113 890 205 938 num
234 880 374 937 statum
403 865 606 951 restitutas,
640 867 838 959 repositas,
868 866 986 939 aede
1016 891 1115 940 novo
1151 891 1363 954 concessas,
1395 891 1621 964 semperque

111 1005 155 1062 et
182 1005 368 1085 perpetuo
395 989 549 1076 validas,
579 989 704 1062 firmas
733 1005 772 1062 et
799 989 970 1062 efficaces
999 1017 1096 1077 esse,
1123 1005 1162 1064 et
1190 992 1281 1077 fore,
1303 1015 1469 1085 suosque
1498 990 1621 1085 plena-

113 1116 202 1201 rios,
233 1127 273 1187 et
301 1114 472 1212 integros
500 1112 656 1188 effectus
684 1115 817 1199 sortiri,
848 1133 888 1188 et
916 1114 1096 1202 obtinere,
1122 1139 1165 1188 ac
1184 1118 1233 1189 ab
1252 1117 1434 1200 omnibus
1456 1117 1505 1190 ad
1524 1141 1621 1212 quos

111 1255 273 1336 spectat,
304 1256 343 1313 et
370 1240 556 1336 spectabit
586 1241 869 1336 quomodolibet
906 1241 941 1312 in
979 1240 1154 1325 futurum,
1190 1255 1376 1338 perpetuo
1405 1256 1444 1314 et
1472 1241 1620 1314 inviola-

112 1367 236 1438 biliter
263 1365 465 1448 observari,
487 1363 686 1460 eidemque
701 1365 912 1448 Auditorio,
934 1365 1107 1468 illiusque
1126 1366 1384 1452 Auditoribus
1406 1382 1446 1439 et
1464 1367 1620 1439 Locum·

111 1491 337 1573 tenentibus,
370 1514 466 1562 nunc
495 1506 533 1562 et
562 1515 631 1585 pro
660 1505 830 1585 tempore
859 1491 1115 1578 existentibus,
1146 1491 1340 1588 perpetuis
1368 1489 1501 1564 futuris
1530 1505 1619 1563 tem-

113 1615 268 1710 poribus
306 1611 521 1709 plenissime
558 1611 755 1711 suffragari
791 1613 930 1688 debere
944 1643 951 1700 ;
980 1614 1214 1710 eosdemque
1251 1640 1367 1712 super
1402 1614 1620 1712 praemissis

110 1740 297 1821 omnibus
327 1754 366 1810 et
394 1737 559 1835 singulis,
589 1737 649 1811 vel
687 1737 832 1812 illorum
870 1741 1077 1826 occasione,
1109 1765 1178 1836 per
1213 1763 1473 1835 quoscumque
1509 1741 1616 1826 alios,

110 1865 247 1962 quavis
266 1864 502 1950 auctoritate,
524 1878 562 1935 et
580 1863 875 1958 praeeminentia
902 1863 1092 1962 fulgentes
1112 1864 1396 1961 quomodolibet
1415 1864 1617 1950 molestari,

110 1988 335 2084 perturbari,
365 1987 424 2060 vel
462 1987 631 2084 impediri
668 2011 871 2084 numquam
910 2015 1039 2084 posse:
1080 1989 1131 2062 Et
1167 1990 1218 2063 ita
1254 2014 1321 2085 per
1358 2015 1619 2087 quoscumque

112 2115 264 2199 iudices,
294 2139 337 2187 ac
364 2111 580 2187 Tribunalia
608 2115 721 2186 etiam
752 2113 983 2211 Collegialia,
1014 2141 1059 2189 ac
1087 2115 1124 2190 S.
1148 2116 1193 2190 R.
1216 2116 1258 2189 E.
1291 2116 1504 2212 praedictae
1525 2115 1619 2188 Car-

111 2236 268 2321 dinales,
299 2237 410 2311 etiam
439 2237 486 2310 de
514 2239 632 2311 latere
662 2238 839 2335 Legatos,
872 2239 1123 2337 Vicelegatos
1155 2240 1277 2314 dictae
1305 2239 1415 2314 Sedis
1439 2241 1617 2328 Nuncios‚

110 2362 262 2436 sublata
292 2361 358 2446 eis,
388 2379 586 2435 eteorum
623 2362 783 2448 cuilibet,
814 2365 947 2458 quavis
983 2363 1091 2437 aliter
1127 2364 1322 2451 iudicandi,
1362 2379 1402 2437 et
1437 2365 1619 2460 interpre-

114 2487 219 2561 tandi
246 2486 422 2561 facultate
450 2503 489 2560 et
518 2487 778 2573 aucthoritate,
796 2487 949 2561 iudicari
976 2503 1015 2562 et
1042 2487 1183 2562 definiri
1211 2490 1362 2576 debere,
1383 2505 1423 2562 et
1450 2489 1481 2562 si
1509 2515 1620 2563 secus

113 2637 229 2710 super
256 2613 312 2686 his
331 2636 355 2684 a
370 2635 561 2708 quoquam
590 2613 724 2708 quavis
752 2612 1001 2686 aucthoritate
1021 2613 1192 2698 scienter,
1217 2613 1278 2687 vel
1296 2619 1516 2712 ignoranter
1533 2639 1619 2688 con·

108 2739 239 2838 tigerit
266 2737 455 2823 attentari,
484 2737 627 2809 irritum
656 2753 695 2810 et
723 2738 832 2812 inane
860 2739 1106 2814 decernimus.
1390 2825 1396 2840 Ι

194 2863 279 2936 Non
308 2862 554 2948 obstantibus,
586 2876 774 2958 quatenus
802 2886 900 2957 opus
929 2863 987 2948 sit,
1018 2864 1161 2937 Nostra
1180 2880 1219 2938 et
1238 2863 1493 2938 Cancellariae
1511 2866 1620 2961 Apo·

110 2988 267 3064 stolicae
296 2984 426 3085 regula
453 2985 501 3059 de
530 2988 608 3059 iure
637 2987 810 3080 quaesito
838 3011 913 3061 non
941 2987 1121 3073 tollendo,
1153 3014 1297 3063 necnon
1326 2991 1530 3064 Innocentii
1552 2989 1616 3078 IV,

112 3113 204 3186 sixti
233 3113 346 3186 etiam
374 3111 436 3196 IV,
467 3111 669 3184 Innocentii
699 3111 791 3198 VIII,
823 3128 863 3185 et
891 3113 993 3187 Pauli
1021 3112 1051 3185 Il
1080 3130 1210 3187 contra
1239 3130 1438 3210 exemptos
1470 3115 1614 3202 aeditis,

109 3237 235 3312 acPii
263 3235 315 3308 IV
348 3237 395 3309 de
432 3235 564 3332 gratiis
598 3237 780 3310 interesse
823 3235 1008 3311 Camerae
1050 3237 1296 3334 Apostolicae
1334 3239 1618 3335 quomodolibet

109 3363 420 3439 concernentibus
448 3362 483 3433 in
513 3361 647 3434 eadem
676 3360 837 3434 Camera
855 3362 1103 3460 registrandis
1135 3379 1173 3436 et
1198 3363 1440 3449 insinuandis,
1460 3363 1617 3461 aliisque

111 3486 342 3583 Apostolicis
369 3483 524 3559 aliorum
553 3509 878 3582 quorumcumque
907 3487 1163 3560 Romanorum
1203 3487 1421 3561 Pontificum
1462 3488 1617 3562 Praede·

108 3635 302 3686 sessorum
332 3607 569 3694 Nostrorum,
600 3611 713 3683 etiam
741 3609 777 3682 in
805 3610 971 3684 favorem
1000 3613 1132 3684 iurium
1153 3612 1312 3711 Collegii
1340 3613 1616 3687 Venerabilium

109 3737 265 3810 fratrum
301 3749 515 3808 nostrorum
551 3733 712 3808 Sanctae
752 3735 946 3808 Romanae
985 3734 1176 3810 Ecclesiae
1212 3737 1465 3812 Cardinalium
1502 3763 1617 3834 super

108 3859 409 3956 expeditionibus
438 3857 690 3932 Ecclesiarum
718 3871 758 3932 et
786 3857 1103 3934 Monasteriorum
1129 3861 1166 3933 in
1189 3861 1290 3935 libris
1312 3861 1494 3935 Camerae
1514 3863 1616 3957 Apo

110 3983 265 4059 stolicae
301 3999 526 4068 taxatorum,
556 4007 599 4056 ac
641 3984 769 4057 itidem
811 3985 848 4057 in
891 3983 1056 4058 favorem
1100 3985 1354 4083 Collegiorum
1398 3984 1616 4060 Officiorum

108 4132 433 4206 quorumcumque
473 4106 694 4182 vacabilium
737 4107 994 4184 Cancellariae
1037 4111 1299 4206 Apostolicae,
1344 4113 1615 4208 Romanaeque

110 4235 258 4320 Curiae,
289 4235 401 4307 etiam
429 4233 466 4306 in
493 4233 617 4306 limine
636 4259 766 4307 eorum
794 4235 993 4308 erectionis
1022 4237 1129 4309 acin
1158 4238 1430 4311 universalibus
1458 4253 1497 4310 et
1526 4237 1615 4311 Pro-

109 4359 324 4434 vinciaIibus
361 4358 548 4442 Conciliis,
579 4360 804 4455 specialibus
836 4360 895 4434 vel
923 4362 1162 4460 generalibus
1196 4361 1546 4449 Constitutionibns
1578 4381 1617 4438 et

109 4484 416 4568 ordinationibus,
448 4483 652 4583 Privilegiis
680 4510 833 4581 quoque
861 4487 1023 4570 indultis,
1045 4502 1084 4560 et
1112 4487 1246 4562 Literis
1266 4487 1497 4583 Apostolicis
1516 4489 1616 4562 dicto

110 4609 271 4684 Sanctae
304 4610 350 4684 R.
382 4609 425 4684 E.
461 4609 715 4683 Cardinalium
749 4610 932 4708 collegio,
971 4626 1011 4684 et
1048 4610 1230 4685 Camerae
1258 4613 1451 4708 praefatae
1491 4630 1531 4688 et
1567 4617 1616 4689 ab

109 4735 164 4810 eis
201 4761 354 4809 causam
388 4735 621 4820 habentibus
662 4759 806 4808 necnon
842 4734 969 4809 officiis
1007 4735 1193 4832 praefatis,
1233 4756 1273 4811 et
1306 4737 1503 4832 quibusvis
1536 4738 1616 4812 aliis

110 4861 285 4933 Personis
304 4885 371 4956 per
390 4884 649 4956 quoscumque
670 4859 862 4934 Romanos
882 4859 1079 4933 Pontifices
1100 4861 1416 4936 Praedecessores
1440 4862 1612 4950 Nostros,

109 5001 148 5058 et
177 4982 315 5058 Sedem
344 4982 602 5080 Apostolicam
630 4984 837 5081 praefatam
866 4985 926 5058 vel
953 4987 1046 5059 alios
1075 5009 1333 5082 quoscumque
1368 4989 1439 5062 sub
1466 4990 1615 5085 quibus·

109 5133 270 5204 cumque
299 5110 492 5182 tenoribus
518 5125 558 5182 et
585 5107 724 5194 formis,
746 5133 790 5183 ac
819 5135 903 5183 cum
931 5110 1125 5206 quibusvis
1155 5114 1266 5184 etiam
1289 5113 1614 5210 derogatoriarum

110 5232 371 5330 derogatoriis,
402 5233 558 5328 aliisque
586 5219 866 5320 effic‘acioribuS,
896 5249 936 5308 et
963 5233 1120 5308 insolitis
1148 5233 1332 5324 clausulis,
1356 5261 1518 5310 necnon
1542 5236 1616 5310 irri-

109 5357 287 5443 tantibus,
317 5373 356 5432 et
396 5357 477 5432 aliis
518 5359 679 5432 decretis
721 5359 755 5430 in
797 5383 950 5455 genere,
989 5358 1049 5432 vel
1090 5359 1126 5432 in
1169 5362 1303 5455 specie,
1341 5362 1452 5436 etiam
1496 5377 1611 5448 motu,
