3686 5916
225 338 281 398 606
843 339 980 398 Soeculo
999 339 1122 398 XVIII

224 533 369 606 titatem
397 533 562 615 comiter,
594 550 635 606 ut
664 534 783 620 dccet,
812 533 1005 628 accipiant,
1028 549 1066 606 et
1086 533 1164 606 sine
1184 534 1257 607 ulla
1277 557 1431 628 prorsus
1451 533 1615 608 illiberali
1634 561 1709 630 que-

224 657 312 732 rela.
330 657 443 750 Quod
459 660 490 731 si
506 659 594 754 quid
610 661 707 733 ultra
722 682 908 732 summam
924 675 1114 732 scutorum
1132 659 1283 756 triginta
1302 684 1541 755 quocumque
1561 661 1708 744 nomine,

223 782 347 868 modo,
379 799 588 878 praetextu,
620 782 755 868 colore,
778 799 817 856 et
835 781 942 856 titulo
970 783 1082 856 etiam
1104 783 1277 868 muneris,
1299 799 1338 856 et
1366 783 1418 856 rei
1437 785 1603 881 gratuito
1622 784 1712 856 dono

223 905 334 980 datae
361 923 534 980 exactum
562 908 681 993 suerit,
712 905 895 990 volumus,
926 924 965 979 et
983 907 1139 1003 quilibet
1158 905 1305 980 delator
1336 909 1505 980 nuntiare
1533 908 1569 979 id
1589 909 1712 1004 possit,

223 1033 281 1104 vel
311 1032 498 1106 Auditorii
527 1033 693 1116 Decano,
715 1032 774 1106 vel
793 1032 901 1106 alteri
919 1057 967 1104 ex
985 1031 1133 1104 duobus
1152 1030 1234 1104 aliis
1252 1031 1499 1106 Auditoribus
1523 1034 1558 1104 in
1581 1032 1716 1106 Ordine

222 1157 505 1252 antiquioribus,
527 1159 591 1252 qui
619 1173 696 1232 tres
716 1156 860 1230 collatis
880 1153 1026 1230 insimul
1046 1156 1218 1240 consiliis,
1239 1181 1283 1230 ac
1297 1157 1464 1253 pensatis
1483 1157 1568 1230 lacti
1588 1161 1716 1254 proba-

224 1279 397 1367 tionibus,
426 1282 648 1354 Adiutorcm
678 1280 789 1354 istum
818 1281 866 1354 ad
895 1279 991 1352 male
1010 1281 1154 1375 accepti
1182 1280 1454 1354 restitutionem
1485 1281 1715 1378 compellent,

223 1421 261 1476 et
290 1405 324 1475 in
354 1431 451 1491 eum,
472 1422 584 1501 prout
603 1404 782 1500 expedire
801 1403 1053 1486 iudicaverint,
1076 1405 1243 1478 severius
1271 1406 1383 1477 etiam
1412 1406 1715 1480 animadvertent.

309 1554 367 1621 14.
395 1530 522 1626 lpsum
550 1546 747 1626 praeterea
768 1528 953 1602 Auditorii
976 1529 1181 1614 Decanum,
1204 1529 1377 1625 duosque
1396 1531 1433 1603 in
1454 1529 1598 1603 Ordine
1625 1533 1718 1602 anti-

223 1655 376 1749 quiores
404 1655 621 1740 Auditores,
651 1679 813 1749 quorum
855 1654 1104 1750 prudentiam,
1146 1655 1410 1738 maturitatem,
1454 1671 1494 1728 et
1531 1680 1653 1729 rerum
1686 1655 1720 1728 in

224 1778 415 1853 Tribunali
443 1781 677 1878 agendarum
705 1779 917 1852 diuturnam
945 1780 1214 1874 experientiam
1242 1779 1389 1875 plurimi
1408 1780 1613 1853 faciendam
1639 1806 1722 1853 esse

222 1905 491 1992 existimamus,
521 1905 757 2000 Inspectores
786 1904 904 2001 quasi,
935 1927 979 1976 ac
1017 1901 1209 1976 Censores
1244 1905 1490 1991 nominamus,
1525 1905 1720 1978 constitui-

224 2054 318 2112 mus,
340 2046 380 2102 et
407 2031 644 2125 deputamus,
675 2055 792 2125 penes
811 2054 909 2124 quos
928 2029 964 2101 in
983 2027 1192 2100 studiorum
1213 2027 1429 2112 Adiutores,
1456 2043 1571 2124 atque
1592 2029 1723 2102 Secre-

222 2171 282 2226 tos
310 2179 442 2226 omnes
472 2155 520 2226 sit
547 2153 751 2249 praecipua
780 2169 962 2248 potestas,
1002 2152 1053 2224 ita
1082 2169 1123 2226 ut
1153 2177 1228 2226 non
1257 2153 1369 2226 modo
1407 2154 1592 2227 adversus
1640 2153 1720 2227 illos
1825 2223 1826 2230 ,

224 2278 254 2349 si
282 2277 318 2348 in
346 2278 468 2353 officio
496 2277 820 2372 reprehendantur
838 2275 1013 2373 querelas
1042 2277 1238 2371 excipiant,
1261 2278 1524 2350 verumetiam
1555 2279 1723 2351 studiose
1825 2267 1826 2340 ὲ

224 2402 424 2497 inquirant,
456 2419 580 2476 utrum
619 2428 688 2477 suo
717 2401 829 2499 aliqui
858 2427 1016 2475 munere
1040 2402 1263 2487 abutantur;
1300 2419 1339 2474 et
1380 2402 1411 2474 si
1447 2401 1595 2497 aliquos
1634 2403 1724 2475 deli·

224 2530 352 2624 quisse
381 2528 623 2623 comperiant,
662 2525 875 2601 facultatem
914 2525 1163 2610 concedimus
1194 2525 1254 2600 vel
1295 2551 1362 2600 eos
1399 2525 1723 2601 animadversione
1825 2529 1826 2618 s

223 2653 347 2749 aliqua
374 2654 423 2726 ad
451 2671 601 2747 tempus
629 2677 816 2738 coercere,
846 2653 905 2724 vel
933 2653 1046 2726 etiam
1077 2654 1125 2726 ab
1153 2650 1274 2726 officio
1311 2651 1504 2746 repellere,
1535 2652 1596 2724 vel
1634 2650 1724 2724 alias

223 2779 392 2876 irrogare
420 2803 563 2874 poenas
591 2793 703 2874 prout
732 2778 830 2851 idem
860 2777 1048 2862 Decanus,
1078 2778 1384 2872 antiquioresque
1413 2777 1488 2849 duo
1517 2777 1725 2850 Auditores

224 2903 460 2986 conveniens,
500 2915 616 2998 atque
657 2918 911 2997 opportunum
951 2901 1071 2999 magis
1113 2899 1376 2974 iudicaverint:
1407 2901 1445 2972 ln
1487 2903 1725 2998 gravioribus

225 3045 362 3114 tamen,
393 3043 432 3101 et
459 3027 491 3100 si
518 3027 682 3100 muneris
724 3028 883 3123 privatio
919 3029 990 3101 erit
1030 3028 1240 3124 irroganda,
1273 3026 1366 3110 Nos,
1396 3025 1724 3121 Successoresque

225 3152 388 3225 Nostros
430 3153 642 3234 instructos,
686 3169 725 3224 et
766 3152 945 3224 certiores
981 3153 1085 3246 prius
1118 3151 1196 3224 fieri
1237 3147 1419 3234 volumus,
1465 3165 1506 3222 ut
1547 3151 1724 3224 iudicium

225 3302 403 3373 suprema
439 3293 568 3350 nostra
608 3276 832 3350 auctoritate
869 3277 1051 3349 munitum
1088 3277 1271 3372 procedat
1305 3274 1484 3358 exactius,
1527 3291 1567 3348 et
1605 3277 1724 3348 tutius

224 3404 360 3499 exequi
388 3403 520 3478 valeat.
551 3401 677 3476 Alacri
706 3401 819 3500 igitur
846 3403 969 3475 animo
998 3419 1160 3499 pergant
1188 3402 1352 3485 iuvenes,
1374 3399 1530 3494 Virique
1555 3399 1725 3474 selectis-

225 3527 307 3601 simi
335 3530 370 3600 in
399 3527 452 3612 iis,
483 3553 581 3625 quae
610 3529 667 3599 sui
696 3542 784 3600 sunt
812 3527 987 3611 muneris,
1008 3527 1332 3623 diligentissimam
1370 3549 1508 3598 navare
1542 3549 1722 3620 operam:
1825 3577 1826 3636 ἓ

225 3654 407 3728 Noverint
434 3657 544 3741 enim,
574 3655 676 3750 quod
706 3653 786 3726 Nos
816 3669 974 3749 paterno
1003 3679 1153 3748 semper
1180 3676 1309 3726 amore
1337 3676 1404 3725 eos
1432 3675 1722 3747 prosequemur.

223 3794 263 3853 et
290 3796 482 3875 tamquam
512 3779 664 3864 Nostro,
687 3803 730 3852 ac
750 3779 911 3852 Sanctae
930 3779 1038 3851 huius
1054 3777 1164 3852 Sedis
1182 3777 1366 3873 obsequio
1385 3776 1567 3863 addictos
1590 3803 1723 3851 eorum

224 3901 430 3986 commoda,
461 3901 634 3986 honoreS,
665 3920 704 3975 et
731 3927 958 3999 progressus
987 3928 1057 3998 pro
1076 3901 1419 3998 opportunitatibus
1439 3901 1725 3998 diligentissime

224 4027 455 4110 curabimus;
486 4025 607 4098 Acin
649 4027 883 4100 conferendis
927 4027 1196 4124 Dignitatibus,
1227 4027 1457 4108 Muneribus,
1488 4040 1528 4097 et
1566 4025 1722 4114 Officiis,

224 4153 422 4226 Canonum
450 4150 673 4248 Legumque
692 4151 862 4247 peritiam
883 4151 1169 4248 requirentibus,
1190 4151 1294 4246 ipsos
1323 4151 1544 4245 praesertim
1565 4153 1617 4224 ob
1636 4153 1724 4226 assi-

224 4278 348 4360 duam,
383 4293 421 4348 et
463 4275 684 4348 laudabilem
721 4276 1043 4362 exercitationem,
1078 4293 1119 4349 ut
1161 4276 1282 4372 magis
1322 4290 1433 4370 aptos
1471 4289 1511 4346 et
1550 4274 1723 4362 idoneos,

224 4403 382 4476 caeteris
410 4416 590 4496 quantum
634 4400 753 4475 Nobis
796 4401 982 4498 integrum
1020 4401 1101 4483 erit,
1145 4399 1402 4472 amantissime
1439 4397 1724 4494 praeferemus,

223 4543 338 4623 atque
366 4525 403 4598 id
431 4527 553 4621 ipsum
582 4551 654 4599 non
684 4526 898 4599 dubitamus
926 4525 1176 4621 praestituros
1195 4551 1282 4598 esse
1303 4525 1495 4598 Romanos
1524 4524 1726 4601 Pontifices

224 4655 471 4726 Successores
501 4650 679 4724 Nostros:
710 4650 795 4723 Non
824 4676 933 4724 secus
962 4651 1072 4738 enim,
1102 4677 1146 4724 ac
1174 4651 1268 4737 Nos,
1297 4649 1516 4746 intelligent,
1539 4669 1723 4745 quantum

222 4778 272 4851 ad
305 4775 451 4849 virtutis
488 4777 767 4860 incrementum,
797 4800 840 4848 ac
870 4775 1111 4871 Reipublicae
1140 4772 1335 4848 utilitatem
1369 4775 1556 4870 pertineat
1587 4800 1724 4849 ornare

222 4901 393 4975 laudibus
421 4917 460 4975 et
488 4900 662 4997 praemiis
689 4899 836 4973 allicere
865 4899 976 4972 Viros
1005 4902 1101 4973 inter
1128 4899 1275 4996 Legum
1304 4898 1427 4971 studia
1459 4899 1610 4972 assidue
1641 4926 1722 4973 ver-

222 5043 337 5110 satos,
369 5025 511 5111 doctos,
543 5050 587 5098 ac
613 5026 794 5108 eruditos,
825 5025 940 5098 etad
968 5024 1115 5120 publica
1143 5023 1311 5122 gerenda
1339 5048 1494 5097 munera
1521 5049 1612 5118 prae
1641 5050 1720 5097 cae·

221 5155 309 5226 teris
336 5151 529 5247 aptissime
558 5150 726 5224 excultos
753 5164 868 5246 atque
896 5149 1100 5226 institutos

308 5299 366 5372 15.
397 5276 560 5350 Nostrae
588 5276 730 5370 pariter
758 5275 993 5348 sollicitudini
1022 5299 1065 5348 ac
1093 5275 1352 5371 providentiae
1385 5277 1557 5349 convenit
1585 5275 1716 5348 sedulo

222 5403 449 5499 prospicere,
480 5413 684 5495 nostraque
711 5399 860 5473 efficere
888 5402 1120 5484 auctoritate,
1143 5417 1185 5473 ut
1202 5402 1300 5473 inter
1326 5401 1482 5474 eosdem
1501 5397 1710 5480 Auditores,
