3720 5916
261 263 317 326 422
893 269 1031 330 soeculo
1049 269 1156 330 XVII

343 458 439 535 Cum
469 462 596 558 itaque
614 461 681 539 fel:
704 463 858 538 record:
878 463 992 538 Iulius
1012 463 1053 548 ll,
1075 463 1155 536 Leo
1176 461 1224 549 X,
1247 461 1426 536 Clemens
1446 460 1523 548 Vll,
1548 459 1683 533 Paulus
1701 460 1756 546 lll,

262 602 301 661 et
329 584 544 661 Alexander
571 586 648 672 Vll,
681 587 842 661 Romani
877 587 1076 667 Pontifices
1109 589 1425 683 praedecessores
1459 587 1590 670 nostri,
1621 583 1760 658 dilectis

262 711 345 786 filiis
374 710 615 807 Cappellanis
643 712 781 786 nostris
809 736 1006 788 causarum
1037 712 1165 786 Palatii
1202 711 1412 808 Apostolici
1448 711 1693 784 Auditoribus
1719 733 1761 783 ac

263 859 393 911 eorum
422 835 792 922 Locumtenentibus,
823 827 912 912 tunc
939 854 979 911 et
996 861 1068 934 pro
1086 853 1258 934 ternpore
1276 835 1535 922 existentibus,
1557 859 1760 930 eorumque

265 960 447 1060 Collegio,
478 962 587 1037 huius
616 963 731 1038 Urbis
759 977 876 1060 atque
904 963 1022 1038 totius
1052 961 1253 1036 Christiani
1283 961 1398 1035 Orbis
1419 983 1606 1058 supremo
1635 959 1760 1033 Tribu-

263 1083 347 1172 nali,
377 1087 547 1162 diversas
573 1112 644 1184 per
668 1088 795 1184 ampla
813 1087 1008 1185 privilegia
1026 1086 1292 1162 concessiones
1311 1101 1351 1160 et
1369 1085 1642 1182 exemptiones,
1662 1099 1758 1156 ante-

263 1210 433 1298 lationes,
463 1212 758 1310 praerogativas,
787 1211 991 1299 libertates,
1021 1211 1229 1297 facultates,
1259 1210 1402 1310 gratias
1430 1235 1474 1284 ac
1502 1209 1646 1283 indulta
1677 1224 1760 1282 tunc

262 1360 446 1433 expressa
473 1336 637 1435 benigne
663 1338 920 1411 concesserint
946 1353 986 1411 et
1012 1337 1316 1434 approbaverint,

346 1460 429 1536 Nos
453 1462 681 1537 Auditorum
700 1477 740 1536 et
759 1461 1107 1538 Locumtenentium
1135 1462 1424 1558 praedictorum,
1445 1483 1605 1556 quorum
1626 1456 1762 1532 assidui

263 1587 413 1661 labores
435 1585 603 1684 quotidie
622 1589 830 1684 probantur
847 1603 886 1661 et
905 1589 1122 1684 incorrupta
1140 1587 1281 1662 iustitia
1299 1587 1381 1680 orbi
1400 1585 1614 1660 Christiano
1633 1583 1760 1667 elucet,

265 1711 407 1785 meritis
434 1709 680 1809 invigilantes,
710 1737 754 1786 ac
782 1738 849 1787 eos
877 1711 1118 1810 amplioribus
1147 1711 1336 1788 favoribus
1363 1727 1402 1786 et
1429 1709 1561 1809 gratiis
1590 1707 1764 1805 prosequi

267 1835 447 1921 volentes,
478 1837 602 1910 omnia
629 1852 668 1909 et
689 1835 837 1936 singula
859 1837 1066 1934 privilegia,
1087 1837 1359 1934 exemptiones,
1378 1833 1638 1919 antelationes,
1658 1856 1763 1928 prae·

266 1960 469 2058 rogativas‚
486 1961 762 2049 concessiones,
781 1963 935 2062 gratias.
952 1962 1156 2048 libertates,
1172 1960 1381 2048 facultates,
1401 1961 1545 2033 litteras
1563 1983 1607 2032 ac
1626 1955 1762 2030 indulta
1837 1965 1838 1968 ’

267 2083 489 2173 huiusmodi,
518 2109 586 2183 per
613 2086 733 2160 dictos
761 2086 1077 2183 praedecessores
1104 2085 1246 2161 eisdem
1263 2084 1522 2159 'Auditoribus
1548 2099 1589 2157 et
1607 2081 1761 2156 Locum-
1837 2079 1838 2130 l

266 2211 480 2286 tenentibus
507 2235 550 2284 ac
577 2237 709 2286 eorum
737 2212 894 2312 singulis
922 2213 958 2286 in
986 2237 1128 2312 genere
1155 2210 1215 2286 vel
1243 2209 1278 2285 in
1299 2210 1422 2308 specie
1441 2231 1633 2294 concessa,
1650 2230 1760 2304 quae-

267 2359 429 2430 cumque
455 2350 496 2410 et
524 2337 810 2436 qualiacumque
838 2337 982 2412 sintae
1010 2335 1276 2432 cuiuscumque
1305 2335 1444 2410 tenoris
1462 2348 1501 2407 et
1518 2331 1760 2408 continentiae

267 2460 441 2548 existant,
473 2485 631 2558 quarum
659 2464 823 2536 omnium
851 2461 992 2537 formas
1021 2477 1060 2538 et
1086 2477 1239 2537 tenores
1265 2485 1310 2536 ac
1338 2461 1368 2534 si
1396 2459 1444 2532 de
1470 2459 1588 2532 verbo
1615 2456 1666 2530 ad
1682 2481 1761 2529 ver·
1837 2441 1838 2456 ¹

267 2584 356 2658 bum
385 2585 638 2660 insererentur
656 2587 920 2683 praesentibus
947 2611 1018 2685 pro
1044 2587 1236 2684 expressis
1267 2585 1462 2672 habentes,
1478 2608 1563 2656 cum
1595 2581 1761 2656 omnibus

268 2723 308 2784 et
336 2711 492 2808 singulis
519 2710 841 2812 derogationibus,
870 2711 1031 2788 decretis
1066 2727 1108 2786 et
1134 2708 1309 2787 clausulis
1341 2710 1378 2784 in
1412 2711 1468 2784 eis
1503 2707 1701 2794 contentis,
1730 2705 1760 2777 in

268 2834 440 2908 omnibus
468 2849 508 2909 et
535 2861 603 2932 per
630 2836 765 2924 omnia,
796 2837 904 2912 Motu
933 2837 1098 2935 proprio,
1129 2860 1203 2911 non
1226 2835 1275 2910 ad
1297 2835 1464 2931 ipsorum
1483 2832 1711 2907 Auditorum
1728 2848 1762 2902 et

270 2957 619 3036 Locumtenentium
637 2959 697 3034 vel
715 2961 873 3038 aliorum
893 2973 964 3059 p'ro
981 2963 1036 3037 eis
1057 2961 1176 3037 Nobis
1195 2985 1311 3058 super
1327 2959 1399 3033 hoc
1413 2958 1563 3034 oblatae
1577 2955 1760 3055 petitionis

268 3083 494 3171 instantiam,
525 3085 593 3160 sed
620 3111 667 3159 ex
695 3112 798 3162 mera
827 3101 955 3167 nostra
983 3087 1250 3162 deliberatione
1276 3099 1317 3160 et
1343 3100 1445 3160 certa
1473 3083 1627 3158 scientia
1653 3107 1698 3156 ac
1720 3081 1761 3152 de
1837 3051 1838 3090 ³

268 3209 512 3305 Apostolicae
539 3213 741 3309 potestatis
756 3211 998 3308 plenitudine
1024 3227 1156 3292 tenore
1179 3210 1436 3308 praesentium
1453 3209 1710 3306 approbamus
1727 3221 1761 3279 et

269 3335 543 3423 confirmamus,
572 3333 718 3432 illisque
746 3335 964 3414 inviolabilis
991 3335 1237 3434 Apostolicae
1265 3334 1449 3410 firmitatis
1476 3333 1561 3419 vim,
1582 3333 1709 3418 robur,
1727 3347 1761 3404 et
1837 3419 1838 3424 Ἰ

267 3460 468 3538 efficaciam
495 3459 744 3558 adiungimus,
765 3476 806 3536 et
823 3461 1055 3550 innovamus,
1077 3461 1215 3560 illaque
1233 3460 1376 3534 eisdem
1396 3476 1585 3533 eteorum
1605 3457 1758 3539 cuilibet,

268 3604 308 3662 et
335 3603 448 3682 prout
475 3587 563 3662 dicti
582 3587 896 3684 praedecessores
914 3589 1032 3664 nostri
1051 3603 1328 3672 concesserunt,
1350 3586 1398 3660 de
1418 3609 1517 3660 novo
1543 3608 1613 3682 pro
1633 3581 1760 3680 potiori
1837 3635 1838 3698 q

269 3712 414 3788 cautela
441 3710 689 3798 concedimus,
721 3711 959 3811 indulgemus
986 3729 1025 3788 et
1052 3713 1286 3810 ampliamus.

351 3836 409 3922 Et,
441 3837 603 3933 insuper,
633 3864 717 3911 cum
745 3839 845 3938 idem
874 3837 1052 3912 Clemens
1080 3838 1177 3912 inter
1203 3837 1274 3911 alia
1301 3861 1370 3934 per
1396 3859 1484 3910 eum
1513 3851 1601 3907 tunc
1624 3831 1758 3908 eisdem

269 3958 508 4059 Cappellanis
537 3963 784 4040 Auditoribus
820 3977 860 4038 et
890 3987 1022 4038 eorum
1059 3962 1418 4037 Locumtenentibus
1450 3983 1630 4035 concessa
1664 3957 1759 4055 quod

266 4085 402 4184 singuli
419 4087 624 4164 Auditores
638 4103 677 4162 et
691 4087 1008 4162 Locumtenentes
1027 4086 1207 4184 praedicti
1223 4109 1480 4184 quascumque
1499 4083 1756 4182 provisionum,

268 4212 583 4295 commendatum,
618 4214 950 4311 dispensationum,
995 4213 1171 4287 unionum
1213 4211 1263 4285 ad
1303 4213 1417 4284 vitam
1459 4209 1757 4306 praelectionum,

267 4339 574 4423 reservationum,
605 4339 803 4426 fructuum,
833 4338 1058 4435 pensionum
1093 4354 1133 4411 et
1168 4337 1323 4411 aliorum
1360 4359 1693 4433 quorumcumque,
1720 4355 1758 4404 ac

267 4461 496 4551 facultatum,
526 4464 800 4550 mandatorum,
831 4464 1036 4562 gratiarum
1072 4478 1111 4537 et
1144 4462 1372 4537 indultorum
1406 4485 1451 4534 ac
1483 4460 1576 4535 alias
1609 4459 1756 4541 litteras,

267 4587 427 4685 gratiam
455 4587 513 4661 vel
541 4587 719 4664 iustitiam
749 4588 953 4685 separatim
982 4613 1049 4662 seu
1079 4603 1282 4684 utrumque
1310 4586 1453 4658 mixtim
1486 4601 1757 4663 concernentes,

267 4738 290 4788 a
318 4711 418 4786 Sede
446 4714 638 4810 praedicta
665 4715 777 4787 etiam
798 4715 942 4788 ratione
962 4737 1284 4810 quarumcumque
1304 4712 1526 4810 dignitatum
1545 4712 1657 4784 etiam
1678 4709 1759 4806 Epi-

266 4838 472 4934 scopalium
487 4853 526 4912 et
540 4837 857 4912 Monasteriorum
877 4838 1110 4934 aliorumque
1131 4836 1401 4911 Beneficiorum
1422 4834 1758 4908 Ecclesiasticorum

265 4984 591 5059 quorumcumque
618 4987 688 5058 pro
717 4978 899 5058 tempore,
931 4978 972 5035 ut
1006 4961 1226 5059 praefertur,
1256 4962 1306 5035 ab
1340 4961 1476 5034 eodem
1506 4958 1702 5033 Clemente
1726 4975 1760 5030 et
1837 4919 1838 5010 l

267 5087 549 5161 successoribus
578 5089 666 5172 suis,
698 5087 878 5162 Romanis
908 5087 1145 5162 Pontificibus
1172 5112 1243 5184 pro
1270 5101 1441 5182 tempore
1459 5085 1704 5159 existentibus
1721 5107 1759 5157 ac

267 5212 366 5287 Sede
381 5212 572 5308 praedicta
587 5211 910 5310 qualitercumque
929 5213 1195 5309 impetrandas
1211 5235 1255 5286 ac
1275 5211 1344 5285 sibi
1363 5210 1474 5284 etiarn
1490 5227 1595 5284 motu
1614 5210 1758 5306 proprio

265 5353 380 5412 etex
407 5352 511 5411 certa
540 5338 694 5410 scientia
722 5337 993 5422 concedendas,
1024 5352 1063 5412 et
1090 5339 1138 5412 de
1167 5338 1339 5434 personis
1367 5360 1497 5410 eorum
1527 5335 1760 5410 consistoria-

1837 5645 1838 5712 l

1837 5713 1838 5772 l
