3708 5918
764 321 903 382 Nicolao
929 323 957 384 V
1557 325 1607 384 141

106 517 320 593 Auditores
347 533 387 594 et
414 518 689 594 Locatenentes
717 541 791 592 una
819 543 903 592 cum
931 518 1070 592 nostris
1097 519 1158 594 vel
1187 545 1447 594 successorum
1467 538 1609 596 nostro·

104 669 190 718 rum
219 642 458 718 familiaribus
486 643 670 718 continuis
697 643 1011 730 commensalibus
1030 642 1065 716 in
1086 644 1186 718 dicto
1205 642 1299 718 libro
1318 644 1515 740 descriptis
1544 670 1611 718 seu

105 768 201 842 alias
229 793 301 864 per
326 767 478 865 aliquod
506 766 784 864 predilectionis
811 767 960 866 signum
987 769 1156 864 expressi
1184 767 1308 842 forent
1333 785 1400 843 aut
1428 769 1611 845 describe·

109 909 241 966 rentur
259 891 320 966 vel
340 891 649 988 exprimerentur,
672 892 800 987 sicque
819 891 855 965 in
875 892 998 966 causis
1016 891 1130 966 etiam
1149 915 1218 986 per
1235 890 1524 988 appellationem
1543 919 1611 968 seu

103 1018 199 1092 alias
236 1018 274 1090 in
308 1041 545 1113 quacumque
579 1017 753 1091 instantia
790 1018 886 1092 inter
921 1017 1127 1092 Auditores
1164 1032 1204 1090 et
1230 1016 1506 1096 Locatenentes
1542 1043 1610 1094 seu

108 1143 267 1239 quosvis
303 1142 396 1217 alios
431 1167 545 1238 super
581 1143 879 1238 quibuscumque
915 1139 1206 1216 Canonicatibus
1247 1159 1287 1216 et
1327 1143 1528 1238 prebendis
1567 1169 1611 1218 ac

105 1265 366 1364 dignitatibus,
386 1267 661 1362 personatibus,
682 1265 1067 1340 administrationibus
1086 1265 1145 1340 vel
1165 1265 1295 1340 officiis
1315 1292 1383 1340 nec
1409 1291 1482 1341 non
1502 1269 1611 1342 bene·

5 1371 6 1376 ¹
111 1391 202 1466 ficiis
229 1391 491 1468 ecclesiasticis
518 1417 603 1464 cum
632 1415 721 1464 cura
738 1389 798 1464 vel
827 1390 906 1464 sine
934 1415 1034 1478 cura,
1056 1387 1288 1464 secularibus
1306 1408 1345 1464 et
1364 1389 1609 1489 regularibus,

109 1542 179 1613 per
214 1517 372 1590 eosdem
408 1517 615 1590 Auditores
651 1531 691 1590 et
729 1515 1007 1590 Locatenentes
1042 1515 1176 1614 vigore
1216 1516 1536 1611 expectativarum
1573 1534 1613 1592 et

106 1641 268 1716 aliorum
295 1643 565 1737 premissorum
592 1640 810 1736 acceptatis,
836 1665 902 1714 seu
931 1639 979 1714 de
998 1641 1135 1737 quibus
1164 1628 1234 1716 sibi
1269 1643 1462 1736 provisum
1490 1641 1609 1728 fuerit,
1712 1663 1713 1668 ’

107 1765 361 1864 pendentibus
388 1791 455 1840 seu
483 1765 597 1840 etiam
624 1789 699 1861 que
727 1765 946 1861 pendebunt
973 1765 1008 1837 in
1036 1764 1212 1849 futurum,
1234 1767 1379 1840 censeri
1396 1791 1441 1840 ac
1460 1767 1613 1842 iudicari

104 1893 257 1974 debere,
279 1891 501 1966 auctoritate
519 1905 560 1963 et
578 1890 732 1966 scientia
750 1888 941 1978 similibus,
959 1904 1091 1964 tenore
1109 1889 1339 1986 presentium
1359 1892 1610 1980 declaramus;

106 2019 177 2092 sed
204 2016 319 2092 etiam
347 2016 546 2091 statuimus
574 2016 808 2090 decernimus
834 2031 874 2088 et
901 2015 1130 2100 ordinamus,
1160 2016 1328 2112 ipsisque
1363 2017 1612 2092 Auditoribus

106 2159 147 2218 et
174 2140 495 2216 Locatenentibus
522 2140 761 2237 presentibus
787 2164 832 2214 ac
860 2140 994 2214 futuris
1013 2141 1253 2216 concedimus
1272 2142 1413 2238 pariter
1430 2159 1470 2216 et
1492 2141 1613 2218 indul-

107 2293 258 2367 gemus,
279 2266 384 2364 quod
409 2267 506 2340 inter
533 2267 638 2362 ipsos
656 2265 862 2340 Auditores
889 2281 929 2340 et
947 2264 1222 2341 Locatenentes
1241 2291 1285 2340 ac
1305 2281 1456 2342 nostros
1475 2284 1514 2342 et
1533 2293 1612 2342 suc·

104 2417 302 2468 cessurum
330 2406 545 2466 nostrorum
572 2390 783 2486 descriptos
812 2415 879 2464 seu
908 2390 1177 2466 describendos
1196 2390 1395 2466 familiares
1413 2392 1611 2467 continuos

104 2515 380 2592 commensales
408 2516 610 2612 predictos,
629 2515 667 2590 in
686 2514 785 2589 dicta
803 2515 1051 2602 assecutione,
1077 2514 1157 2589 iure
1176 2517 1364 2590 communi
1386 2532 1549 2604 servato,
1575 2517 1612 2590 iu

106 2643 169 2718 illa
187 2640 425 2715 assecutione
452 2632 626 2714 omnibus
653 2639 734 2714 aliis
761 2663 1020 2736 quascumque
1048 2639 1306 2734 expectativas
1332 2639 1501 2736 aliasque
1529 2665 1611 2739 gra·

106 2769 180 2842 tias
209 2766 490 2850 nominationes,
513 2763 729 2838 nominandi
748 2789 815 2838 seu
844 2763 1059 2838 conferendi
1088 2763 1267 2838 beneficia
1285 2765 1485 2840 facultates
1506 2781 1546 2840 et
1564 2765 1612 2839 de

109 2894 233 2990 primo
259 2891 447 2965 vacaturis
474 2915 542 2964 seu
570 2890 663 2963 alias
690 2889 874 2985 speciales
903 2887 1178 2964 reservationes
1204 2913 1248 2963 ac
1277 2891 1325 2965 de
1353 2890 1406 2966 sic
1424 2890 1612 2964 vacaturis

106 3042 195 3092 cum
213 3016 400 3090 vacabunt
418 3013 653 3090 conferendis
672 3015 861 3100 mandata,
887 3014 1041 3088 uniones
1062 3038 1216 3110 quoque
1234 3016 1476 3102 annexiones,
1497 3015 1612 3090 incor-

108 3141 338 3240 porationes,
355 3139 656 3235 suppressiones,
673 3137 893 3235 illarumque
908 3163 975 3214 seu
991 3137 1136 3214 illorum
1150 3140 1476 3227 commutationes,
1486 3155 1612 3216 exten-

109 3269 237 3342 siones
263 3291 331 3339 seu
361 3264 648 3340 revalidationes
675 3279 714 3337 et
733 3263 872 3338 similes
893 3289 960 3338 seu
980 3264 1142 3338 maiores
1161 3262 1220 3338 vel
1239 3263 1412 3338 fortiores
1431 3289 1613 3363 preroga-

106 3393 217 3474 tivas‚
242 3388 502 3472 antelationes,
524 3387 807 3473 declarationes,
827 3388 877 3461 ad
905 3387 963 3460 ius
982 3409 1179 3460 commune
1203 3386 1443 3462 reductiones
1465 3389 1612 3484 aliaque

107 3514 386 3598 concessiones,
409 3512 613 3610 privilegia,
634 3511 778 3586 indulta
796 3526 835 3584 et
854 3511 1008 3598 litteras,
1029 3512 1142 3586 etiam
1162 3527 1267 3586 motu
1287 3529 1326 3588 et
1345 3513 1499 3586 scientia
1518 3513 1613 3586 simi-

109 3641 219 3724 libus,
250 3663 317 3713 seu
351 3637 401 3710 ad
433 3636 650 3733 quarumvis
681 3660 930 3732 personarum
967 3634 1278 3731 supplicationem
1306 3634 1365 3711 vel
1398 3639 1613 3712 instantiam

109 3766 183 3838 sub
219 3761 413 3859 quibusvis
448 3761 576 3834 formis
610 3776 649 3834 et
689 3759 994 3856 expressionibus
1031 3761 1233 3834 verborum
1267 3775 1307 3834 et
1343 3785 1426 3833 cum
1463 3763 1614 3858 quibus·

109 3912 274 3984 cumque
302 3885 476 3960 clausulis
504 3900 544 3959 et
576 3885 828 3960 sedandarum
864 3884 983 3958 litium
1019 3908 1064 3958 ac
1101 3885 1412 3959 remunerationis
1449 3886 1613 3960 servitio-

110 4037 207 4098 rum,
236 4010 356 4085 Nobis
383 4025 424 4084 et
452 4011 623 4085 Romane
650 4008 807 4082 ecclesie
835 4010 1101 4106 impensorum,
1133 4034 1200 4084 seu
1224 4009 1433 4084 studiorum
1455 4010 1614 4086 Univer-

110 4137 277 4222 sitatum,
304 4133 575 4230 Capitulorum,
608 4132 862 4232 Collegiorum
891 4149 956 4207 aut
983 4133 1057 4206 alio
1084 4134 1219 4230 quovis
1250 4134 1396 4220 intuitu,
1426 4149 1612 4231 respectu,

109 4261 321 4348 occasione,
350 4285 418 4334 seu
447 4284 563 4334 causa
589 4284 634 4332 ac
657 4262 728 4334 sub
757 4260 1054 4356 quibuscumque
1083 4258 1220 4332 formis·
1242 4274 1281 4332 et
1309 4260 1614 4355 expressionibus

109 4389 312 4461 verborum
340 4407 484 4458 necnon
512 4409 596 4457 cum
625 4384 820 4482 quibusvis
839 4383 1164 4481 derogatoriarum
1182 4383 1439 4484 derogatoriis
1458 4383 1614 4482 aliisque

110 4509 327 4585 fortioribus
353 4523 393 4582 et
412 4509 570 4583 insolitis
588 4510 729 4605 apponi
747 4507 922 4582 clausulis
941 4508 1055 4582 etiam
1084 4507 1220 4582 talibus
1238 4533 1308 4605 per
1327 4534 1423 4605 quas
1442 4512 1613 4585 omnibus

109 4652 149 4710 et
178 4635 336 4733 singulis
364 4633 476 4708 etiam
508 4633 599 4730 ipsis
628 4633 875 4708 Auditoribus
903 4631 961 4707 vel
991 4633 1307 4707 Locatenentibus
1334 4657 1378 4707 ac
1416 4635 1614 4731 descriptis

108 4759 350 4834 familiaribus
378 4760 517 4833 nostris
545 4775 583 4832 et
611 4775 739 4832 sancte
768 4783 923 4832 romane
952 4757 1119 4832 Ecclesie
1148 4756 1420 4846 Cardinalibus,
1451 4760 1487 4833 in
1513 4786 1612 4835 asse·

108 4885 260 4960 cutione
287 4881 552 4958 beneficiorum
580 4882 795 4958 huiusmodi
822 4883 1057 4978 preferantur
1088 4896 1127 4954 et
1155 4881 1309 4977 preferri
1336 4882 1519 4958 deberent
1546 4872 1615 4981 per

111 5037 180 5086 nos
208 5008 269 5084 vel
299 5010 429 5084 sedem
458 5006 664 5103 predictam
694 5007 876 5082 hactenus
912 5030 1092 5080 concessa
1127 5021 1167 5079 et
1203 5007 1449 5104 imposterum
1486 5010 1612 5085 forsan

108 5132 352 5210 concedenda
379 5131 602 5206 habentibus
621 5132 888 5228 cuiuscumque
907 5146 1041 5218 status,
1062 5132 1214 5230 gradus,
1236 5131 1386 5219 ordinis,
1410 5133 1612 5208 nobilitatis

109 5262 167 5336 vel
195 5257 422 5334 conditionis
450 5257 634 5332 habentes
661 5258 733 5351 ipsi
752 5274 790 5330 et
809 5256 879 5331 alie
899 5281 1061 5352 persone
1080 5255 1293 5352 supradicte
1312 5255 1448 5331 fuerint
1466 5260 1613 5334 etiamsi

110 5383 256 5485 Regali,
281 5382 464 5480 Reginali,
493 5381 740 5466 Patriarchali,
766 5378 1094 5478 Archiepiscopali,
1128 5379 1352 5477 Episcopali,
1385 5383 1516 5458 Ducali
1544 5409 1611 5458 seu
