3720 5916
267 319 322 380 426
898 316 1035 376 Saeculo
1053 315 1159 374 XVII

269 512 448 608 Legatos,
483 532 629 583 necnon
667 507 852 582 Camerae
889 521 1045 582 nostrae
1078 504 1325 603 Apostolicae
1364 504 1641 591 Praesidentes,
1679 503 1761 578 Cle·

267 636 375 720 ricos,
406 613 640 718 Auditorem,
671 630 965 706 Thesaurarium
993 645 1033 705 et
1057 629 1262 716 Ministros,
1285 642 1510 725 ceterosque
1528 651 1762 724 quacumque

268 757 538 856 praeminentia
566 773 606 832 et
628 773 820 855 potestate
838 756 1039 854 iungentes
1058 769 1097 830 et
1115 755 1321 841 iuncturos,
1339 753 1486 828 sublata
1504 754 1561 827 eis
1579 770 1620 827 et
1637 777 1763 827 eorum

268 885 416 958 cuilibet
430 884 539 958 aliter
552 881 738 957 iudicandi
756 898 795 956 et
815 880 1085 977 interpretandi
1104 880 1281 954 facultate
1299 895 1340 953 et
1361 879 1597 966 auctoritate,
1619 876 1763 952 iudicari

267 1025 307 1085 et
325 1009 467 1084 definiri
497 1008 648 1091 debere,
670 1031 714 1081 ac
743 1007 884 1080 irn’tum
911 1019 952 1080 et
975 1007 1096 1092 inane,
1117 1005 1150 1079 si
1168 1029 1278 1080 secus
1298 1027 1413 1101 super
1430 1003 1499 1089 his,
1519 1027 1544 1076 a
1561 1026 1760 1098 quoquam,

269 1135 402 1230 quavis
430 1132 664 1216 auctoritate,
695 1131 857 1206 scienter
883 1129 943 1206 vel
971 1131 1199 1229 ignoranter,
1230 1128 1430 1227 contigerit
1455 1129 1643 1203 attentari.

350 1257 535 1354 Quocirca
564 1283 633 1356 pro
670 1273 842 1353 tempore
877 1256 1124 1331 existentibus
1159 1254 1197 1330 S.
1228 1255 1339 1330 Rom.
1369 1252 1560 1328 Ecclesiae
1591 1251 1766 1327 Vicecan·

270 1384 420 1460 cellario
446 1399 486 1457 et
514 1383 671 1458 Datario
698 1407 743 1456 ac
771 1381 908 1456 Curiae
934 1403 1133 1456 causarum
1163 1361 1350 1453 Camerae
1377 1377 1623 1475 Apostolicae
1654 1401 1765 1476 gene·

269 1509 337 1584 rali
366 1508 551 1596 Auditori,
583 1532 653 1605 per
679 1520 913 1604 praesentes,
941 1521 1047 1581 motu
1076 1503 1194 1591 simili,
1224 1505 1461 1590 mandamus,
1480 1518 1669 1601 quatenus
1688 1502 1763 1599 ipsi,
1838 1493 1839 1586 ξ

268 1632 328 1708 vel
355 1633 433 1708 duo
459 1650 526 1707 aut
552 1657 650 1706 unus
677 1646 858 1718 vestrum,
889 1630 921 1704 si
947 1644 988 1704 et
1006 1643 1211 1728 postquam
1231 1629 1354 1704 dictae
1371 1626 1520 1702 litterae
1538 1627 1645 1702 vobis
1664 1651 1764 1724 prae·

269 1772 441 1834 sentatae
468 1757 614 1844 luerint,
645 1781 714 1854 per
742 1781 821 1841 vos,
852 1755 911 1829 vel
938 1754 1063 1840 alium,
1095 1777 1162 1828 seu
1190 1752 1295 1839 alios,
1324 1767 1547 1850 praesentes
1577 1777 1622 1826 ac
1650 1751 1764 1826 ineis
1838 1771 1839 1826 l

270 1899 446 1958 contenta
479 1905 752 1979 quaecumque,
782 1879 845 1955 ubi
881 1895 922 1955 et
957 1880 1112 1976 quando
1148 1903 1246 1975 opus
1282 1879 1404 1967 fuerit,
1437 1892 1478 1951 et
1512 1879 1664 1974 quoties
1699 1899 1765 1974 pro

269 2023 378 2105 parte
416 2007 600 2081 dictorum
634 2005 874 2091 Auditorum,
922 2003 1283 2092 Locumtenentium,
1323 2027 1391 2078 seu
1432 2003 1588 2077 alicuius
1623 2025 1762 2087 eorum,
1838 2015 1839 2018 ’

269 2133 434 2228 desuper
460 2129 597 2204 suerint
624 2128 805 2226 requisiti,
835 2126 1055 2203 solemniter
1073 2128 1321 2226 publicantes,
1342 2128 1475 2224 eisque
1496 2127 1533 2199 in
1552 2125 1766 2224 praemissis
1838 2133 1839 2136 ’

268 2255 486 2331 efficacioris
508 2253 736 2330 defensionis
755 2253 944 2351 praesidio
962 2251 1198 2340 assistentes,
1219 2252 1365 2338 faciant,
1386 2251 1611 2327 auctoritate
1629 2265 1763 2333 nostra,

269 2405 337 2456 eos
372 2396 412 2456 et
445 2405 576 2454 eorum
613 2379 821 2476 quemlibet
856 2378 1141 2476 approbatione,
1184 2376 1478 2464 confirmatione,
1521 2375 1764 2460 adiunctione,

269 2505 515 2591 innovatione,
546 2505 800 2590 concessione,
831 2503 989 2592 indulto,
1018 2501 1272 2600 ampliatione,
1300 2501 1568 2600 assignatione,
1607 2499 1766 2598 applica·

269 2632 381 2718 tione,
410 2630 695 2728 approbatione,
722 2629 972 2727 suppletione,
995 2627 1202 2715 sanatione,
1223 2623 1435 2712 abolitione,
1456 2628 1611 2701 decreto
1629 2650 1675 2701 ac
1691 2624 1765 2700 aliis

272 2756 478 2854 premissis,
507 2754 658 2853 pacifice
686 2754 756 2827 frui
784 2769 824 2828 et
850 2753 1037 2852 gaudem
1068 2776 1141 2829 non
1170 2751 1443 2850 permittentes,
1473 2775 1543 2826 eos
1569 2775 1639 2849 per
1655 2774 1766 2847 quos·
1838 2823 1839 2840 ,

266 2904 439 2977 cumque,
472 2877 769 2976 quomodolibet,
803 2878 967 2953 indebite
1000 2875 1214 2967 molestari;
1252 2875 1561 2951 Contradictores
1587 2891 1628 2949 et
1655 2873 1767 2950 rebel-

264 3002 334 3090 los,
364 3002 588 3078 auctoritate
609 3017 741 3077 nostra
759 3001 940 3100 praelata,
961 3001 1215 3099 appellatione
1233 2998 1459 3098 postposita,
1480 2998 1763 3097 compescendo,

266 3130 438 3203 invocato
465 3128 514 3201 ad
542 3126 625 3212 hoc,
656 3126 687 3200 si
706 3149 805 3222 opus
824 3126 946 3211 luerit,
967 3123 1106 3200 auxilio
1125 3124 1272 3201 Brachii
1291 3123 1504 3212 saecularis,
1526 3148 1600 3198 non
1618 3125 1765 3198 obstan·

266 3253 379 3340 tibus,
409 3267 597 3348 quatenus
625 3274 724 3347 opus
752 3251 811 3335 sit,
833 3251 979 3348 piarum
997 3276 1120 3326 mem:
1142 3249 1343 3325 Simmachi
1360 3265 1401 3324 et
1419 3249 1522 3324 Pauli
1542 3249 1588 3336 11,
1606 3248 1708 3323 Pauli
1720 3247 1764 3320 lll

267 3393 307 3452 et
333 3375 491 3451 aliorum
521 3375 777 3449 Romanorum
816 3373 1046 3460 Pontificum,
1081 3376 1418 3472 praedecessorum
1454 3390 1681 3458 nostrorum,
1718 3372 1764 3445 de

269 3503 382 3576 rebus
407 3498 678 3575 Ecclesiasticis
697 3516 736 3574 et
756 3499 941 3574 Camerae
961 3501 1154 3597 praefatae
1172 3523 1247 3574 non
1265 3498 1484 3586 alienandis,
1499 3521 1544 3574 ac
1561 3522 1636 3573 rec.
1657 3521 1761 3571 mem.

269 3627 321 3700 Pii
340 3625 464 3720 Papae
479 3621 626 3717 Quarti,
648 3623 952 3722 praedecessoris
970 3625 1112 3721 pariter
1130 3625 1260 3711 nostri,
1277 3623 1326 3699 de
1344 3623 1477 3722 gratiis
1494 3621 1764 3720 qualecumque

268 3752 452 3824 interesse
482 3749 606 3823 dictae
641 3749 827 3824 Camerae
860 3751 1176 3824 concernentibus
1225 3749 1262 3822 in
1303 3750 1438 3824 eadem
1474 3747 1637 3822 Camers
1672 3747 1763 3820 intra

267 3889 412 3949 certum
449 3889 538 3948 tunc
573 3898 800 3971 expressum
835 3889 985 3970 tempus
1023 3875 1261 3971 praestandis
1301 3890 1341 3948 et
1378 3871 1635 3972 registrandis,
1673 3871 1764 3944 itaut

267 4001 369 4096 ipsas
397 4013 619 4094 praesentes
647 3999 791 4072 litteras
811 3997 947 4072 ibidem
967 4001 1211 4096 praesentari,
1232 3996 1378 4072 admitti
1396 4012 1436 4072 et
1454 3997 1650 4096 registrari
1667 4019 1763 4070 num·

268 4149 381 4221 quam
411 4147 566 4198 necesse
594 4123 653 4210 sit,
684 4149 753 4198 nec
781 4145 857 4197 non
884 4139 1016 4198 nostra
1033 4139 1073 4198 et
1092 4122 1347 4198 Cancellariae
1366 4121 1611 4220 Apostolicae
1639 4120 1764 4220 regula

267 4248 315 4321 de
342 4272 416 4323 non
444 4245 612 4322 tollendo
641 4247 719 4322 iure
747 4249 932 4344 quaesito,
963 4248 1122 4346 aliisque
1150 4247 1493 4322 Constitutionibus
1529 4263 1569 4320 et
1605 4247 1762 4322 Ordina-

266 4372 429 4447 tionibus
456 4373 685 4470 apostolicis,
715 4372 826 4446 editis
853 4389 893 4447 et
920 4372 1088 4458 edendis,
1120 4396 1189 4446 nec
1215 4395 1289 4446 non
1308 4373 1421 4447 etiam
1441 4373 1663 4458 iuramento,
1683 4393 1762 4444 con-

266 4497 476 4571 firmatione
505 4497 737 4594 Apostolica,
767 4497 827 4570 vel
855 4497 990 4591 quavis
1017 4496 1193 4572 firmitate
1221 4497 1294 4570 alia
1321 4495 1520 4583 roboratis,
1550 4495 1700 4570 statutis
1725 4510 1761 4566 et

265 4622 399 4696 litteris
426 4621 655 4720 apostolicis,
687 4625 759 4697 sub
788 4621 1089 4720 quibuscumque
1117 4624 1319 4697 verborum
1349 4623 1542 4696 tenoribus
1561 4637 1601 4696 et
1627 4619 1757 4701 formis,

267 4762 419 4821 etcum
447 4747 642 4843 quibusvis
679 4747 1006 4844 derogatoriarum
1043 4747 1296 4844 derogatoriis
1324 4747 1359 4819 in
1396 4746 1623 4820 contrarium
1658 4767 1758 4842 prae·

266 4871 466 4945 missorum
494 4896 563 4967 per
589 4894 851 4966 quoscumque
879 4872 988 4946 Rom.
1021 4871 1230 4959 Pontifices,
1260 4870 1575 4969 praedecessores
1604 4887 1754 4952 nostros,

267 5019 311 5068 ac
340 5020 410 5070 nos
437 5012 478 5069 et
503 4997 642 5070 Sedem
672 4997 945 5093 Apostolicam,
975 5022 1058 5070 cum
1087 4997 1283 5092 quibusvis
1319 4995 1495 5072 clausulis
1531 5013 1571 5070 et
1607 4993 1756 5071 decretis

265 5121 378 5194 etiam
406 5121 551 5196 iteratis
578 5121 720 5196 vicibus
749 5121 968 5197 Secretariis
996 5121 1228 5218 Apostolicis
1256 5146 1300 5197 ac
1329 5121 1514 5196 Camerae
1546 5139 1586 5196 et
1614 5115 1754 5195 Cancel-

265 5244 381 5320 lariae
419 5245 725 5343 Apostolicarum
754 5245 998 5331 Officialibus,
1035 5271 1079 5322 ac
1107 5247 1156 5322 de
1183 5247 1381 5330 communi,
1410 5261 1451 5320 et
1477 5261 1627 5334 annata,
1655 5241 1753 5319 acin

266 5369 431 5466 plumbo,
462 5393 530 5444 nec
559 5395 632 5444 non
661 5370 709 5446 de
736 5371 929 5467 quibusvis
956 5371 1037 5445 aliis
1071 5369 1335 5446 emolumentis
1368 5369 1685 5468 participantibus,
1719 5378 1753 5438 et
