3686 5916
700 311 881 371 Benedicta
900 311 988 372 XIV
1475 315 1478 322 '
1537 313 1592 372 537

176 501 368 598 idipsum
404 528 526 599 nuper
561 503 751 602 agendum
780 504 955 578 duximus
992 505 1028 576 in
1066 502 1204 592 Causa,
1244 531 1343 602 quae
1376 508 1592 581 vertebatur

99 629 193 702 inter
219 627 377 702 dilectos
406 627 520 704 Filios
555 628 777 715 Canonicos,
808 645 849 702 et
877 627 1093 726 Capitulum
1131 629 1322 704 Ecclesiae
1360 629 1595 730 Collegiatae

100 751 413 828 Odenheimensis
451 752 631 828 Bruchsal
667 778 715 828 ex
752 777 838 840 una,
877 767 917 828 et
948 752 1125 828 dilectum
1163 753 1296 829 Filium
1335 755 1592 830 Promotorem

99 875 278 950 Fiscalent
309 877 445 952 Curiae
474 876 711 974 Episcopalis
738 875 928 976 Spirensis
956 904 1004 953 ex
1030 876 1149 954 altera
1183 879 1364 965 Partibus,
1396 905 1509 978 quam
1546 881 1595 956 ad

99 1001 276 1076 Nostram
303 1001 554 1100 cognitionem
582 1026 606 1075 a
634 1026 874 1100 quocumque
894 1000 1085 1076 Tribunali
1113 1015 1321 1092 avocatam,
1343 1022 1595 1102 posteaquam

98 1125 327 1211 Advocatos,
357 1127 554 1223 utriusque
592 1126 712 1200 Partis
747 1127 830 1201 lura
867 1142 942 1200 tarn
979 1154 1083 1216 voce,
1114 1153 1228 1224 quam
1266 1130 1407 1227 scripto
1445 1148 1595 1206 tuentes

97 1251 315 1338 audivimus,
337 1248 560 1347 Apostolica
587 1251 737 1349 aliaque
758 1251 955 1351 Privilegia
983 1268 1099 1349 atque
1118 1252 1346 1350 Diplomata,
1368 1269 1597 1352 coeteraque

98 1375 220 1450 omnia
248 1401 317 1472 per
346 1377 427 1450 Nos
454 1377 559 1472 ipsos
587 1391 760 1451 accurate
778 1377 1021 1474 inspeximus,
1043 1393 1082 1452 et
1101 1378 1278 1452 interiora
1298 1379 1447 1454 Causae
1476 1380 1597 1454 rimati

97 1525 237 1588 sumus,
268 1501 410 1600 rogatis
438 1503 656 1576 eorumdem
685 1502 905 1576 dilectorum
935 1499 1113 1576 Filiorum
1147 1503 1276 1578 Palatii
1312 1503 1443 1578 Nostri
1480 1505 1595 1581 Audi-

97 1641 219 1700 torum
248 1626 453 1712 sententiis,
483 1627 533 1700 ad
562 1628 792 1720 parcendum
810 1627 1035 1726 litigantium
1054 1627 1241 1724 expensis,
1264 1644 1304 1702 et
1323 1627 1596 1704 consulendum

95 1751 184 1845 paci,
215 1765 255 1826 et
280 1752 503 1828 concordiae
532 1749 795 1838 Ecclesiarum,
826 1775 926 1850 quae
958 1751 1172 1826 huiusmodi
1204 1752 1330 1828 litibus
1367 1772 1407 1829 et
1444 1769 1596 1830 contro·

96 1877 228 1950 versiis
247 1899 320 1952 non
347 1877 500 1974 paulum
527 1875 807 1963 interturbatur,
828 1876 1052 1974 interposito
1081 1902 1259 1973 supremo
1278 1878 1416 1954 Iudicio
1440 1879 1593 1964 Nostro,

49 2055 52 2061 ·
96 2015 135 2074 et
152 2001 376 2076 auctoritate
393 2002 622 2100 Apostolica,
643 1999 758 2076 modo
776 2019 815 2077 et
833 2001 953 2076 forma
972 2000 1122 2077 inferius
1150 2026 1173 2076 a
1193 2001 1312 2078 Nobis
1331 2003 1595 2101 exprimendis,

101 2126 299 2200 terminare
325 2124 523 2201 voluimus.

179 2249 453 2324 Monasterium
479 2250 516 2324 in
548 2249 633 2325 loco
666 2247 879 2325 Odenheim
914 2266 975 2326 etc
979 2308 1594 2330 ..........

178 2497 289 2592 Quae
317 2498 499 2574 hactenus
526 2524 550 2606 a
577 2498 698 2574 Nobis
725 2501 899 2597 exposita
927 2515 1026 2589 sunt,
1056 2501 1301 2577 fundamenta
1319 2501 1470 2575 suerunt
1488 2501 1598 2576 ratio-

99 2650 196 2710 num,
227 2625 365 2721 quibus
392 2623 504 2700 innixi
532 2623 668 2698 Dilecti
698 2622 778 2697 Filii
805 2623 1017 2721 Apostolici
1055 2623 1183 2701 Palatii
1219 2624 1350 2702 Nostri
1378 2625 1597 2713 Auditores,

99 2749 159 2824 die
192 2771 237 2845 15
267 2749 387 2846 elapsi
414 2749 554 2824 mensis
582 2749 818 2846 Septembris
846 2775 972 2825 coram
1001 2750 1132 2836 Nobis,
1164 2766 1205 2826 ut
1233 2750 1372 2825 dictum
1401 2766 1471 2834 est,
1510 2773 1600 2824 con·

98 2874 248 2975 gregati
275 2873 475 2973 rogatique
502 2873 593 2973 quid
621 2889 818 2949 censerent
843 2873 893 2948 de
918 2875 1141 2973 quaestione
1163 2875 1199 2950 in
1218 2874 1317 2950 hunc
1336 2874 1489 2950 modum
1509 2899 1599 2972 pro-

100 3001 244 3096 posita:
280 3000 384 3074 <An
416 3007 549 3074 corum
582 2999 626 3074 a'e
660 3001 884 3098 exemptione
920 2999 1086 3099 Capr'tuli
1117 3000 1162 3075 ab
1202 2999 1416 3074 ordinant
1446 2999 1597 3075 iurudi·

108 3125 258 3200 ‹ctiom
283 3123 465 3225 Episcopi,
496 3125 537 3198 in
562 3126 719 3200 camb
759 3140 843 3212 etc,
879 3123 1042 3214 unanimi
1077 3149 1265 3200 consensu
1301 3124 1597 3223 responderunt:

106 3251 336 3348 ‹ll'cgativa
365 3249 480 3324 salvis
506 3247 799 3326 ordinationibus
825 3250 866 3324 in
892 3259 976 3324 actu
1003 3247 1260 3324 tramlautmt
1278 3277 1316 3325 ν.
1346 3249 1488 3324 Eorum
1517 3274 1599 3325 sen·

100 3375 268 3463 tentiam,
297 3399 411 3471 quam
438 3375 622 3472 aequitati
647 3388 687 3450 et
713 3373 877 3450 iustitiae
904 3398 1119 3462 consonam,
1150 3390 1190 3450 et
1218 3373 1418 3482 Canonicis
1446 3373 1601 3447 sanctio-

101 3499 210 3574 nibus
225 3515 517 3574 consentaneam
536 3499 761 3587 censuimus,
783 3500 917 3574 eadem
937 3500 998 3575 die
1017 3497 1180 3597 amplexi
1200 3524 1351 3586 sumus;
1381 3520 1478 3574 nunc
1496 3522 1600 3587 vero,

101 3641 142 3697 ut
163 3649 221 3712 ea,
253 3649 351 3722 quae
379 3650 402 3700 a
430 3626 551 3700 Nobis
578 3627 627 3700 de
654 3626 948 3722 praemissorum
967 3625 1133 3710 consilio,
1163 3640 1279 3723 atque
1298 3623 1412 3698 etiam
1436 3625 1601 3699 omnium

100 3749 287 3823 rationum
316 3749 517 3824 ntomentis
543 3773 614 3845 per
642 3749 723 3823 Nos
751 3748 858 3847 ipsos
883 3765 1031 3822 mature
1051 3748 1259 3845 perpensis,
1280 3745 1603 3842 consideratisque

101 3874 217 3948 totius
246 3873 320 3948 litis
346 3873 608 3948 instrumentis
646 3890 686 3948 et
720 3898 817 3972 quae
854 3872 938 3948 hinc
975 3873 1062 3948 inde
1098 3872 1248 3947 fuerunt
1274 3872 1481 3971 proposita,
1521 3869 1603 3945 dili·

100 4015 239 4095 genter
264 3998 414 4086 auditis,
443 3999 595 4074 definita
622 4015 720 4086 sunt,
751 4000 788 4072 in
807 3997 971 4073 loturum
991 4023 1143 4094 semper
1162 3996 1321 4084 valeant,
1342 4013 1382 4072 et
1399 4019 1601 4094 perennem
1717 4073 1720 4080 ,

100 4123 299 4198 obtineant
334 4125 558 4213 firmitatem,
598 4125 667 4199 hac
705 4123 847 4199 Nostra
885 4125 920 4196 in
949 4139 1175 4221 perpetuum
1212 4123 1370 4198 valitura
1408 4121 1603 4196 sanctione

102 4247 342 4324 decernendo
380 4250 681 4345 pronunciamus,
727 4266 767 4325 et
808 4249 1091 4346 pronunciando
1132 4249 1393 4324 decernimus:
1444 4275 1462 4319 ‹
1494 4245 1601 4346 Capi·

102 4372 259 4446 tulum»
294 4389 366 4450 etc.

184 4621 328 4697 Datum
359 4624 513 4709 Romae,
542 4623 645 4720 apud
674 4623 850 4697 Sanctam
877 4599 1038 4696 ¹Mariam
1067 4622 1262 4709 Maiorem,
1302 4645 1402 4696 anno
1438 4621 1604 4694 lncarna-
1649 4663 1651 4668 ·

100 4747 197 4821 tioni
233 4747 451 4823 Dominicae
485 4747 681 4822 millesimo
719 4746 1058 4847 septingentesimo
1095 4745 1388 4845 quadragesimo
1428 4725 1621 4842 septimo,¹

103 4871 364 4948 decimosexto
393 4871 585 4947 Kalendas
615 4872 847 4958 Decembris,
880 4870 1121 4948 Pontificatus
1148 4871 1279 4945 Nostri
1299 4871 1412 4944 Anno
1441 4868 1600 4944 Octavo.
