3688 5924
740 315 906 376 Clemente
923 318 945 378 I
950 319 978 376 V

815 681 878 760 43.

107 841 260 917 Clemens
287 845 358 920 IV
379 845 473 944 (126
479 847 641 942 5-1268)
670 845 867 942 confirmat
891 845 1105 920 sententiam
1141 873 1166 919 a
1203 845 1393 944 Magistro
1421 845 1596 920 Berardo

178 967 223 1041 de
249 969 422 1068 Neapoli,
452 969 678 1044 Snbdeizcono
695 979 731 1044 et
747 971 909 1044 Notario
927 995 1001 1057 suo,
1023 970 1138 1044 latam
1156 972 1196 1044 c'n
1214 998 1326 1045 cansa
1345 973 1442 1046 inter
1459 972 1600 1076 altprect

178 1093 364 1168 discretos
391 1097 503 1170 viros·
519 1095 660 1170 domini
688 1095 789 1192 Pape
819 1095 1047 1194 Capelianos
1069 1103 1104 1168 et
1121 1097 1377 1170 Rae'mnndum
1396 1097 1440 1170 de
1462 1095 1595 1180 Croszs,

181 1215 332 1292 Comere
352 1217 543 1304 Cloe-reum,
567 1245 678 1318 quam
697 1229 805 1294 anna
819 1220 1105 1294 examinandam
1121 1236 1160 1294 et
1174 1221 1407 1295 iudicandam
1423 1221 1471 1294 de
1485 1220 1597 1318 plano

178 1343 259 1416 sine
287 1343 408 1418 iudicii
437 1346 596 1442 strepitu
625 1362 665 1420 et
692 1344 816 1420 libello
835 1345 1065 1418 commiserat
1081 1343 1293 1419 Venerabili
1313 1345 1392 1419 viro
1411 1345 1598 1444 Magistro

180 1467 313 1564 Helye‚
334 1467 528 1564 capellano
556 1493 626 1544 suo
653 1485 693 1543 et
720 1493 918 1544 causarum
945 1468 1072 1568 palatii
1097 1469 1263 1568 generali
1283 1470 1469 1558 Auditori,
1490 1468 1598 1543 misso

176 1591 307 1665 deinde
324 1592 365 1666 in
380 1602 511 1692 parles
535 1593 573 1668 Τ
568 1593 663 1668 uscze
680 1602 722 1666 nt
743 1593 835 1667 inin
850 1593 1011 1668 servitiis
1029 1595 1220 1668 Romanae
1238 1593 1421 1668 Ecclesiae
1438 1603 1595 1670 vacaret.

176 1759 194 1771 ·
224 1717 410 1792 Notarius
435 1719 630 1818 apostoliea
657 1726 692 1792 et
717 1717 914 1815 Imperricli
938 1719 1163 1794 anctoritate.

177 1885 274 1958 (Res.
292 1887 386 1962 Vxn,
409 1889 468 1960 32,
487 1889 552 1964 sol.
570 1888 639 1950 221
657 1905 762 1962 verso,
785 1906 841 1948 are.
861 1889 883 1949 I
887 1890 921 1962 V,
946 1907 978 1948 n.
997 1890 1066 1960 20,·
1091 1875 1250 1950 Eunonen
1268 1891 1403 1966 Jonosn,
1425 1891 1461 1949 in
1486 1891 1598 1950 «Br'bl.

104 1976 155 2034 des
172 1957 291 2037 licotes
301 1976 417 2050 franc.
435 1983 491 2037 etc.
510 1977 576 2038 Les
594 1978 767 2052 Regr'stres
785 1979 825 2037 cte
845 1979 995 2039 clement
1011 1979 1033 2039 I
1038 1979 1072 2052 V,
1091 1981 1206 2054 Paris,
1224 1979 1311 2040 1893
1323 2005 1351 2052 »,
1369 1997 1401 2038 n.
1419 1979 1509 2052 622).

1163 2205 1241 2278 1268,
1261 2205 1368 2264 martii
1387 2205 1432 2280 28,
1450 2203 1599 2264 Viterbii.

183 2355 437 2429 ‹Raimundo
465 2355 514 2430 de
542 2353 682 2442 Crosis,
713 2379 861 2430 camere
899 2369 1027 2428 nostre
1055 2353 1201 2440 clerico,
1230 2354 1409 2428 canonico
1451 2353 1599 2428 Narbo·

102 2480 217 2554 nensi.
247 2479 288 2552 ln
318 2495 447 2554 nostra
474 2479 752 2576 proposuisti...
783 2479 972 2554 Tenorem
999 2480 1116 2576 ipsius
1143 2478 1388 2564 instrumenti,
1419 2479 1476 2552 cui
1504 2478 1599 2552 sicut

103 2605 273 2703 originali
300 2603 412 2679 fidem
440 2602 687 2700 indubitatam
714 2603 882 2678 adhiberi
910 2601 1094 2688 volumus,
1125 2605 1174 2677 de
1209 2604 1327 2678 verbo
1358 2601 1407 2676 ad
1441 2604 1597 2676 verbum

100 2729 339 2824 presentibus
366 2729 478 2803 inseri
506 2727 696 2814 iacientes,
726 2729 789 2826 qui
816 2727 902 2802 talis
930 2744 1008 2803 est:

182 2853 266 2926 «ln
294 2852 443 2928 nomine
472 2851 623 2927 Domini
650 2851 785 2928 Amen.
818 2851 887 2928 Per
923 2852 1108 2928 discretos
1136 2853 1237 2927 viros
1274 2851 1477 2950 magistros
1515 2851 1598 2925 Rai-

98 2979 281 3053 mundum
329 2976 500 3064 Barbelli,
548 2976 743 3052 officialem
789 2977 1087 3063 Narbonensem,
1133 2975 1371 3052 Guillelmum
1414 2976 1596 3073 Folquini,

99 3103 330 3178 Aimericum
367 3103 415 3178 de
453 3101 709 3189 Monteacuto,
750 3101 983 3176 Bernardum
1020 3104 1068 3177 de
1110 3099 1382 3200 Languiscello,
1417 3101 1599 3176 archidia-

96 3251 234 3302 conum
262 3226 559 3302 Lateranensem
594 3227 631 3301 in
664 3227 821 3303 ecclesia
841 3225 1068 3314 Tholosana,
1090 3227 1229 3301 domini
1252 3251 1352 3324 pape
1371 3227 1597 3324 capellanos,

98 3369 135 3426 et
161 3353 420 3428 Raimundum
448 3351 497 3426 de
525 3350 669 3439 Crosis,
690 3376 838 3427 camere
857 3352 974 3449 ipsius
993 3353 1132 3426 domini
1159 3375 1259 3448 pape
1277 3351 1462 3438 clericum,
1484 3376 1600 3449 super

97 3479 315 3572 provisione
347 3501 415 3552 sua
453 3479 487 3550 in
525 3476 683 3552 ecclesia
721 3478 958 3552 Narbonensi
994 3501 1017 3552 a
1055 3475 1168 3552 felicis
1205 3477 1475 3550 recordationis
1509 3474 1599 3550 rile-

96 3603 243 3676 xandro
258 3615 299 3675 et
318 3599 485 3688 Urbano,
508 3601 688 3676 Romanis
707 3601 956 3698 pontificibus,
979 3625 1122 3676 necnon
1137 3617 1176 3675 et
1194 3629 1218 3675 a
1236 3601 1472 3676 sanctissimo
1491 3619 1600 3698 patre

97 3727 252 3802 domino
280 3741 411 3801 nostro
440 3725 636 3802 Clemente
665 3727 787 3802 divina
815 3727 1051 3824 providentia
1070 3750 1218 3801 summo
1235 3725 1421 3824 pontifice,
1442 3727 1599 3800 diversis

96 3871 134 3926 et
161 3853 238 3926 sub
267 3850 425 3926 diversis
453 3851 580 3925 formis
608 3851 740 3926 litteris
768 3851 987 3950 impetratis,
1018 3868 1057 3926 et
1083 3850 1270 3946 aliquibus
1297 3850 1418 3924 exeis
1437 3851 1599 3947 receptis
1636 3899 1643 3914 ·

97 3977 130 4050 in
158 3977 299 4052 eadem
326 3974 483 4051 ecclesia
511 3977 547 4050 in
576 3975 773 4051 canonicos
802 3995 840 4050 et
867 3976 903 4050 in
923 3977 1067 4062 fratres,
1089 3976 1247 4076 contigit
1264 3976 1351 4050 inibi
1370 4001 1439 4072 per
1455 3976 1598 4049 obitum

96 4101 290 4178 Guillelmi
319 4101 427 4188 Petri,
458 4100 624 4176 canonici
650 4099 818 4176 eiusdem
846 4101 1014 4188 ecclesie,
1044 4099 1246 4198 quamdam
1274 4124 1407 4175 vacare
1440 4101 1600 4197 preben-

95 4228 194 4302 dam.
227 4226 326 4324 Ipsis
354 4227 482 4322 itaque
510 4227 822 4302 contendentibus
851 4227 936 4324 quis
963 4227 999 4299 in
1026 4226 1087 4300 illa
1115 4228 1240 4322 potior
1267 4226 1479 4310 haberetur,
1501 4225 1598 4300 idem

95 4352 275 4428 dominus
304 4367 432 4425 noster
460 4349 637 4426 Clemens
664 4349 794 4425 volens
822 4374 952 4425 eorum
972 4375 1126 4449 parcere
1145 4349 1334 4426 laboribus
1353 4367 1391 4426 et
1409 4352 1596 4448 expensis,

95 4471 304 4550 venerabili
331 4474 412 4548 viro
441 4475 622 4574 magistro
662 4471 796 4570 Helye‚
826 4472 1020 4571 capellano
1058 4499 1127 4549 suo
1164 4490 1203 4547 et
1239 4499 1435 4549 causarum
1474 4473 1599 4572 palatii

95 4599 268 4698 generali
295 4597 468 4686 auditori,
498 4599 673 4674 canonico
704 4597 933 4685 Belvacensi,
964 4599 1158 4686 commisit,
1181 4615 1222 4673 ut
1249 4601 1462 4674 convocatis
1482 4597 1601 4674 omni-

96 4725 166 4800 bus
195 4724 267 4822 qui
293 4724 351 4797 ius
378 4725 414 4796 in
441 4725 575 4800 eadem
601 4723 794 4820 prebenda
821 4722 990 4798 dicerent
1016 4723 1076 4798 vel
1103 4723 1301 4798 crederent
1320 4749 1361 4798 se
1380 4723 1530 4812 habere,
1552 4724 1600 4798 de

95 4853 224 4947 plano,
256 4848 337 4922 sine
365 4847 487 4924 iudicii
515 4849 671 4945 strepitu
699 4865 739 4923 et
766 4846 901 4936 libello,
931 4849 1135 4924 discuteret
1162 4848 1220 4921 cui
1248 4849 1439 4945 prebenda
1466 4851 1599 4924 eadem

95 4977 314 5061 deberetur,
335 4990 375 5050 et
401 4974 450 5049 illi
476 4974 707 5050 adiudicaret
730 4973 900 5049 eandem.
923 4971 1011 5066 Quo
1029 4973 1193 5058 tandem,
1215 4989 1304 5072 post
1330 4971 1599 5072 aliquantulum

96 5123 322 5198 processum
353 5123 467 5195 super
494 5098 564 5172 hiis
591 5098 769 5184 habitum,
800 5099 847 5172 de
877 5097 1055 5172 mandato
1081 5098 1199 5195 ipsius
1218 5097 1357 5171 domini
1375 5098 1411 5172 in
1430 5098 1599 5194 partibus

95 5225 237 5300 Tuscie
260 5221 420 5296 servitiis
439 5221 595 5298 ecclesie
615 5224 786 5299 Romane
799 5241 968 5307 vacante,
984 5220 1082 5295 idem
1101 5223 1273 5296 dominus
1288 5237 1417 5296 noster
1431 5247 1598 5294 summus

98 5349 276 5448 pontifex
303 5347 410 5422 nobis
439 5347 607 5423 Berardo
635 5348 684 5422 de
713 5347 884 5443 Neapoli,
907 5347 1138 5420 subdiacono
1156 5363 1195 5419 et
1215 5345 1360 5419 notario
1380 5370 1459 5431 suo,
1484 5369 1598 5442 nego·

1503 5533 1515 5568 ⁴
