3686 5916
711 292 877 351 Clemente
896 290 982 351 XIV
1297 284 1302 292 '
1521 282 1594 392 '59'9

95 489 344 572 commodum,
360 505 401 561 et
419 487 584 560 savorem
598 512 621 560 a
636 486 817 560 Romanis
838 485 1077 560 Pontificibus
1093 485 1411 560 Antecessoribus
1431 487 1594 571 Nostris,

94 613 318 709 praesertim
335 612 498 686 Martino
515 610 558 698 V,
577 611 667 684 lulio
683 610 723 696 Il,
743 611 871 684 Leone
891 610 939 697 X,
959 609 1155 684 Clemente
1169 608 1248 696 VII,
1266 611 1475 688 Benedicto
1492 611 1593 698 XIV,

95 757 135 812 et
163 763 282 834 nuper
310 765 332 811 a
362 737 557 811 Clemente
587 737 684 849 Xlll,
707 736 840 820 editae,
862 761 907 809 ac
934 737 1195 834 promulgatae
1223 738 1347 824 fuere;
1379 738 1597 812 Dummodo

96 887 170 935 non
200 864 274 936 sint
301 889 481 959 expresse
510 877 708 936 revocatae
736 877 775 934 et
804 862 968 934 Nostrae
996 862 1079 934 huic
1100 886 1250 956 semper
1270 863 1449 936 valiturae
1469 864 1597 959 dispo-

94 989 217 1060 sitioni
246 1013 319 1061 non
347 986 606 1072 adversentur,
639 987 748 1060 Motu
777 988 941 1083 proprio,
973 1003 1013 1058 et
1048 1011 1096 1058 ex
1132 1001 1235 1061 certa
1272 988 1436 1070 scientia,
1467 1013 1596 1061 earum

95 1126 247 1185 tenores
278 1137 345 1206 pro
373 1111 563 1207 expressis
591 1111 784 1197 habentes,
807 1111 855 1184 de
874 1110 1119 1206 Apostolicae
1146 1111 1347 1208 potestatis
1366 1110 1596 1207 plenitudine

94 1235 362 1332 adprobamus,
382 1253 422 1310 et
449 1236 724 1322 confirmamus,
745 1249 785 1308 et
812 1252 999 1330 quatenus
1028 1259 1125 1330 opus
1154 1235 1213 1316 sit,
1235 1260 1282 1308 ex
1310 1238 1459 1333 integqo
1487 1261 1596 1310 reno-

94 1385 240 1448 vamus,
262 1387 405 1458 easque
432 1362 686 1436 omnimodam
714 1377 754 1433 et
780 1361 985 1456 plenariam
1006 1362 1249 1456 imposterum
1270 1361 1409 1435 habere
1428 1386 1597 1459 exequu-

93 1488 234 1560 tionem
264 1488 449 1573 volumus‚
479 1503 518 1560 et
546 1489 778 1560 mandamus.

180 1637 214 1686 2.
235 1611 350 1685 Suam
380 1637 471 1684 vero
499 1636 590 1707 prae
619 1612 777 1684 caeteris
797 1609 1009 1685 firmitatem
1029 1609 1170 1683 habere
1189 1611 1448 1706 praecipimus,
1472 1612 1597 1685 lndul·

92 1751 176 1809 tum
203 1737 292 1810 illud
321 1737 523 1810 innocentii
546 1736 594 1820 X,
611 1762 634 1808 a
661 1735 815 1808 laudato
836 1733 1042 1808 Benedicto
1061 1735 1152 1806 XIV
1172 1734 1207 1806 in
1227 1761 1295 1810 sua
1315 1736 1595 1811 Constitutione

93 1861 266 1956 incipien.
297 1860 505 1935 Praeclare
538 1861 676 1934 deletae
709 1862 1030 1944 commendatum;
1066 1883 1145 1954 quo
1181 1861 1361 1952 praedicti
1388 1862 1596 1936 Auditores

93 1987 319 2082 consequuti
348 2004 436 2059 sunt
462 1987 678 2059 facultatem
714 1949 901 2069 induendi,
932 2009 976 2057 ac
1003 1983 1195 2056 deserendi
1224 1984 1485 2072 Rocchettum,
1515 1989 1596 2062 sive

94 2111 187 2184 dum
214 2111 263 2184 ad
293 2111 453 2184 Romani
488 2110 674 2184 Pontificis
712 2133 781 2204 pro
810 2125 981 2204 tempore
1009 2109 1206 2182 existentis
1233 2109 1487 2197 Audientiam,
1517 2113 1596 2186 sive

93 2237 186 2310 dum
214 2235 262 2308 ad
293 2234 502 2308 Pontificias
532 2233 746 2330 Cappellas,
776 2249 816 2307 et
849 2232 1087 2318 Functiones,
1118 2234 1197 2306 sive
1233 2232 1323 2305 dum
1358 2234 1407 2306 ad
1440 2236 1593 2310 Audito·

93 2359 191 2432 rium
219 2360 412 2446 accedunt,
443 2383 486 2432 ac
514 2361 600 2432 inde
632 2359 841 2433 discedunt.
873 2357 1062 2431 Edicimus
1091 2373 1305 2454 propterea,
1335 2373 1374 2432 et
1408 2375 1596 2454 quatenus

93 2508 194 2580 opus
222 2483 271 2556 sit
297 2484 467 2581 ampliori
494 2485 608 2558 modo
636 2483 882 2568 declaramus
913 2483 1118 2556 Auditores
1147 2484 1251 2578 ipsos
1279 2506 1352 2556 non
1386 2499 1530 2571 tantum
1559 2488 1596 2561 in

94 2608 245 2683 casibus
273 2607 502 2704 praemissis,
532 2624 648 2704 atque
676 2609 712 2680 in
741 2607 1010 2682 Functionibus
1039 2606 1163 2680 Sacris
1191 2609 1501 2704 quibuscumque,
1528 2611 1596 2684 sed

94 2733 210 2807 etiam
239 2734 411 2807 omnibus
440 2737 601 2818 omnino,
623 2758 667 2806 ac
690 2734 847 2830 singulis
874 2732 1025 2819 vicibus,
1047 2757 1092 2805 ac
1110 2733 1352 2827 temporibus,
1374 2733 1509 2827 quibus
1529 2761 1597 2810 eos

93 2857 225 2932 habitu
254 2857 466 2932 Praelatitio
494 2858 608 2944 indui,
637 2859 763 2930 acuti
796 2836 1008 2954 contigerit,
1044 2855 1255 2930 Rocchetto
1289 2859 1430 2952 pariter
1458 2861 1522 2945 uti,
1552 2884 1596 2933 ac

93 2982 197 3056 indui
225 2980 350 3070 libere,
372 3007 415 3056 ac
443 2981 540 3056 licite
569 3009 696 3079 posse,
716 2997 833 3078 atque
862 2982 1005 3056 valere:
1028 2981 1077 3054 Et
1106 2997 1151 3054 ne
1180 2981 1370 3077 singulare
1393 2982 1464 3057 hoc
1483 2983 1594 3060 hono·

94 3110 144 3180 ris
175 3105 410 3204 privilegium
437 3108 488 3181 ob
515 3107 842 3191 inobservantiam,
873 3105 904 3178 si
932 3129 1030 3202 quae
1058 3105 1154 3180 sorte
1185 3107 1297 3191 adsit,
1327 3106 1473 3204 Legum
1511 3135 1596 3182 cae-

96 3231 371 3316 remonialium,
409 3255 606 3304 commune
644 3247 837 3305 remaneat
873 3246 912 3304 et
948 3229 1114 3314 vilescat,
1151 3229 1236 3304 ideo
1274 3232 1480 3306 Decretum
1523 3235 1595 3308 diei

96 3379 141 3428 22
177 3355 402 3428 Novembris
429 3377 524 3448 1742
550 3355 692 3429 editum
720 3355 756 3428 in
787 3353 1095 3453 Congregatione
1114 3353 1392 3430 Venerabilium
1422 3356 1594 3431 Fratrum

94 3479 323 3554 Nostrorum
352 3479 390 3555 S.
422 3481 618 3554 Romanae
656 3480 848 3554 Ecclesiae
887 3478 1140 3553 Cardinalium
1179 3478 1304 3554 Sacris
1340 3480 1596 3556 Caeremoniis

93 3605 323 3700 praeposita,
343 3606 392 3678 ab
419 3605 555 3679 eodem
586 3604 727 3678 Nostro
757 3603 1053 3678 Praedecessore
1082 3603 1287 3678 Benedicto
1315 3604 1407 3677 XlV
1425 3605 1461 3678 in
1490 3630 1594 3702 prae·

93 3729 209 3802 dicta·
224 3728 300 3802 Sua
329 3727 606 3804 Constitutione
634 3730 895 3824 adprobatum,
912 3728 1146 3815 innovamus,
1177 3727 1450 3813 continuamus,
1480 3748 1596 3828 atque

93 3853 129 3926 in
161 3879 281 3935 usum,
303 3871 342 3927 et
361 3855 639 3928 observantiam
660 3854 911 3939 restituimus;
942 3852 1175 3937 mandantes,
1198 3869 1240 3926 ut
1258 3853 1437 3951 deinceps
1459 3856 1596 3929 nemini

94 4003 143 4051 ex
171 3975 252 4050 aliis
282 3977 471 4063 Praelatis,
502 3978 665 4051 cuiusvis
694 3976 849 4051 Ordinis
877 3995 916 4050 et
951 3975 1111 4074 Collegii
1146 3976 1267 4063 suerit,
1296 3978 1360 4074 qui
1397 3979 1596 4054 Rocchetti

94 4102 359 4200 praerogativa
387 4103 560 4198 potiatur,
583 4102 692 4176 liceat
718 4127 764 4176 eo
791 4116 1014 4176 ornamento
1042 4101 1219 4198 insignito
1238 4127 1306 4197 per
1328 4102 1469 4177 Urbem
1497 4105 1597 4179 ince-

95 4227 186 4300 dere
206 4225 276 4298 nisi
294 4223 399 4301 iuxta
417 4241 639 4321 temporum,
657 4242 696 4300 et
714 4226 954 4300 occasionum
973 4225 1184 4299 discrimina
1203 4225 1238 4297 in
1257 4225 1412 4299 laudato
1429 4226 1596 4301 Decreto

94 4351 344 4446 praescripta:
374 4351 417 4424 iis
446 4351 642 4424 dumtaxat
672 4350 850 4424 Praelatis
877 4349 1057 4444 exceptis,
1079 4350 1143 4445 qui
1172 4349 1207 4420 in
1236 4349 1371 4422 eadem
1401 4348 1597 4423 Constitu-

95 4474 198 4548 tione
225 4476 469 4571 excipiuntur,
500 4492 541 4548 et
566 4475 701 4570 quibus
734 4500 781 4549 ex
816 4473 1055 4548 Summorum
1088 4472 1306 4546 Pontificum
1346 4473 1596 4547 munificentia

96 4600 244 4696 insigne
284 4599 374 4674 illud
411 4600 616 4698 dignitatis,
656 4599 782 4684 libere,
822 4614 861 4672 et
897 4599 1212 4694 quandocumque
1249 4614 1414 4696 gestare,
1454 4601 1598 4695 praeci-

95 4749 258 4820 puorum
287 4751 440 4800 suorum
467 4725 672 4799 officiorum
701 4726 854 4808 ratione,
885 4747 928 4796 ac
956 4723 1186 4820 praestantia
1213 4725 1438 4818 permissum
1467 4741 1539 4798 est.

180 4873 213 4942 3.
240 4850 450 4934 Praeterea,
472 4875 589 4947 quum
618 4848 824 4924 Auditores
854 4849 1064 4922 Causarum
1093 4847 1197 4922 Sacri
1227 4847 1366 4934 Palatii,
1388 4873 1596 4946 eorumque

95 4975 413 5050 Locumtenentes
449 4976 523 5048 sint
551 4974 796 5071 Apostolicae
833 4973 943 5048 Sedis
972 4973 1171 5056 Officiales,
1201 4972 1359 5068 eiusque
1388 4987 1427 5046 et
1454 4974 1595 5048 Roma-

94 5125 231 5174 norum
261 5100 478 5173 Pontificum
499 5097 727 5196 Cappellani‚
749 5116 787 5171 et
811 5101 888 5173 veri
917 5096 1133 5172 Familiares
1161 5098 1357 5171 domestici
1376 5113 1415 5171 et
1434 5099 1595 5172 continui

96 5223 394 5310 Commensales
431 5223 545 5320 idque
587 5240 789 5320 propterea
831 5224 1054 5319 consequuti
1095 5222 1231 5297 fuerint
1271 5222 1504 5321 privilegium
1547 5223 1596 5298 ab

94 5347 314 5423 immediato
355 5348 652 5424 Praedecessore
693 5348 837 5422 Nostro
877 5349 1123 5446 recognitum,
1162 5361 1202 5422 et
1243 5347 1513 5435 confirmatum,
1553 5365 1595 5421 ut
