3748 5914
786 259 897 320 Leone
915 257 947 318 X
1559 262 1616 323 263

111 469 247 543 status,
277 455 430 554 gradus,
461 455 613 543 ordinis,
643 455 876 542 conditionis,
897 457 1064 530 existunt
1091 482 1138 529 ex
1166 481 1264 530 nunc
1299 473 1414 553 prout
1450 473 1614 532 extunc

113 596 150 652 et
178 605 228 654 ex
257 596 345 654 tunc
373 596 486 677 prout
514 603 562 652 ex
589 603 697 666 nunc,
728 595 768 654 et
796 580 1034 679 singulariter
1061 583 1097 655 in
1136 581 1305 680 singulos
1309 639 1477 659 .....
1509 639 1517 668 ,
1547 607 1614 657 sex
1642 635 1645 640 -

111 707 258 778 dierum
287 705 464 778 canonica
498 704 700 778 monitione
728 705 923 801 premissa,
946 707 1348 794 excommunicationis,
1374 709 1410 781 in
1440 706 1615 804 Capitula

111 854 204 906 vero
235 828 467 913 Conventus,
499 828 671 928 Collegia
699 854 935 926 quecumque
964 830 1000 903 in
1028 829 1098 904 hiis
1130 831 1256 906 forsan
1290 830 1544 927 delinquentia
1570 858 1616 907 ac

112 955 367 1053 Relligionum
382 955 425 1052 (ἓ)
439 953 627 1040 ecclesias,
645 954 889 1040 Monasteria,
905 969 945 1027 et
960 953 1163 1050 Cappellas
1178 956 1362 1030 interdicti
1375 956 1616 1032 ecclesiastici

112 1078 321 1154 sententias
341 1077 494 1153 ierimus
521 1078 558 1151 in
576 1079 645 1151 hiis
664 1079 812 1174 scriptis
827 1093 866 1151 et
879 1079 992 1152 etiam
1008 1078 1308 1177 promulgamus;
1321 1096 1363 1154 et
1379 1079 1614 1155 nihilominus

113 1203 240 1278 omnia
254 1218 294 1277 et
308 1202 455 1300 singula
468 1204 503 1276 in
519 1204 589 1276 hac
604 1219 711 1300 parte
725 1203 926 1277 commissa
939 1201 1105 1300 plenarie
1119 1220 1357 1300 exequantur
1369 1207 1472 1279 iuxta
1490 1204 1615 1302 predi-

113 1346 260 1404 ctarum
279 1328 486 1402 litterarum
505 1327 796 1426 apostolicarum
815 1343 855 1401 et
874 1328 1060 1424 presentis
1076 1329 1194 1402 nostri
1212 1354 1414 1425 processus
1432 1331 1517 1417 vim,
1539 1329 1615 1404 lor-

115 1479 227 1541 mam,
244 1451 507 1528 continentiam
527 1469 566 1528 et
581 1469 761 1536 tenorem,
783 1452 819 1525 in
839 1453 973 1527 ceteris
992 1469 1118 1528 autem
1134 1478 1209 1550 que
1223 1454 1365 1529 eisdem
1382 1455 1614 1530 Reverendis

114 1580 287 1674 patribus
315 1578 475 1652 dominis
495 1578 742 1652 Auditoribus
769 1602 976 1674 eorumque
1004 1577 1311 1665 locatenentibus,
1336 1579 1611 1676 principalibus,

115 1703 152 1775 in
180 1703 374 1800 premissis
400 1727 537 1777 nocere
563 1702 712 1799 possint
738 1702 1022 1798 quomodolibet
1048 1703 1242 1790 obsistere,
1273 1705 1446 1779 omnibus
1473 1720 1513 1778 et
1544 1707 1615 1778 sin·

115 1827 214 1926 gulis
243 1841 472 1924 potestatem
501 1827 755 1902 omnimodam
783 1827 1028 1925 denegamus.
1071 1827 1154 1901 Etsi
1182 1827 1376 1927 contingat
1402 1853 1473 1904 nos
1501 1855 1616 1926 super

115 1953 308 2050 premissis
335 1953 371 2026 in
398 1951 524 2048 aliquo
553 1951 768 2048 procedere,
799 1953 847 2026 de
874 1977 951 2049 quo
980 1953 1087 2026 nobis
1114 1968 1343 2049 potestatem
1362 1954 1614 2028 omnimodam

116 2101 362 2162 reservamus,
393 2100 468 2150 non
495 2077 722 2151 intendimus
741 2093 943 2174 propterea
971 2078 1272 2152 commissionem
1291 2094 1460 2153 nostram
1492 2079 1613 2153 huius

15 2207 16 2218 ’
115 2201 280 2275 modiin
308 2201 434 2298 aliquo
462 2225 649 2287 revocare,
681 2201 749 2274 nisi
778 2203 826 2274 de
854 2203 1090 2275 revocatione
1118 2201 1317 2297 specialem
1337 2219 1376 2275 et
1394 2227 1614 2300 expressam

15 2327 17 2412 ᾖ
115 2327 149 2399 in
168 2327 300 2400 litteris
328 2327 466 2400 nostris
494 2327 689 2401 fecerimus
708 2326 952 2413 mentionem;
972 2350 1041 2422 per
1059 2351 1279 2422 processum
1298 2343 1424 2403 autem
1444 2345 1612 2402 nostrum

15 2439 16 2442 ¹
116 2450 337 2534 huiusmodi,
366 2450 539 2524 nolumus
568 2475 635 2522 nec
663 2450 889 2524 intendimus
917 2452 1051 2524 vestris
1070 2452 1106 2524 in
1135 2451 1261 2546 aliquo
1289 2451 1519 2547 preiudicare
1538 2453 1615 2526 col·

115 2575 233 2674 legiis,
264 2576 465 2672 quominus
493 2574 564 2671 ipsi
591 2575 650 2650 vel
678 2599 807 2650 eorum
836 2573 943 2649 alteri
963 2592 1114 2649 servato
1133 2576 1169 2647 in
1194 2576 1264 2649 hoc
1284 2594 1414 2650 nostro
1433 2600 1613 2673 processu

115 2702 148 2772 in
176 2699 392 2774 huiusmodi
419 2699 576 2798 negocio
605 2699 809 2796 procedere
813 2757 1021 2776 ......
1052 2714 1165 2797 prout
1192 2702 1247 2774 eis
1274 2716 1314 2773 et
1340 2725 1470 2775 eorum
1506 2701 1614 2775 alteri

102 2820 235 2899 'visum
262 2824 372 2898 suerit
399 2825 593 2921 expedire:
622 2823 790 2921 prefatas
817 2849 971 2920 quoque
998 2824 1141 2898 litteras
1169 2841 1208 2898 et
1226 2824 1323 2898 hunc
1343 2843 1511 2898 nostrum
1530 2851 1613 2922 pro·

114 2975 262 3024 cessum
290 2975 334 3024 ac
362 2950 486 3023 omnia
514 2965 553 3023 et
581 2950 728 3048 singula
755 2949 967 3024 huiusmodi
995 2949 1191 3049 negocium
1222 2951 1413 3049 tangentia
1441 2949 1613 3025 volumus

113 3099 231 3170 penes
259 3074 379 3148 dictos
408 3073 654 3148 Reverendos
681 3088 810 3170 patres
838 3073 1009 3148 dominos
1039 3074 1244 3149 Auditores
1263 3090 1449 3148 eteorum
1478 3100 1614 3171 procu-

113 3214 259 3273 ratores
287 3221 358 3296 pro
386 3213 562 3294 tempore
576 3197 782 3272 existentes
802 3222 996 3272 remanere
1014 3213 1054 3273 et
1081 3223 1153 3273 non
1174 3223 1242 3296 per
1268 3224 1338 3272 vos
1366 3199 1610 3296 autaliquem

113 3338 280 3397 vestrum
310 3347 378 3396 seu
405 3345 682 3418 quemcumque
709 3321 832 3408 alium,
859 3321 949 3418 ipsis
969 3323 1091 3396 invitis
1118 3338 1158 3395 et
1176 3339 1308 3396 contra
1327 3347 1457 3396 eorum
1485 3322 1614 3396 volun·

112 3464 240 3532 tatem,
259 3446 542 3543 quomodolibet
556 3446 731 3520 detineri:
753 3447 977 3520 contrarium
997 3472 1087 3520 vero
1106 3447 1284 3521 facientes
1303 3448 1456 3543 prefatis
1475 3448 1614 3522 nostris

113 3573 318 3657 sententiis,
349 3588 462 3669 prout
489 3574 525 3644 in
552 3572 623 3645 hiis
651 3572 798 3668 scriptis
818 3596 886 3669 per
904 3595 974 3646 nos
993 3570 1068 3646 late
1088 3587 1184 3658 sunt,
1207 3573 1305 3646 dicta
1326 3571 1517 3647 Canonica
1537 3598 1614 3648 mo-

113 3699 252 3771 nitione
279 3698 462 3794 premissa
491 3697 574 3793 ipso
602 3696 702 3771 lacto
729 3696 903 3770 volumus
931 3697 1134 3772 subiacere.
1165 3697 1392 3770 Mandamus
1402 3756 1610 3774 ......

112 3847 203 3897 vero
222 3822 388 3897 omnium
407 3838 445 3895 et
464 3821 695 3919 singulorum
716 3821 779 3918 qui
799 3821 964 3917 prelatas
985 3836 1135 3895 nostras
1155 3823 1359 3895 sententias
1388 3837 1455 3896 aut
1482 3847 1611 3896 earum

111 3947 276 4046 aliquam
304 3947 524 4021 incurrerint
551 3973 618 4020 seu
647 3947 879 4020 incurrerent
906 3945 1200 4042 quomodolibet,
1223 3947 1330 4020 nobis
1349 3947 1408 4020 vel
1429 3947 1613 4044 superiori

111 4089 241 4146 vestro
269 4071 529 4146 tantummodo
558 4096 806 4146 reservamus.
837 4071 877 4144 ln
906 4095 1066 4168 quorum
1103 4071 1266 4145 omnium
1305 4090 1343 4145 et
1380 4069 1610 4171 singulorum

112 4195 224 4270 fidem
252 4211 292 4269 et
320 4195 570 4270 testimonium
608 4197 878 4293 premissorum
914 4211 1113 4291 presentes
1148 4195 1302 4282 litteras,
1342 4195 1420 4269 sive
1456 4221 1612 4292 presens

113 4319 301 4418 publicum
321 4321 620 4408 instrumentum,
641 4346 861 4416 processum
880 4337 1051 4394 nostrum
1073 4320 1284 4394 huiusmodi
1303 4323 1337 4394 in
1359 4347 1400 4395 se
1420 4321 1612 4394 continen-

113 4465 181 4532 tes,
204 4445 283 4520 sive
303 4446 507 4532 continens,
529 4447 662 4520 exinde
680 4445 759 4519 fieri
773 4461 813 4519 et
831 4470 899 4542 per
918 4447 1102 4519 notarium
1131 4445 1316 4542 publicum
1334 4445 1608 4541 infrascriptum

113 4571 296 4647 subscribi
323 4585 363 4644 et
381 4569 560 4667 publicari
598 4570 867 4656 mandavimus,
907 4569 1092 4670 sigillique
1128 4570 1293 4645 Archivii
1330 4594 1483 4644 romane
1510 4569 1611 4643 curie

113 4697 289 4771 iussimus
316 4712 356 4769 et
382 4695 536 4770 secimus
563 4694 795 4793 appensione
814 4697 959 4770 muniri.
983 4697 1121 4769 Actum
1142 4697 1274 4781 Rome,
1295 4696 1330 4768 in
1360 4696 1473 4770 domo
1502 4693 1611 4768 solite

113 4821 351 4898 habitationis
379 4837 520 4907 nostre,
550 4822 621 4895 sub
648 4844 748 4895 anno
775 4821 1010 4894 anativitate
1040 4820 1189 4894 Domini
1209 4820 1408 4893 Millesimo
1426 4820 1612 4918 quingen-

112 4947 248 5022 tesimo
276 4946 421 5021 decimo
440 4944 620 5044 septimo:
641 4945 841 5019 indictione
860 4945 1001 5042 quinta,
1022 4945 1082 5018 die
1109 4971 1201 5019 vero
1229 4943 1451 5018 duodecima
1471 4943 1610 5018 mensis

112 5071 275 5158 ianuarii,
307 5070 548 5147 Pontificatus
575 5070 709 5165 prefati
739 5069 967 5144 Sanctissimi
996 5071 1032 5142 in
1061 5069 1213 5176 Christo
1240 5069 1359 5165 patris
1395 5085 1435 5142 et
1472 5069 1610 5142 domini

113 5197 240 5281 nostri,
271 5195 411 5270 domini
438 5193 577 5270 Leonis
604 5195 728 5270 divina
756 5192 989 5291 providentia
1017 5219 1115 5290 pape
1144 5192 1290 5267 Decimi
1316 5217 1415 5266 anno
1452 5207 1608 5290 quarto:

111 5320 353 5418 presentibus
393 5318 531 5394 ibidem
564 5317 848 5394 Venerabilibus
885 5333 925 5394 et
965 5318 1136 5392 discretis
1168 5318 1267 5402 viris,
1305 5317 1465 5392 dominis
1498 5317 1610 5391 Petro
