3720 5916
814 346 928 406 Paulo
947 347 976 406 V
1586 345 1642 406 ate

138 539 281 633 prietas
308 540 528 614 eorumdem
547 539 714 614 locorum
735 541 921 614 Montium
940 543 990 615 ob
1009 566 1084 615 non
1104 540 1327 616 solutionem
1351 538 1583 636 praedictam
1601 540 1639 610 in

137 662 266 760 aliquo
294 663 405 738 luerit
431 665 615 738 diminuta
641 691 689 738 ex
717 691 863 740 summa
892 667 943 739 sic
972 667 1229 762 recuperanda
1249 666 1375 739 statim
1396 680 1453 738 tot
1470 663 1637 737 locorum

140 788 326 862 Montium
346 816 430 864 cum
445 789 590 864 illorum
606 790 784 864 fructibus
800 790 1018 864 diminutam
1035 791 1160 876 reemi,
1177 807 1215 865 et
1231 789 1451 889 reintegrari
1467 788 1639 864 volumus

139 913 252 988 toties
281 915 431 1010 quoties
459 915 673 1001 occurrerit,
694 915 806 988 etiam
836 916 871 987 in
898 933 1137 1013 perpetuum.
1159 917 1257 990 Nam
1276 917 1409 989 eadem
1428 913 1510 988 loca
1530 914 1642 986 Mon-

139 1039 232 1112 tium
260 1065 308 1112 ex
336 1038 445 1112 dictis
473 1056 567 1114 scut.
604 1045 721 1126 6000,
757 1038 861 1114 salva
894 1040 994 1116 dicta
1028 1041 1241 1137 hypotheca
1278 1040 1314 1112 in
1351 1040 1516 1114 favorem
1552 1037 1639 1111 dicti

139 1162 283 1237 Montis
311 1178 493 1259 utsupra
521 1165 632 1250 aucti,
663 1165 698 1236 in
727 1164 879 1259 reliquis
908 1189 1060 1261 semper
1088 1180 1127 1239 et
1155 1181 1340 1262 perpetuo
1368 1164 1511 1248 aflecta,
1545 1161 1640 1236 obli-

137 1301 232 1384 gata
257 1303 299 1361 et
325 1289 486 1362 obnoxia
513 1315 599 1364 esse
628 1289 813 1375 volumus,
842 1307 955 1385 prout
984 1314 1030 1364 ex
1058 1291 1383 1388 nuncobligamus
1402 1305 1441 1362 et
1458 1287 1640 1361 afficimus

143 1409 216 1485 ¹ad
244 1411 415 1486 eflectum
444 1439 491 1486 ex
518 1411 664 1486 illorum
692 1411 871 1487 fructibus
900 1439 968 1510 pro
988 1431 1160 1510 tempore
1179 1414 1315 1488 debitis
1329 1411 1384 1516 (i),
1406 1437 1481 1486 non
1509 1427 1575 1485 aut
1593 1436 1642 1484 ex

139 1537 371 1632 proprietate
399 1562 498 1633 quae
526 1562 676 1634 semper
703 1538 850 1636 integre
877 1539 1072 1614 remanere
1100 1540 1238 1614 debeat
1264 1554 1303 1612 et
1330 1563 1378 1612 ex
1405 1537 1641 1610 admissioni-

139 1663 212 1734 bus
241 1686 565 1759 quorumcumque
593 1661 835 1737 Notariorum
856 1679 896 1736 et
912 1670 952 1756 3⁸
970 1680 1078 1760 parte
1099 1679 1238 1759 quotae
1257 1687 1325 1760 per
1343 1663 1499 1738 eosdem
1519 1660 1639 1734 Nota-

138 1787 215 1860 rios
243 1786 392 1885 singulo
419 1811 550 1862 mense
586 1787 723 1862 debitis
764 1787 923 1886 collegio
960 1788 1130 1885 praefato
1159 1813 1256 1884 quae
1284 1787 1432 1862 insimul
1469 1802 1512 1859 ut
1546 1785 1640 1858 insra

138 1908 273 1986 dicitur
299 1912 393 1985 uniri
420 1927 459 1986 et
487 1913 698 2008 respective
726 1912 906 1986 cumulari
933 1913 1099 1988 debeant
1116 1915 1152 1985 in
1171 1929 1348 1986 eventum
1367 1911 1500 1986 mortis
1518 1911 1639 1984 cuius-

139 2036 231 2110 libet
258 2058 307 2108 ex
336 2035 501 2112 Notariis
529 2037 741 2133 praedictis,
772 2039 1035 2134 praesentibus
1065 2052 1104 2111 et
1131 2037 1276 2124 suturis,
1306 2035 1428 2110 officia
1446 2035 1639 2132 praedicta

139 2160 323 2248 habentis,
354 2162 587 2237 haeredibus
607 2179 647 2236 et
674 2162 955 2237 successoribus
983 2161 1180 2236 cuiuslibet
1208 2161 1355 2237 Notarii
1387 2186 1456 2258 pro
1492 2159 1639 2234 illorum

141 2285 400 2360 sublevatione
427 2311 450 2360 a
478 2288 623 2361 damnis
651 2287 706 2362 eis
734 2287 1042 2383 provenientibus
1078 2313 1125 2360 ex
1160 2285 1355 2360 vacatione
1391 2285 1500 2360 officii
1532 2308 1641 2381 prae-

140 2411 229 2485 dicti
270 2429 376 2486 scuta
417 2411 624 2509 quingenta
658 2429 832 2486 monetae
865 2412 930 2486 lul.
961 2410 999 2484 X
1027 2436 1097 2507 pro
1130 2428 1238 2485 scuto
1271 2410 1395 2484 statim
1428 2410 1533 2507 quod
1565 2409 1640 2482 l'ru-

139 2552 224 2609 ctus
262 2535 324 2611 dd.
364 2535 530 2611 locorum
561 2536 746 2610 Montium
782 2536 905 2609 dictae
942 2535 1190 2621 admissionis,
1230 2552 1270 2608 et
1309 2541 1347 2627 3a
1374 2559 1464 2630 pars
1500 2547 1640 2628 quotae

139 2658 356 2756 praedictae
384 2660 433 2732 ad
461 2662 620 2735 eandem
649 2687 832 2736 summam
862 2677 955 2736 scut.
989 2683 1065 2754 500
1097 2676 1273 2734 monetae
1300 2661 1533 2745 ascenderet,
1565 2681 1640 2732 non

139 2799 264 2872 antea,
293 2785 344 2858 ita
372 2801 413 2858 ut
440 2785 654 2860 huiusmodi
689 2788 843 2874 fructus,
884 2785 1134 2860 admissiones
1170 2801 1211 2858 et
1247 2809 1336 2880 pars
1374 2801 1513 2881 quotae
1550 2785 1640 2858 hae-

138 2911 294 2986 redibus
321 2910 499 3005 praelatis
528 2911 692 3007 persolvi
720 2937 793 2986 non
823 2913 980 3008 possint,
1011 2936 1079 2984 nec
1107 2911 1281 2996 debeant,
1313 2911 1380 2982 nisi
1408 2911 1515 2984 unica
1542 2909 1639 2984 solu-

140 3037 243 3110 tione
261 3051 301 3108 et
319 3033 472 3130 quando
491 3034 527 3109 in
547 3052 668 3110 totum
688 3037 797 3111 suerit
815 3037 964 3112 insimul
984 3039 1136 3112 redacta
1155 3036 1254 3110 dicta
1274 3061 1422 3109 summa
1441 3051 1534 3110 scut.
1562 3057 1638 3128 500

139 3181 317 3238 monetae
347 3165 457 3238 etsie
487 3162 699 3237 successive
728 3178 767 3237 et
799 3163 835 3235 in
868 3179 1092 3259 perpetuum
1125 3163 1161 3236 in
1194 3189 1323 3237 casum
1356 3163 1488 3238 mortis
1516 3164 1639 3236 cuius-

138 3287 231 3364 libet
259 3286 417 3362 titularis
446 3287 592 3361 Notarii
619 3284 844 3383 praedicti;²
866 3302 905 3360 et
933 3289 969 3361 in
1002 3303 1178 3362 eventum
1206 3290 1309 3385 quod
1339 3288 1465 3384 plures
1494 3286 1638 3361 Notarii

139 3429 375 3488 morerentur
415 3429 455 3488 et
491 3413 598 3510 plura
634 3411 758 3487 officia
798 3414 989 3509 praedicta
1029 3429 1209 3488 vacarent
1245 3439 1314 3510 per
1350 3429 1510 3486 mortem
1550 3429 1638 3484 ante

139 3562 254 3636 quam
283 3539 418 3612 luerint
449 3537 597 3612 insimul
634 3536 824 3611 cumulata
865 3539 965 3612 dicta
993 3553 1086 3614 seut.
1119 3561 1207 3632 500,
1238 3554 1336 3627 tunc,
1367 3555 1406 3612 et
1447 3563 1494 3612 eo
1535 3560 1636 3622 casu,

139 3662 367 3736 haeredibus
409 3669 450 3758 p⁰
477 3661 649 3736 morienti
680 3670 722 3758 p⁰
749 3661 914 3757 persolvi
949 3663 1112 3738 debeant
1153 3665 1252 3738 dicta
1282 3680 1375 3739 scut.
1422 3685 1547 3757 500e
1586 3661 1638 3734 sic
1717 3749 1725 3758 ,

140 3787 354 3862 successive
394 3787 475 3861 aliis
516 3811 586 3884 pro
623 3803 794 3883 tempore
836 3789 1081 3864 morientibus
1110 3791 1315 3864 secundum
1343 3813 1473 3862 eorum
1507 3789 1639 3861 mortis

139 3913 444 4010 contingentiam,
466 3911 596 3986 ordine
624 3913 854 3986 successivo:
885 3927 924 3986 et
952 3915 983 3987 si
1010 3939 1057 3987 ea
1085 3916 1184 3988 dicta
1212 3930 1320 3988 scuta
1349 3936 1426 4008 500
1458 3939 1505 3986 eo
1542 3929 1637 3985 tem-

138 4063 232 4135 pore
260 4053 437 4133 prompta
464 4053 503 4112 et
521 4037 710 4112 cumulata
728 4061 804 4111 non
822 4037 968 4121 luerint,
989 4037 1172 4112 haeredes
1191 4038 1349 4135 praefati
1374 4064 1483 4112 suum
1509 4062 1637 4110 cumu-

138 4163 216 4236 lum
243 4180 283 4237 et
310 4162 566 4237 reductionem
593 4164 696 4236 iuxta
723 4163 891 4238 ordinem
919 4178 958 4236 et
986 4162 1280 4262 contingentiam
1300 4164 1518 4260 praelatam,
1539 4187 1635 4236 unus

139 4304 231 4384 post
246 4287 370 4374 alium,
400 4303 601 4383 expectare
638 4285 812 4362 debeant.
850 4287 1002 4361 Interim
1042 4304 1169 4362 autem
1212 4313 1289 4383 quo
1324 4289 1493 4363 evenerit
1525 4311 1636 4360 casus

138 4412 351 4487 huiusmodi
379 4413 510 4486 mortis
538 4427 578 4486 et
609 4412 815 4498 vacantiae,
844 4411 985 4486 fructus
1014 4413 1199 4487 dictorum
1236 4413 1402 4488 locorum
1437 4411 1634 4494 Montium,

219 4721 226 4753 ¹
248 4717 274 4777 F
275 4725 386 4778 ructus
395 4718 554 4777 dictorum
563 4720 707 4778 locorum
720 4719 879 4778 montium
890 4719 1113 4792 admissiones,
1122 4727 1154 4778 et
1170 4720 1205 4778 3a
1225 4735 1301 4793 pars
1313 4727 1428 4794 quotae
1440 4717 1637 4777 suntunien-

137 4809 199 4868 dae
218 4808 260 4866 ad
277 4805 426 4866 effectum
444 4807 591 4867 solvendi
610 4807 805 4867 haeredibus
823 4808 1029 4867 Notariorum
1049 4809 1256 4868 morientium
1268 4824 1328 4882 pro
1339 4809 1470 4868 illorum
1488 4806 1637 4865 subleva-

138 4899 229 4959 mine
247 4905 325 4957 scut.
343 4899 398 4958 500
416 4905 564 4956 monetae
581 4898 690 4956 statim
708 4898 749 4957 ad
768 4898 886 4956 dictam
905 4912 1067 4956 summam
1085 4899 1298 4972 ascenderint,
1311 4899 1407 4957 unica
1424 4897 1591 4969 solutione,
1603 4901 1636 4954 et

139 5002 205 5046 non
224 4993 330 5044 antea.

218 5075 230 5110 ²
249 5075 286 5132 ln
303 5089 416 5133 casum
434 5075 548 5133 mortis
567 5074 709 5148 plurium
727 5073 934 5132 Notariorum
953 5082 985 5133 et
1002 5075 1096 5148 plura
1114 5073 1217 5133 officia
1238 5074 1347 5132 vacari
1366 5073 1473 5147 primo
1485 5073 1637 5131 morienti

137 5166 307 5223 solvantur
325 5169 405 5221 scut.
424 5163 479 5222 500
505 5168 538 5221 et
555 5161 673 5221 deinde
691 5163 764 5221 aliis
789 5163 968 5222 secundum
991 5178 1104 5222 eorum
1132 5165 1246 5222 mortis
1268 5162 1523 5237 contingentiam
1553 5175 1637 5220 unus

139 5259 210 5326 post
218 5251 334 5322 alium;
344 5251 476 5309 interim
488 5267 552 5310 non
573 5249 744 5310 eveniente
755 5266 833 5310 casu
847 5253 969 5325 mortis,
981 5251 1111 5323 fructus
1122 5251 1153 5310 3·
1165 5267 1243 5326 pars
1254 5257 1370 5324 quotae
1379 5259 1411 5309 et
1422 5249 1638 5309 admissiones

136 5339 354 5400 investiantur
373 5339 406 5397 in
432 5340 506 5399 aliis
525 5341 603 5398 locis
621 5340 694 5399 dicti
716 5341 841 5412 montis
859 5339 962 5398 donec
979 5355 1073 5399 casus
1085 5341 1240 5413 evenerit,
1253 5347 1285 5398 et
1297 5354 1362 5397 non
1375 5341 1521 5398 solvatur
1533 5338 1638 5395 maior

139 5442 270 5488 summa
287 5435 367 5487 scut.
386 5427 450 5502 500,
468 5429 596 5486 etiamsi
616 5429 807 5488 excreverit
