3708 5918
753 341 912 413 Gregorio
930 339 985 400 XI
1345 341 1349 348 '
1574 333 1609 392 91

95 553 176 610 stre
206 536 424 633 paternitati
456 535 642 610 commisit
678 550 717 608 et
748 533 950 621 mandavit,
985 533 1153 608 faciendo
1185 534 1265 607 fieri
1299 533 1330 606 si
1367 557 1464 628 opus
1496 530 1610 605 suerit

95 662 246 736 litteras
285 661 406 759 sigillo
434 679 560 736 vestre
588 661 823 758 paternitatis
861 659 1042 760 sigillatas
1078 663 1114 734 in
1142 659 1410 757 premissorum
1440 657 1610 732 testimo-

101 788 212 860 nium.
247 801 270 826 ‘¹
293 785 355 861 De
383 786 562 860 mandato
580 784 720 860 domini
750 785 868 860 nostri
896 810 1006 882 pape,
1028 783 1138 858 iidem
1154 785 1361 858 Auditores
1380 807 1455 857 non
1473 781 1610 856 admit-

103 927 183 985 tant
212 911 313 985 tales
341 911 511 986 obiectus
547 925 679 984 contra
713 925 852 1006 partes,
883 909 962 984 sive
991 935 1058 1006 per
1094 909 1248 984 modum
1276 907 1518 1003 exceptionis,
1550 905 1609 980 vel

21 1093 22 1098 ,
101 1034 202 1122 alias,
235 1050 533 1132 opponantur„

189 1287 252 1377 87.
296 1300 386 1371 tem,
416 1284 602 1358 ordinavit
620 1284 788 1381 prelatus
816 1283 990 1357 dominus
1010 1299 1140 1357 noster
1155 1282 1366 1380 Gregorius
1381 1279 1447 1368 XI,
1464 1279 1516 1353 Vl
1534 1277 1606 1354 kal.

102 1409 219 1482 martii
252 1408 491 1506 pontificatus
519 1409 575 1482 sui
603 1433 703 1484 anno
723 1407 895 1506 septimo,
913 1407 1016 1504 quod
1044 1409 1092 1482 de
1111 1423 1240 1482 cetero
1257 1407 1451 1480 auditores
1478 1430 1608 1479 causa·

102 1559 179 1606 rum
209 1533 343 1630 palatii
378 1532 574 1629 apostolici
610 1535 645 1606 in
679 1531 814 1607 litteris
849 1533 988 1608 iustitie
1017 1557 1092 1628 que
1128 1558 1197 1628 per
1232 1557 1301 1608 eos
1335 1527 1488 1626 sigillari
1520 1555 1609 1604 con·

103 1673 317 1744 sueverunt,
340 1685 424 1733 cum
452 1659 575 1732 littere
598 1659 654 1733 eis
682 1659 877 1757 sigillande
905 1660 1155 1756 portabuntur
1182 1673 1271 1733 ante
1290 1681 1404 1755 quam
1432 1655 1606 1755 sigillent,

100 1781 301 1880 diligenter
332 1783 484 1856 videant
511 1799 551 1857 et
578 1783 729 1856 demum
759 1784 858 1857 visas
892 1781 1054 1882 sigillent
1085 1799 1125 1856 et
1152 1784 1255 1856 iuxta
1275 1781 1436 1880 sigillum
1463 1805 1604 1866 eorum,

102 1932 211 1981 manu
241 1909 406 2004 propria,
438 1933 479 1982 se
498 1931 565 1980 eas
593 1907 734 1981 vidisse
754 1908 1008 1984 subscribant:
1029 1909 1132 2003 quod
1151 1907 1183 1980 si
1202 1929 1276 1980 non
1299 1906 1463 1991 iecerint,
1485 1904 1608 1979 littere

101 2013 179 2128 ipse
221 2057 293 2129 per
332 2029 589 2106 cancellariam
632 2055 705 2106 non
742 2031 1009 2128 expediantur:
1039 2049 1079 2106 et
1107 2031 1307 2118 mandavit,
1334 2029 1606 2105 ordinationem

103 2156 315 2231 huiusmodi
343 2157 378 2230 in
406 2159 595 2232 audientia
627 2158 943 2231 contradictarum
971 2157 1045 2256 legi
1073 2173 1112 2232 et
1139 2158 1282 2231 eisdem
1311 2156 1543 2231 auditoribus
1571 2155 1606 2228 in

106 2297 185 2354 rota
213 2281 391 2356 intimari.

179 2553 241 2622 90.
274 2531 381 2619 ltem,
401 2532 586 2606 ordinavit
605 2533 774 2629 prelatus
802 2532 976 2606 dominus
1006 2547 1144 2619 noster,
1167 2531 1218 2605 lV
1237 2557 1322 2606 non.
1344 2531 1486 2605 octobr.
1508 2553 1606 2604 anno

104 2655 272 2752 septimo,
295 2657 399 2754 quod
427 2655 475 2731 de
494 2671 621 2731 cetero
648 2657 771 2732 littere
799 2655 1005 2755 apostolice
1033 2681 1356 2754 quorumcumque
1384 2654 1491 2728 sedis.
1513 2679 1606 2753 apo-

106 2777 229 2852 stolice
267 2780 584 2876 cappellanorum,
624 2796 827 2878 antequam
865 2782 914 2855 de
950 2783 1113 2879 registro
1141 2781 1386 2855 restituantur
1421 2780 1602 2876 partibus,

102 2901 296 2977 mittantur
322 2929 391 3001 per
419 2905 700 3004 registratorem
729 2906 881 2980 domino
909 2906 1116 2981 camerario
1135 2905 1273 2980 domini
1301 2904 1417 2978 nostri
1436 2904 1602 2999 predicti,

106 3041 143 3098 ut
169 3027 320 3102 nomina
347 3042 386 3102 et
414 3029 639 3127 cognomina
659 3028 891 3128 singulorum
910 3029 1018 3103 scribi
1037 3029 1187 3103 valeant
1214 3029 1250 3101 in
1268 3027 1370 3102 libris
1398 3027 1604 3124 apostolice

179 3421 242 3490 92.
273 3401 381 3486 Item,
421 3401 606 3508 ordinavit
643 3403 742 3477 idem
775 3404 948 3477 dominus
978 3419 1115 3489 noster,
1147 3403 1184 3476 X
1213 3402 1285 3480 kal.
1314 3403 1474 3479 februar.
1503 3425 1603 3477 anno

104 3539 244 3611 octavu,
265 3526 371 3622 quod
400 3529 431 3601 si
459 3527 653 3626 contingat
670 3527 850 3625 deinceps
879 3553 948 3625 per
973 3529 1095 3624 ipsum
1122 3528 1286 3625 aliquam
1315 3553 1468 3602 causam
1496 3526 1603 3602 alicui

106 3672 147 3720 ex
163 3649 323 3725 dominis
347 3651 607 3740 cardinalibus,
628 3653 686 3727 vel
706 3652 937 3727 auditoribus
951 3677 1150 3728 causarum
1169 3653 1296 3749 palatii
1314 3651 1521 3750 apostolici,
1538 3668 1604 3727 aut

106 3769 171 3860 alii,
185 3770 244 3848 vel
264 3773 357 3860 aliis,
379 3776 414 3848 in
435 3775 607 3850 Romana
633 3777 744 3861 curia,
775 3801 841 3850 seu
871 3778 919 3850 de
947 3777 1065 3874 ipsius
1102 3778 1293 3865 mandato,
1309 3777 1489 3851 committi
1518 3801 1602 3850 cum

108 3913 292 3992 potestate
311 3901 449 3974 citandi
467 3916 619 3989 certam,
641 3927 706 3975 seu
737 3916 871 3987 certas,
891 3909 1077 3999 personas
1095 3901 1356 3999 personaliter,
1377 3903 1408 3975 si
1426 3927 1521 3989 eam,
1543 3901 1601 3974 vel

107 4039 175 4109 eas,
205 4047 323 4120 super
354 4025 560 4122 propositis
587 4042 719 4101 contra
745 4051 812 4100 eas
849 4027 1042 4101 invenerat
1069 4026 1217 4124 publice
1244 4025 1466 4114 diffamatas,
1498 4027 1602 4122 quod

107 4143 160 4219 ille
176 4147 234 4221 cui
262 4175 378 4224 causa
406 4150 619 4224 huiusmodi
642 4153 840 4225 commissa
868 4151 987 4238 suerit,
1009 4167 1213 4248 antequam
1233 4153 1446 4226 citationem
1474 4151 1602 4225 huius-

108 4271 199 4345 modi
224 4274 464 4369 personalem
492 4275 682 4362 decemat,
703 4290 823 4350 testes
851 4301 965 4372 super
993 4276 1246 4351 diffamatione
1273 4276 1485 4350 huiusmodi
1512 4301 1601 4373 pro-

108 4393 290 4473 ducendos
318 4401 508 4473 examinet
524 4425 594 4496 per
616 4425 658 4474 se
685 4401 819 4498 ipsum,
841 4400 909 4474 nisi
937 4400 1048 4475 luerit
1074 4399 1268 4474 cardinalis
1297 4403 1359 4496 qui
1388 4400 1599 4474 huiusmodi

108 4522 410 4598 examinationem
446 4523 607 4598 auditori
640 4549 710 4598 suo
738 4526 970 4599 committere
998 4527 1121 4622 possit
1146 4541 1186 4599 et
1220 4550 1294 4599 non
1331 4527 1477 4600 notario
1505 4526 1601 4599 dun-

110 4657 213 4732 taxat,
243 4671 287 4721 ac
314 4662 461 4744 partem
490 4646 702 4722 huiusmodi
734 4649 948 4724 citationem
976 4666 1168 4746 petentem
1201 4673 1332 4724 curare
1360 4649 1470 4724 iaciat
1496 4651 1600 4747 quod

111 4765 310 4848 huiusmodi
341 4772 555 4848 citationem
592 4774 776 4850 malitiose
804 4799 877 4850 non
914 4791 1021 4872 petat
1047 4791 1087 4850 et
1115 4779 1186 4852 sub
1212 4776 1338 4873 aliqua
1365 4791 1467 4850 certa
1503 4801 1600 4873 pena

110 4891 190 4967 citra
215 4897 383 4996 obligare
410 4898 521 4973 iaciat
553 4901 656 4996 quod
692 4925 807 4976 causa
841 4900 1053 4976 huiusmodi
1089 4901 1138 4975 ad
1170 4901 1280 4976 finem
1318 4901 1484 4975 debitum
1512 4925 1600 4998 pro-

112 5037 288 5114 sequatur,
318 5035 358 5096 et
385 5021 416 5094 si
445 5023 639 5121 contingat
665 5023 802 5098 dictam
832 5042 979 5122 partem
998 5025 1210 5100 huiusmodi
1237 5009 1427 5099 decretam
1454 5023 1599 5098 citatio-

114 5163 186 5214 nem
217 5144 401 5221 malitiose
429 5169 503 5222 non
531 5149 719 5245 prosequi,
750 5150 905 5225 ulterius
933 5147 1144 5226 nullatenus
1171 5149 1354 5225 audiatur.
