3684 5920
881 225 1018 285 Socculo
1037 225 1117 286 XIX

952 575 1045 656 507.

248 718 343 792 Pius
371 718 480 816 Papa
517 720 600 793 VII
609 719 767 794 concedit
791 719 926 794 czin‘bus
954 721 1219 794 Romandtblae
1245 722 1361 796 locum
1390 724 1508 797 Rotae
1535 725 1604 822 qui
1621 725 1740 818 fuerat

327 855 437 915 antea
465 843 698 942 Reipublicae
735 845 980 918 Vemtturum.

325 997 441 1066 (Aaou
459 998 550 1072 Ron,
573 997 780 1058 ‹Processus
797 999 930 1074 Aloysii
945 998 1100 1058 Zinanni
1110 1002 1145 1072 »).

1356 1143 1434 1218 1816,
1454 1145 1536 1204 iunii
1553 1145 1598 1217 2&
1617 1147 1733 1206 Romae

664 1272 727 1348 Ad
755 1289 979 1370 perpetuam
1009 1273 1061 1347 rei
1089 1275 1328 1348 memoriam.-

305 1491 308 1498 .
327 1435 486 1508 Romani
517 1433 714 1508 Pontifices
742 1435 1072 1530 praedecessores,
1094 1449 1132 1508 et
1151 1435 1244 1508 haec
1263 1435 1485 1531 Apostolica
1505 1435 1636 1522 Sedes,
1662 1463 1743 1511 non·

246 1557 365 1632 nullas
395 1559 607 1631 Provincias
635 1573 675 1632 et
704 1558 888 1632 Civitates
916 1575 955 1632 et
984 1558 1136 1654 Oppida
1167 1558 1308 1632 Ditioni
1337 1559 1589 1636 Ecclesiastici
1621 1562 1743 1636 Status

245 1683 414 1758 subiecta
442 1709 540 1779 quae
568 1682 796 1758 celebritatis
834 1685 955 1768 laude,
987 1683 1179 1758 nobilitate
1216 1685 1378 1782 generis,
1418 1685 1655 1760 scientiarum
1683 1689 1743 1760 do-

245 1811 362 1882 ctrina
385 1825 424 1882 et
443 1807 648 1882 liberalium
678 1810 828 1882 Artium
855 1811 989 1905 peritia
1016 1809 1232 1906 praeclaros
1252 1809 1364 1884 Viros
1389 1809 1426 1882 in
1445 1807 1564 1885 lucem
1586 1813 1740 1898 edidere,

246 1958 315 2007 nec
345 1957 418 2007 non
447 1935 542 2020 fidei,
574 1934 785 2008 devotionis
823 1950 862 2009 et
899 1935 1163 2009 observantiae
1200 1951 1425 2032 argumenta
1453 1961 1547 2034 erga
1579 1939 1741 2010 eamdem

247 2059 505 2155 Apostolicam
523 2058 660 2133 Sedem
676 2061 894 2154 praebuere,
913 2060 1127 2157 privilegiis
1144 2060 1349 2134 honoribus
1364 2077 1405 2134 et
1417 2061 1549 2158 gratiis
1564 2063 1740 2135 interdum

248 2183 397 2258 afficere
417 2199 706 2258 consueverunt.
737 2184 833 2258 Cum
862 2186 1001 2281 itaque,
1032 2186 1128 2258 sicut
1156 2185 1276 2259 Nobis
1296 2211 1366 2282 pro
1394 2203 1502 2282 parte
1530 2187 1740 2260 dilectorum

246 2308 421 2382 Filiorum
437 2308 730 2405 Magistratuum
745 2324 784 2383 et
798 2309 1177 2404 Repraesentantium
1190 2309 1405 2384 Provinciae
1415 2310 1578 2384 Nostrae
1591 2312 1740 2386 Roman-

247 2431 370 2507 diolae
398 2434 613 2529 expositum
641 2458 761 2529 nuper
789 2433 908 2519 suerit,
936 2435 1039 2530 quod
1068 2458 1151 2508 cum
1171 2435 1354 2530 exipsius
1374 2434 1589 2508 Provinciae
1608 2436 1741 2534 gremio

247 2555 491 2656 quamplures
527 2559 729 2645 nobilitate,
770 2560 930 2655 ingenio,
970 2559 1150 2646 doctrina,
1181 2558 1380 2633 virtutibus
1418 2575 1457 2632 et
1491 2558 1740 2656 Dignitatibus

248 2683 360 2756 etiam
393 2683 599 2756 Maioribus
628 2683 899 2758 Ecclesiasticis
937 2685 1102 2782 insignes
1138 2684 1214 2756 Viri
1253 2684 1468 2780 prodierint,
1498 2699 1539 2756 et
1574 2686 1738 2764 existant,

247 2809 342 2880 inter
361 2832 458 2904 quos
478 2806 592 2882 felicis
606 2809 876 2883 recordationis
898 2809 983 2883 Pius
1000 2809 1064 2905 Pp.
1082 2808 1143 2886 Vl.
1162 2809 1436 2882 Praedecessor
1450 2809 1577 2882 itidem
1596 2809 1738 2884 Noster.

248 2931 323 3029 Ipsi
352 2959 465 3006 unum
495 2959 542 3006 ex
570 2958 701 3007 eorum
731 2935 927 3008 Nobilibus
947 2934 1156 3032 originariis
1185 2936 1303 3006 virum
1333 2931 1634 3007 Ecclesiasticum
1654 2935 1741 3006 inter

249 3059 442 3132 Romanae
464 3059 586 3134 Rotae
606 3060 811 3133 Auditores
830 3074 870 3132 et
890 3057 1145 3154 Cappellanos
1164 3059 1339 3144 Nostros,
1361 3083 1429 3156 per
1450 3059 1530 3131 Nos
1550 3076 1588 3132 et
1610 3060 1739 3131 Roma-

249 3208 336 3258 num
367 3183 581 3257 Pontificem
611 3208 680 3279 pro
701 3201 872 3281 tempore
900 3185 1136 3270 existentem,
1159 3183 1425 3257 nominandum
1453 3200 1491 3257 et
1520 3183 1737 3282 eligendum,

165 3351 175 3379 .
249 3307 306 3380 cui
344 3307 415 3402 ipsi
452 3324 493 3380 ut
530 3306 724 3381 decentius
752 3308 787 3379 in
825 3307 930 3382 Urbe
964 3307 1106 3380 Nostra
1141 3309 1347 3381 subsistere
1374 3307 1499 3380 valeat
1526 3307 1737 3402 pensionem
1812 3365 1813 3369 ,

249 3456 410 3528 annuam
438 3432 596 3505 duorum
616 3431 767 3504 millium
795 3449 987 3505 scutorum
1008 3447 1182 3506 monetae
1202 3456 1388 3516 romanae,
1412 3431 1446 3502 in
1469 3433 1627 3504 comitiis
1647 3433 1741 3504 diex
1811 3501 1812 3504 ,

250 3558 453 3654 superioris
480 3558 619 3630 mensis
649 3557 737 3630 Maii
766 3560 997 3655 erogandam
1027 3556 1107 3630 lore
1135 3558 1420 3642 constituerunt,
1447 3571 1637 3652 cooptare,
1664 3555 1740 3652 eligi

249 3699 289 3757 et
307 3681 543 3756 adnumerari
564 3707 630 3778 per
650 3681 731 3755 Nos
751 3707 990 3777 summopere
1009 3682 1237 3756 desiderant.
1261 3681 1380 3754 Nobis
1400 3698 1601 3778 propterea
1619 3689 1739 3755 ‘eorum

251 3810 391 3902 pariter
418 3808 567 3879 nomine
587 3805 773 3880 humiliter
792 3805 1041 3902 supplicatum
1062 3806 1139 3891 luit,
1162 3823 1203 3880 ut
1230 3805 1267 3877 in
1295 3805 1511 3901 praemissis
1539 3822 1740 3902 opportune
1809 3779 1810 3816 ³

252 3930 450 4028 providere
478 3945 527 4014 et,
560 3948 601 4003 ut
637 3932 740 4017 inlra,
772 3930 966 4030 indulgere
995 3931 1042 4003 de
1071 3933 1303 4027 benignitate
1332 3930 1553 4026 Apostolica
1582 3930 1737 4028 dignare·

253 4080 346 4126 mur.
369 4055 449 4126 Nos
478 4054 592 4152 igitur
620 4053 957 4130 Praedecessorum
987 4056 1213 4128 Nostrorum
1239 4055 1399 4153 vestigia
1418 4069 1617 4138 sectantes
1640 4056 1741 4127 dicto

252 4205 333 4253 rum
354 4179 632 4273 Exponentium
661 4183 759 4254 votis
787 4182 822 4254 in
851 4181 1024 4254 omnibus
1043 4181 1146 4254 iuxta
1174 4180 1321 4253 comitia
1350 4177 1505 4275 praelati
1529 4179 1602 4252 diei
1622 4175 1737 4252 decimi

252 4303 352 4388 Maii,
388 4321 570 4400 quantum
607 4330 691 4378 cum
726 4306 891 4378 Domino
919 4330 1131 4401 possumus,
1163 4306 1324 4402 benigne
1351 4329 1528 4389 annuere,
1559 4306 1735 4400 ipsosque,

252 4445 291 4502 et
320 4429 547 4502 Provinciam
584 4430 814 4525 praedictam
853 4429 1076 4526 specialibus
1110 4429 1298 4504 favoribus
1334 4445 1373 4501 et
1406 4429 1535 4526 gratiis
1573 4423 1736 4524 prosequi

251 4554 420 4628 volentes
457 4569 497 4627 et
533 4580 662 4628 eorum
703 4555 911 4652 singulares
950 4578 1133 4651 personas
1169 4580 1192 4628 a
1226 4554 1420 4651 quibusvis
1456 4554 1736 4626 excommunica-

252 4681 362 4753 tionis
390 4696 429 4752 et
447 4679 642 4765 interdicti,
664 4678 820 4775 aliisque
846 4679 1117 4753 Ecclesiasticis
1138 4680 1352 4764 Sententiis,
1374 4681 1541 4752 censuris
1563 4694 1603 4753 et
1622 4675 1735 4773 poenis

252 4829 274 4877 a
302 4806 380 4877 iure
400 4805 458 4876 vel
486 4805 534 4878 ab
559 4804 708 4876 homine
728 4805 859 4898 quavis
888 4807 1084 4878 occasione
1112 4803 1169 4877 vel
1200 4827 1313 4876 causa
1331 4804 1417 4877 latis
1443 4827 1468 4875 a
1496 4804 1735 4897 quibusque

252 4929 458 5003 modolibet
485 4930 686 5003 innodatae
715 4930 891 5014 existunt,
916 4928 965 5000 ad
985 4928 1156 5003 ellectum
1178 4929 1430 5024 praesentium
1444 4929 1646 5001 dumtaxat
1663 4945 1733 4997 con·
1801 5005 1802 5008 Ἴ

253 5054 487 5150 sequendum
525 5052 656 5126 harum
694 5053 790 5126 serie
825 5052 1076 5138 absolventes,
1117 5071 1155 5126 et
1192 5053 1387 5127 absolutas
1424 5053 1503 5126 lore
1540 5065 1730 5125 censentes.

252 5177 464 5251 huiusmodi
485 5177 818 5274 supplicationibus
834 5179 1005 5263 inclinati,
1030 5177 1216 5250 Dilectum
1238 5177 1370 5250 Filium
1391 5177 1616 5274 Magistrum
1636 5173 1730 5262 Aloy·

255 5303 349 5376 sium
387 5301 538 5374 Zinanni
574 5301 770 5375 Patricium
809 5303 1066 5376 Ravennaten.
1103 5303 1309 5398 Utriusque
1346 5301 1572 5399 Signaturae
1601 5315 1730 5374 nostrae
