3708 5918
717 345 868 406 Iohanne
886 343 992 406 XXII
1574 347 1611 404 75

114 537 245 612 audeat
272 533 473 641 (scribere)
500 538 558 611 vel
593 553 796 634 presumat,
827 539 864 611 in
898 561 1024 621 causa,
1053 538 1085 610 si
1123 537 1276 612 alterius
1313 539 1474 634 partium
1513 539 1611 612 dicte

116 687 220 736 cause
247 661 283 734 in
303 663 495 736 audientia
514 661 720 737 litterarum
744 659 1071 744 contradictarum,
1091 661 1152 736 vel
1169 661 1206 735 in
1225 661 1365 758 palatio
1392 641 1522 759 aplico,
1543 687 1610 736 seu

116 809 262 862 romana
291 787 392 862 curia
422 803 653 884 procurator,
673 786 733 860 vel
761 801 957 883 promotor
986 786 1234 886 negotiorum,
1265 812 1331 860 seu
1350 788 1611 883 pensionarius

115 913 381 1009 quoquomodo
401 911 520 997 luerit,
543 910 603 987 vel
623 912 771 985 existat.
793 909 869 984 Sed
889 911 920 984 si
938 936 986 984 ex
1009 912 1220 1009 ignorantia
1247 913 1466 1009 contigeret,
1492 914 1610 986 Audi-

116 1052 229 1110 torem
257 1035 422 1134 aliquam
450 1036 510 1110 vel
541 1036 688 1132 aliquas
725 1061 876 1109 causam
905 1059 971 1110 seu
1011 1059 1145 1109 causas
1178 1035 1241 1109 tali
1268 1036 1415 1110 notario
1442 1036 1613 1110 commit-

116 1177 188 1234 tere
206 1160 522 1248 adscribendum,
543 1162 670 1235 statim
690 1161 856 1236 notarius
884 1159 1097 1235 huiusmodi
1115 1183 1277 1245 causam,
1300 1185 1367 1234 seu
1386 1161 1611 1236 commissio·

115 1309 204 1373 nem,
227 1287 263 1360 in
285 1287 456 1361 manibus
475 1285 563 1360 dicti
583 1285 779 1361 Auditoris
798 1287 984 1360 restituat.
1003 1283 1242 1359 Contrarium
1261 1310 1353 1358 vero
1371 1285 1523 1372 iaciens,
1544 1310 1612 1383 per

115 1435 249 1484 annum
281 1411 330 1485 ab
349 1409 470 1485 officio
489 1411 708 1496 notariatus,
729 1410 767 1483 in
785 1408 925 1506 palatio
953 1409 1174 1499 exercendo,
1196 1409 1245 1482 sit
1263 1434 1310 1482 eo
1329 1410 1413 1505 ipso
1432 1411 1610 1508 privatus

186 1537 204 1632 ξ
239 1531 337 1628 24.*
365 1536 468 1622 Item,
491 1535 625 1632 prelati
653 1533 786 1608 notarii
805 1549 1018 1632 regestrum
1038 1533 1306 1629 cuiuscumque
1326 1558 1451 1620 cause,
1471 1535 1508 1608 in
1535 1559 1612 1631 qua

64 1637 68 1650 ⁸
113 1659 243 1734 notarii
260 1659 431 1756 deputati
450 1660 628 1746 existunt,
658 1685 743 1734 cum
771 1658 933 1734 manuali
960 1674 999 1733 et
1018 1658 1212 1754 productis
1232 1657 1485 1756 originalibus,
1505 1676 1612 1733 ante·

111 1810 219 1881 quam
243 1800 456 1883 regestrum
476 1785 652 1860 Auditori
670 1783 873 1859 exhibeant
891 1800 930 1859 et
949 1784 1078 1881 copias
1097 1785 1132 1857 in
1152 1783 1338 1880 publicam
1353 1784 1522 1870 sormam,
1545 1809 1611 1858 seu

111 1911 143 1982 in
161 1907 368 2006 simplicem
388 1910 610 2005 scripturam
631 1909 815 1996 redactas,
838 1934 921 1982 cum
939 1907 1077 1982 eodem
1098 1923 1282 2006 regestro,
1302 1923 1506 2004 antequam
1525 1933 1613 2005 par-

112 2033 205 2108 tibus
242 2034 409 2118 tradant,
448 2033 649 2133 diligenter
676 2034 888 2108 auscultent
915 2049 955 2107 et
982 2033 1074 2107 alias
1102 2033 1155 2106 sic
1191 2033 1357 2129 perfecte
1390 2033 1543 2108 videant
1573 2050 1613 2108 et

111 2161 298 2258 corrigant
316 2147 527 2256 diligenter,
548 2158 653 2255 quod
671 2183 740 2256 per
757 2183 888 2233 eorum
910 2157 1098 2244 incuriam,
1121 2157 1398 2256 negligentiam,
1420 2159 1479 2234 vel
1507 2157 1610 2246 alias,

111 2283 214 2360 nichil
229 2285 282 2358 de
301 2285 608 2359 substantialibus
627 2286 832 2371 omittatur,
856 2307 921 2357 seu
942 2284 1120 2357 damnum
1138 2283 1291 2379 aliquod
1307 2282 1471 2390 patiatur
1488 2283 1614 2380 aliqua

111 2411 271 2506 partium
300 2411 515 2495 erumdem3
538 2410 661 2483 necin
689 2409 855 2484 savorem
874 2409 933 2482 vel
953 2407 1195 2505 preiudicium
1216 2410 1323 2484 unius
1351 2410 1512 2504 partium
1531 2433 1613 2505 pre-

111 2536 221 2610 missa
249 2537 442 2634 complere
470 2534 643 2609 differant
670 2534 729 2608 vel
747 2549 991 2631 postponant.
1011 2534 1114 2620 Item,
1132 2534 1237 2630 quod
1264 2535 1336 2608 iam
1365 2534 1453 2608 dicti
1481 2534 1614 2608 notarii

110 2683 238 2732 omnes
275 2676 384 2733 actus
420 2658 611 2734 iudiciales
647 2658 757 2745 clare,
792 2657 967 2732 distincte
999 2673 1037 2732 et
1066 2657 1361 2732 substantialiter
1387 2657 1423 2730 in
1451 2659 1613 2732 manuali

110 2807 172 2856 seu
192 2784 413 2868 memoriali,
436 2785 470 2856 in
499 2782 697 2858 Auditoris
733 2807 846 2856 cause
874 2785 910 2855 in
938 2807 1012 2878 qua
1041 2782 1217 2870 scribunt,
1247 2781 1438 2880 presentia
1465 2798 1505 2856 et
1531 2806 1613 2879 par·

109 2909 208 2996 tium,
249 2909 284 2982 si
316 2925 518 3006 expectare
540 2906 750 2994 'voluerint
784 2907 1020 2982 conscribere
1048 2930 1122 2981 non
1156 2923 1402 3006 postponant.
1439 2907 1490 2980 Et
1525 2923 1614 3003 post

107 3057 218 3130 quam
248 3031 334 3108 illos
362 3033 663 3130 conscripserint,
702 3033 737 3106 in
767 3049 977 3130 regestrum
1010 3032 1169 3107 fideliter
1197 3034 1370 3130 redigant
1396 3032 1457 3108 vel
1493 3033 1613 3132 redigi

108 3155 260 3231 iaciant:
293 3170 335 3230 et
362 3157 531 3252 requisiti
559 3158 609 3230 ab
645 3155 736 3252 ipsis
771 3157 951 3252 partibus,
981 3155 1042 3228 vel
1069 3179 1199 3229 earum
1226 3153 1362 3252 aliqua,
1392 3155 1428 3228 in
1457 3155 1614 3253 singulis

108 3283 274 3355 terminis
305 3282 530 3368 successive,
562 3282 732 3378 partibus
760 3279 903 3354 eisdem
931 3281 1090 3377 copiam,
1119 3304 1202 3354 cum
1231 3306 1301 3378 per
1330 3282 1471 3355 dictum
1498 3281 1613 3355 Audi-

108 3418 225 3479 torem
255 3404 413 3478 decreta
443 3403 565 3490 suerit,
601 3403 680 3478 sine
712 3403 929 3478 difficultate
961 3419 1000 3477 et
1035 3402 1165 3478 fraude
1200 3429 1438 3500 quacumque
1465 3405 1610 3488 saciant,

108 3527 209 3604 salvo
238 3555 313 3604 suo
342 3529 441 3605 iusto
469 3527 604 3604 salario
633 3527 785 3602 inferius
817 3527 1054 3603 moderato.¹
1084 3528 1189 3615 ltem,
1210 3530 1313 3624 quod
1341 3529 1452 3602 iidem
1481 3531 1614 3606 notarii

107 3653 139 3724 in
158 3670 338 3753 regestro
356 3651 452 3729 illius
470 3679 584 3729 cause
604 3655 639 3726 in
668 3679 744 3750 qua
762 3654 939 3739 scribunt,
956 3668 998 3726 ut
1016 3652 1229 3750 predicitur,
1250 3676 1384 3728 omnes
1406 3655 1612 3728 sententias

106 3777 319 3852 diffinitivas
347 3779 427 3852 sive
446 3778 745 3852 interlocutorias
771 3803 815 3852 ac
843 3777 1090 3870 inhibitiones,
1122 3801 1266 3853 necnon
1294 3777 1545 3852 intimationes
1573 3796 1612 3852 et

106 3901 382 3998 appellationes
409 3903 528 3976 verbo
554 3901 615 3975 vel
647 3902 683 3974 in
711 3901 859 3997 scriptis
886 3903 1056 3989 emissas,
1086 3927 1135 3976 ex
1163 3902 1311 3999 integro
1339 3903 1387 3976 de
1419 3904 1536 3976 verbo
1563 3904 1612 3976 ad

105 4029 260 4102 uerbum
281 4028 531 4114 conscribant,
552 4052 635 4100 cum
655 4051 723 4120 per
741 4041 897 4124 partem,
918 4025 977 4100 vel
996 4043 1134 4124 partes,
1157 4053 1222 4101 seu
1252 4026 1477 4102 Auditorem
1495 4027 1612 4124 ipsius

107 4177 229 4240 cause,
260 4152 400 4228 suerint
428 4152 606 4249 requisiti.
636 4195 663 4206 -
691 4153 796 4238 ltem,
817 4153 921 4248 quod
949 4155 1195 4226 instrumenta
1223 4169 1264 4226 et
1289 4153 1362 4227 alia
1389 4177 1458 4248 per
1484 4170 1612 4249 partes

105 4277 301 4372 producta,
324 4275 524 4375 diligenter
551 4291 766 4375 regestrent
793 4277 853 4350 vel
881 4276 1234 4375 regestrariiaciant
1253 4279 1386 4351 notarii
1403 4279 1610 4353 memorati.

108 4403 202 4476 Acta
234 4391 387 4476 veroin
414 4401 585 4496 partibus
613 4400 740 4475 habita
767 4401 917 4475 minime
944 4417 1215 4498 regestrentur,
1247 4404 1315 4476 sed
1344 4420 1613 4476 conserventur

108 4549 173 4622 per
207 4525 310 4600 illius
336 4549 451 4600 cause
479 4525 664 4600 notarium
702 4525 910 4624 diligenter,
946 4526 1015 4599 nisi
1049 4542 1190 4623 partes,
1219 4527 1278 4600 vel
1313 4551 1443 4601 earum
1479 4527 1608 4610 altera.

107 4648 163 4722 illa
191 4665 372 4747 peterent
400 4650 623 4748 regestrari;
655 4673 743 4746 pars
761 4675 853 4724 vero
871 4649 941 4726 hec
968 4663 1113 4746 petens,
1136 4653 1184 4725 de
1203 4669 1378 4750 regestro
1397 4653 1612 4728 satisfacere

106 4789 293 4850 teneatur.
315 4771 336 4814 *

397 4915 457 4990 De
485 4914 641 4990 notariis
668 4917 717 4990 ad
745 4930 874 5014 partes
901 4919 1079 4992 recedere
1106 4917 1327 4995 volentibus.

182 5079 238 5175 §a
246 5099 282 5172 5.
316 5076 421 5164 ltem,
437 5075 541 5173 quod
569 5077 714 5163 notarii,
737 5103 833 5173 quos
852 5078 1039 5152 interdum
1068 5093 1255 5175 perpetuo
1282 5093 1321 5152 et
1348 5079 1531 5154 interdum
1560 5082 1609 5153 ad

107 5219 268 5299 tempus,
287 5201 340 5276 de
358 5201 458 5274 curia
476 5201 667 5276 absentari
686 5202 896 5301 contigerit,
917 5201 1244 5300 omnia'regestra,
1265 5220 1350 5277 acta
1368 5221 1407 5278 et
1425 5205 1609 5300 producta

291 5321 305 5364 θ

187 5411 197 5445 ¹
216 5409 255 5468 In
274 5405 380 5467 Libro
398 5405 502 5466 Rotae
520 5409 644 5468 constit.
663 5409 728 5469 duo
745 5409 859 5469 ultima
878 5410 979 5470 verba
997 5417 1156 5484 expuncta
1179 5417 1263 5468 sunt.
