3748 5914
647 316 713 376 Pr'o
737 296 797 375 V·
819 318 978 392 Gregorio
996 317 1088 379 XIII
1565 323 1620 384 309
1711 332 1715 338 ’

124 509 315 582 observari
344 508 471 584 solitis.
503 509 658 584 Necnon
687 511 736 584 ad
765 511 977 586 huiusmodi
1005 511 1114 586 officii
1132 513 1369 588 auditoratus
1388 515 1616 602 exercitium,

123 631 292 729 illiusque
319 657 446 717 onera,
477 634 641 708 honores
669 651 707 708 et
734 635 997 720 emolumenta,
1028 638 1209 736 recipiant
1236 655 1275 712 et
1302 621 1503 713 admittan't
1519 665 1564 714 ac
1582 640 1619 714 in

120 761 240 833 locum
269 759 358 833 dicti
386 759 533 834 loannis
561 759 689 856 quoad
716 759 877 834 officium
904 761 1140 837 auditoratus
1176 787 1375 838 causarum
1407 763 1619 841 huiusmodi

118 901 155 958 et
182 883 279 958 illius
307 884 523 959 exercitium
553 885 786 960 substituant
812 902 853 959 et
880 905 1093 984 surrogent,
1116 889 1262 986 sibique
1290 891 1338 964 de
1357 889 1620 964 emolumentis

119 1007 295 1103 predictis
323 1011 580 1107 respondeant
607 1026 647 1084 et
674 1010 897 1108 responderi
926 1013 1105 1086 mandent
1131 1030 1172 1089 et
1196 1015 1333 1089 saciant
1360 1040 1444 1089 cum
1471 1014 1618 1089 ellectu.

199 1132 287 1206 Non
314 1134 552 1208 obstantibus
581 1134 921 1210 Constitutionibus
949 1153 990 1209 et
1016 1139 1312 1214 ordinationibus
1331 1139 1548 1236 apostolicis
1577 1163 1620 1213 ae

121 1257 313 1353 quibusvis
343 1259 527 1332 mandatis
557 1286 637 1334 seu.
653 1261 959 1335 concessionibus
986 1261 1035 1335 de
1054 1264 1154 1338 dicto
1174 1263 1258 1341 loco
1278 1289 1344 1339 seu
1365 1264 1488 1339 officio
1507 1264 1622 1338 Audi·
1681 1276 1685 1286 '

121 1399 268 1458 toratus
296 1409 366 1479 pro
393 1375 691 1482 quibuscumque
718 1385 800 1459 aliis
829 1387 1000 1482 personis
1027 1389 1282 1486 cuiuscunque
1310 1403 1432 1464 status
1451 1407 1521 1466 etc.
1543 1390 1621 1464 exi·

110 1511 308 1586 'stentibus
335 1534 435 1605 quae
461 1536 484 1586 a
512 1511 620 1585 nobis
663 1511 721 1585 vel
750 1511 842 1586 sede
879 1513 1088 1608 apostolica
1123 1530 1358 1590 emanarunt.
1398 1515 1623 1614 Cererisque

121 1636 315 1709 contrariis
345 1636 641 1732 quibuscunque.
671 1679 697 1690 -
726 1635 854 1710 Placet
879 1645 977 1712 motu
999 1637 1157 1738 proprio
1185 1639 1243 1714 M.

201 1797 470 1872 Praesentatus
504 1813 542 1870 et
569 1796 758 1870 admissus
781 1797 817 1870 in
1006 1797 1250 1872 Praesentata
1290 1798 1351 1873 die
1393 1821 1417 1868 v
1457 1798 1621 1875 octobris

122 1938 203 1995 rota
241 1923 302 1996 die
343 1921 428 1994 lune
466 1943 491 1992 x
518 1921 682 1996 octobris
718 1927 815 2015 1569
932 1929 1030 2016 1569
1065 1923 1137 1996 Pro
1174 1923 1285 1999 Rmo
1314 1923 1362 1998 D.
1395 1949 1480 1998 meo
1513 1919 1622 2000 Car.¹i

122 2045 234 2120 lulius
265 2045 455 2120 Oradinus
484 2047 648 2120 decanus
926 2045 1239 2122 Vicecancellario

1007 2172 1094 2248 Fla:
1126 2165 1251 2248 Car.¹¹⁸
1280 2173 1454 2250 Ursinus.

839 2509 923 2588 170.

128 2670 335 2766 Gregorius
363 2669 481 2744 XIII
502 2673 772 2768 (1572-1585)
801 2672 1068 2746 Auditoratum
1096 2674 1213 2747 Rotae
1239 2673 1381 2770 confert
1409 2671 1566 2747 Caesari
1580 2673 1623 2745 de

206 2793 373 2879 Grassis,
394 2797 461 2892 qui
485 2797 825 2896 Motumpropra'um
847 2807 1062 2894 praesentat
1078 2798 1175 2872 lulio
1205 2797 1384 2883 Orodino,
1414 2799 1575 2873 Decano,
1596 2843 1623 2854 -

206 2919 404 2993 Clausulas
438 2917 654 3016 derogantes
682 2921 896 3019 prr'oilegt'is
930 2948 955 2996 a
983 2921 1055 2995 Pio
1091 2924 1129 2997 V
1160 2921 1316 3020 Collegio
1351 2921 1623 2996 Ghislerrorum

202 3043 360 3116 croitotis
387 3041 593 3139 Papz'ensri,
623 3045 803 3121 concessis.

202 3215 318 3286 (Anca.
337 3213 425 3286 Ror,
449 3215 740 3290 «admissiones»,
756 3223 844 3290 part.
864 3217 892 3291 I,
912 3217 1071 3290 Gregorio
1091 3217 1185 3288 XIII,
1207 3236 1239 3277 n.
1259 3217 1302 3290 2).

1184 3379 1261 3451 1572,
1279 3377 1410 3453 augusti
1430 3377 1472 3449 tu,
1491 3375 1625 3436 Romae.

646 3487 857 3584 Gregorius
887 3489 953 3563 ΡΡ.
985 3489 1085 3562 X111·

204 3631 314 3704 Motu
334 3631 489 3728 proprio
516 3649 586 3706 etc.
609 3631 714 3704 Bene
732 3630 916 3704 informati
936 3631 985 3704 de
1003 3631 1173 3705 doctrina
1195 3631 1360 3705 moribus
1378 3647 1418 3704 et
1437 3630 1625 3726 probitate

123 3755 247 3830 dilecti
276 3755 337 3829 filii
357 3755 533 3830 Caesaris
553 3757 601 3831 de
630 3755 793 3840 Crassis,
817 3755 951 3830 Clerici
981 3756 1186 3842 Bononien‚
1208 3782 1242 3832 u.
1265 3758 1287 3831 i.
1309 3756 1359 3842 d.,
1384 3770 1489 3829 motu
1518 3755 1626 3829 simili

124 3895 163 3952 et
187 3904 236 3954 ex
256 3897 388 3954 nostra
405 3897 509 3954 certa
537 3881 702 3964 scientia,
724 3879 883 3953 eundem
905 3879 1107 3954 Caesarem
1133 3881 1169 3952 in
1190 3880 1434 3978 Capellanum
1455 3865 1624 3953 nostrum

124 4023 162 4078 et
190 4007 287 4080 sacri
314 4005 440 4103 palatii
469 4007 587 4080 nostri
616 4029 814 4078 causarum
843 4004 1067 4080 Auditorem
1096 4005 1366 4092 constituimus
1397 4030 1561 4101 eumque
1589 4005 1625 4078 in

122 4131 245 4206 locum
265 4131 387 4204 dilecti
407 4129 469 4204 filii
489 4132 605 4204 nostri
625 4130 813 4226 Alphonsi
835 4131 1019 4216 Rimarini‚
1044 4131 1221 4228 Episcopi
1242 4155 1309 4204 seu
1337 4129 1446 4204 electi
1475 4129 1623 4206 Reatin.

124 4255 211 4329 dicti
226 4255 354 4353 palatii
373 4279 570 4328 causarum
591 4255 797 4340 Auditoris,
819 4253 867 4328 de
890 4256 995 4328 cuius
1015 4281 1180 4353 persona
1199 4280 1318 4352 nuper
1337 4255 1456 4329 Ecc.²⁸
1476 4253 1624 4339 Reatin,

126 4381 291 4475 pastoris
318 4379 453 4454 solatio
482 4395 569 4454 tunc
597 4379 811 4463 destitutae,
847 4380 1090 4476 providimus,
1122 4405 1165 4453 ac
1197 4378 1247 4452 ad
1274 4377 1434 4452 officium
1464 4377 1625 4451 Audito-

127 4505 243 4579 riatus
272 4503 484 4580 huiusmodi
513 4504 632 4601 (quod
658 4531 681 4578 a
708 4503 877 4601 pluribus
911 4505 1018 4578 annis
1053 4504 1145 4579 citra
1182 4504 1277 4578 serie
1315 4505 1530 4577 continuata
1558 4526 1628 4598 per

126 4629 321 4705 Romanos
342 4629 548 4716 Pontifices,
570 4630 861 4726 predecessores
882 4647 1032 4703 nostros
1052 4627 1206 4704 Civibus
1227 4628 1432 4703 Bononien.
1454 4627 1502 4704 U.
1527 4627 1553 4724 J.
1577 4627 1624 4702 D.

124 4755 303 4829 collatum
317 4754 397 4852 luit)
412 4754 615 4829 sufficimus
629 4773 667 4828 et
682 4781 937 4854 surrogamus,
958 4754 1068 4851 eique
1085 4753 1246 4828 officium
1261 4780 1346 4828 cum
1360 4754 1575 4838 honoribus,

125 4880 317 4954 consuetis
331 4880 569 4954 concedimus
583 4895 623 4954 et
637 4879 922 4978 assignamus
941 4879 1168 4953 Mandantes
1183 4895 1386 4975 propterea
1400 4869 1504 4950 Ven¹i
1523 4876 1626 4951 fratri

125 5020 303 5081 nostru...
322 5001 510 5078 Cardinali
531 5001 891 5078 Vicecancellario...
913 5028 1057 5078 necnon
1078 5002 1224 5077 dilectis
1244 5001 1338 5075 filius
1359 5001 1526 5088 Decano,
1548 5001 1627 5076 aliis
1675 5079 1680 5090 ,

125 5127 253 5224 palatii
282 5130 459 5225 praedicti
488 5153 685 5203 causarum
715 5127 963 5202 Auditoribns
991 5143 1030 5202 et
1062 5127 1358 5202 locatenentibus
1385 5127 1440 5225 (ut
1469 5127 1629 5200 servatis

128 5254 322 5328 consuetis
349 5269 390 5326 et
407 5253 547 5326 servari
574 5254 709 5348 solitis)
736 5254 785 5326 ad
805 5253 926 5348 ipsum
948 5251 1152 5326 Caesarem
1177 5251 1381 5325 eorundem
1401 5248 1628 5324 Auditorum

131 5403 289 5453 numero
316 5391 355 5451 et
382 5379 570 5452 consortio
597 5376 848 5452 favorabiliter
874 5401 1129 5476 aggregare...
1162 5377 1248 5450 Non
1275 5374 1513 5450 obstantibus
1540 5397 1629 5448 con-
