3748 5914
817 637 902 715 166.

117 797 204 869 Pius
231 799 259 870 I
263 799 300 871 V
319 795 481 870 decernit
505 797 605 894 quod
629 797 845 872 Decantatus
863 799 981 872 Rotae
999 799 1148 872 nonnisi
1162 801 1286 871 semor
1305 799 1423 872 Rotae
1442 799 1607 872 Auditor

187 923 226 994 in
257 922 373 995 Curtio
391 933 581 1020 praescias,
612 933 680 996 out
703 950 752 997 cx
779 949 891 996 causo
912 923 1062 1022 publico
1089 923 1216 996 absens
1242 933 1278 996 rt
1302 933 1413 997 extra
1444 925 1606 998 eamdem

190 1045 344 1120 Curtium
364 1060 438 1147 per
467 1049 514 1122 R.
546 1047 759 1143 Pontificem
787 1049 1001 1135 destruatur,
1022 1051 1205 1148 potietur.

188 1203 303 1274 (Atreu.
322 1201 409 1276 Ros,
434 1201 692 1262 «Ordinationes
703 1228 731 1277 2,
745 1208 835 1278 port.
853 1204 882 1278 I,
900 1220 933 1263 n.
952 1202 1053 1276 XIX).

1227 1347 1305 1418 1562,
1323 1347 1392 1406 iulii
1411 1347 1456 1421 27,
1473 1347 1606 1406 Romae.

189 1493 274 1566 Pius
303 1493 526 1591 Episcopus,
557 1519 690 1568 servus
719 1519 914 1570 servorum
945 1496 1028 1572 Dei.
1058 1495 1122 1569 Ad
1152 1510 1375 1592 perpetuam
1393 1495 1446 1568 rei
1464 1521 1608 1569 memo-

112 1621 210 1694 riam.
240 1619 399 1692 Dudum
426 1618 604 1716 siquz'dcm
631 1645 654 1694 a
682 1620 704 1694 f.
736 1646 763 1696 r.
796 1620 898 1694 Pauli
932 1622 997 1717 Pp.
1028 1620 1103 1707 lV.,
1143 1621 1439 1717 praedecessore
1476 1637 1607 1695 nostro

111 1759 331 1818 emanarunt
357 1744 504 1818 litterae
533 1745 674 1818 tenoris
710 1746 996 1841 subsequentis:
1043 1746 1218 1818 «Paulus
1256 1729 1347 1841 Eps.
1377 1745 1492 1820 δεῖ]18
1522 1745 1609 1818 Ser-

119 1893 284 1941 «vorum
315 1869 396 1942 Dei.
427 1868 490 1941 Ad
520 1894 598 1966 per.
630 1869 683 1944 rei
710 1871 940 1946 memoriam.
963 1868 1059 1942 Cum
1079 1870 1313 1944 venerabiles
1336 1871 1472 1944 tratres
1490 1871 1608 1944 nostri

119 1994 191 2068 «S.
223 1994 269 2067 R.
290 1993 333 2067 E.
367 1991 587 2068 Cardinales
615 1994 651 2067 in
680 2010 825 2091 partem
854 1995 1112 2069 sollicitudinis
1139 2011 1320 2068 vocentur
1347 2009 1390 2068 ut
1417 2019 1486 2091 pro
1514 2009 1611 2068 tem-

117 2143 245 2214 «pore
287 2117 463 2192 existenti
491 2120 664 2193 Romano
693 2119 860 2194 Pontifici
885 2121 1078 2208 assistant,
1110 2121 1267 2217 ipseque
1296 2121 1489 2194 Romanus
1518 2120 1611 2194 Pon·

118 2241 242 2316 «tifex
270 2266 401 2316 eorum
431 2244 572 2316 consilii
598 2245 749 2341 agenda
776 2244 956 2341 disponat
983 2260 1023 2319 et
1054 2245 1165 2318 iidem
1186 2242 1408 2318 Cardinales
1428 2245 1503 2317 sint
1521 2267 1610 2339 pars

118 2367 322 2463 «corporis
350 2381 390 2440 et
425 2352 594 2442 membra
631 2369 749 2465 ipsius
787 2369 949 2443 Romani
983 2369 1171 2444 pontificis
1206 2395 1251 2442 ac
1288 2369 1446 2443 diversis
1473 2368 1609 2442 Almae

117 2492 269 2568 «Urbis
297 2507 451 2568 nostrae
477 2493 752 2589 parochialibus
772 2494 947 2568 Ecclesiis
971 2518 1041 2591 pro
1068 2519 1200 2568 eorum
1230 2492 1480 2568 Cardinalium
1501 2493 1609 2568 titulo

118 2641 220 2690 «seu
248 2615 550 2691 denominatione
570 2617 832 2714 praeficiantur
850 2617 943 2691 etin
963 2617 1017 2692 eis
1036 2617 1298 2714 Episcopalem
1320 2616 1609 2692 iurisdictionem

118 2741 316 2816 «habeant
344 2758 384 2816 et
411 2757 612 2838 propterea
641 2744 677 2816 in
706 2743 877 2816 Romana
906 2742 1019 2816 Curia
1047 2742 1215 2816 residere
1242 2744 1415 2829 debeant,
1436 2767 1610 2838 praesen-

118 2881 289 2963 «tesque
317 2865 353 2939 in
382 2867 481 2940 dicta
510 2866 623 2940 Curia
652 2867 772 2965 magis
809 2867 912 2965 digni
949 2883 989 2940 et
1024 2865 1247 2966 privilegiati
1281 2869 1457 2954 existant,
1496 2892 1609 2963 quam

119 2991 333 3066 «absentes
370 3007 410 3065 et
443 2992 479 3066 in
508 2991 724 3086 optionibus
752 2991 943 3066 titulorum
972 3015 1016 3065 ac
1035 3017 1103 3066 sex
1123 2990 1374 3066 Ecclesiarum
1405 2991 1610 3066 Cathedra·

119 3146 134 3186 «
153 3116 242 3191 lium
261 3117 399 3212 quibus
419 3116 641 3191 Cardinales
653 3142 731 3213 pro
749 3142 880 3191 eorum
901 3117 1165 3192 Cardinalatus
1184 3117 1293 3191 titulo
1311 3105 1460 3213 praefici
1489 3115 1612 3190 solent

117 3241 373 3315 «absentibus
401 3255 440 3315 et
466 3258 555 3316 ante
583 3267 650 3315 eos
678 3241 715 3315 in
745 3241 965 3316 Cardinales
993 3241 1200 3338 assumptis
1227 3242 1486 3338 praeferantur
1512 3255 1552 3314 et
1579 3241 1610 3312 si

117 3366 216 3440 «uni
256 3390 306 3438 ex
347 3365 456 3440 dictis
498 3366 674 3460 Ecclesiis
712 3365 1000 3443 Cathedralibus
1037 3366 1215 3464 praelecti
1251 3365 1396 3454 luerint,
1435 3391 1483 3439 ex
1523 3380 1612 3462 post

119 3514 308 3587 «semper
342 3490 436 3566 alios
463 3514 548 3594 ,non
585 3491 796 3587 Episcopus
830 3491 1051 3565 Cardinales
1085 3490 1122 3564 in
1159 3491 1354 3586 quibusvis
1390 3491 1536 3565 actibus
1572 3504 1613 3563 et

92 3607 96 3614 ’
119 3614 389 3688 «sessionibus
416 3613 655 3710 praecedant,
688 3614 770 3690 Nos
797 3616 845 3689 de
873 3615 1091 3710 praemissis
1117 3630 1156 3687 et
1184 3615 1340 3688 diversis
1368 3614 1448 3688 aliis
1476 3614 1611 3700 causis,

117 3741 320 3812 «animum
349 3755 517 3814 nostrum
545 3740 782 3814 moventibus
810 3756 849 3814 et
867 3740 964 3814 inter
982 3755 1108 3814 cetera
1137 3756 1178 3813 ut
1205 3741 1361 3814 eosdem
1391 3739 1611 3813 Cardinales

119 3865 337 3938 «absentes
364 3863 414 3936 ad
441 3864 682 3938 residendum
716 3865 751 3937 in
782 3864 896 3939 Curia
932 3864 1117 3962 aliquibus
1154 3863 1388 3939 uberioribus
1422 3865 1611 3938 favoribus

118 4005 193 4062 «et
226 3990 500 4086 praerogativis
527 3986 761 4064 alliceremus
791 3990 987 4064 Decanatu
1016 3987 1268 4064 Cardinalium
1298 3987 1467 4087 Collegii,
1499 4013 1610 4085 quem

119 4114 237 4187 «Nos
266 4113 357 4186 dum
385 4116 422 4187 in
450 4114 654 4188 minoribus
681 4115 873 4188 constituti
892 4139 1064 4188 essemus
1083 4115 1346 4188 obtinebamus
1365 4131 1404 4188 et
1422 4114 1471 4188 ad
1499 4137 1612 4209 quem

118 4255 315 4335 «propter
342 4254 509 4314 nostram
538 4241 752 4314 continuam
781 4241 817 4312 in
835 4239 968 4314 eadem
994 4238 1108 4313 Curia
1136 4239 1375 4313 residentiam
1403 4254 1491 4312 aute
1518 4237 1611 4312 alios

117 4361 378 4438 «cardinales
416 4363 536 4440 Nobis
572 4365 608 4438 in
642 4364 882 4438 Cardinalatu
916 4364 1148 4461 antiquiores
1182 4345 1269 4438 func
1301 4364 1350 4437 ab
1382 4363 1465 4460 ipsa
1498 4360 1612 4436 Curia

118 4491 335 4562 «absentes
364 4514 656 4585 perveneramus
685 4514 754 4585 per
782 4489 961 4564 Nostram
989 4490 1039 4562 ad
1071 4489 1205 4563 summi
1237 4487 1487 4585 Apostolatus
1514 4487 1612 4560 lasti-

117 4641 134 4683 «
153 4615 259 4710 gium
288 4615 586 4711 assumptionem
615 4631 785 4701 vacante,
813 4615 941 4689 habita
966 4637 1081 4709 super
1098 4614 1156 4688 his
1175 4639 1259 4688 cum
1278 4613 1455 4688 [ratribus
1474 4612 1612 4686 nostris

115 4767 132 4808 «
152 4738 188 4810 in
209 4737 446 4812 Consistorio
466 4755 596 4814 nostro
615 4756 762 4813 secreto
781 4739 1049 4814 deliberatione
1067 4755 1225 4823 matura,
1247 4739 1295 4822 de
1314 4763 1444 4812 eorum
1459 4735 1613 4811 consilio

116 4879 192 4936 «et
221 4863 385 4936 unanimi
411 4888 570 4938 assensu
600 4863 694 4938 Ven.
724 4862 878 4938 sratrem
907 4879 1077 4937 nostrum
1097 4864 1272 4936 loannem
1292 4845 1439 4958 Epmm.
1463 4863 1610 4946 Ostien,

117 4986 192 5062 «S.
226 4989 272 5062 R.
305 4987 347 5063 E.
379 4988 493 5065 Card.
523 4988 571 5062 de
601 4986 755 5084 Bellayo
784 5004 1039 5084 nuncupatum
1068 4990 1116 5063 de
1145 4989 1253 5062 nobis
1280 5003 1320 5063 ct
1343 4988 1443 5060 Sede
1461 5003 1614 5084 aposto-

117 5112 226 5186 «lica
262 5113 402 5208 optime
439 5113 624 5199 meritum,
656 5113 852 5187 Decanum
882 5111 1041 5218 Collegii
1078 5112 1292 5187 huiusmodi
1328 5111 1610 5199 declaravimus,

118 5262 323 5333 «eumque
349 5238 467 5334 ipsius
496 5237 656 5337 Collegii
686 5237 880 5312 Decanum
910 5239 1136 5325 vocavimus,
1166 5254 1205 5311 et
1235 5237 1470 5312 Decanatum
1490 5236 1614 5334 ipsum

117 5363 226 5436 «sibi
256 5363 511 5438 concessimus
538 5380 651 5460 prout
678 5380 717 5438 et
745 5389 813 5460 per
840 5379 1061 5461 praesentes
1089 5363 1336 5448 declaramus,
1367 5386 1547 5439 vocamus
1575 5377 1616 5434 et
