3718 5918
728 299 896 360 Clemente
914 299 988 360 XII
1552 301 1607 362 5⁰7

102 491 235 566 litteris
263 493 492 590 apostolicis,
524 495 594 568 sub
631 495 930 593 quibuscumque
968 497 1162 570 tenoribus
1198 513 1237 570 et
1273 497 1412 585 formis,
1441 523 1485 570 ac
1522 524 1606 570 cum

102 619 298 713 quibusvis
327 620 514 706 clausulis,
544 635 583 693 et
610 620 783 704 decretis,
814 622 927 693 etiam
956 639 1059 693 motu
1089 621 1196 694 simili
1224 637 1262 694 et
1290 622 1605 706 consistorialiter,

102 767 148 816 ac
176 744 267 816 alias
288 743 324 816 in
343 745 568 819 contrarium
588 743 873 840 quomodolibet
891 747 1091 828 concessis,
1112 747 1333 842 approbatis
1352 765 1391 820 et
1410 747 1604 834 innovatis,

102 891 147 939 ac
166 867 385 940 infuturum
406 867 665 954 concedendis,
687 868 944 965 approbandis
963 883 1002 942 et
1020 869 1262 959 innovandis;
1279 871 1415 966 quibus
1435 871 1607 944 omnibus

102 1007 144 1065 et
172 993 339 1091 singulis,
368 994 514 1068 etiamsi
543 995 590 1068 de
618 994 689 1067 illis
716 1019 925 1091 eorumque
953 997 1042 1067 totis
1081 995 1272 1068 tenoribus
1306 996 1490 1092 specialis,
1525 1021 1607 1092 spe·

101 1117 216 1202 cifica,
246 1143 430 1216 expressa
458 1135 497 1193 et
525 1119 725 1208 individua,
748 1143 823 1192 non
842 1135 966 1192 autem
996 1144 1065 1216 per
1083 1120 1270 1194 clausulas
1289 1120 1488 1218 generales
1507 1123 1607 1194 idem

103 1243 365 1340 importantes,
388 1246 526 1318 mentio
547 1245 729 1332 habenda,
752 1259 817 1317 aut
835 1244 960 1341 aliqua
987 1245 1059 1318 alia
1079 1245 1264 1340 exquisita
1284 1246 1402 1319 forma
1422 1247 1607 1319 servanda

101 1384 218 1453 esset,
240 1385 393 1442 tenores
421 1370 633 1444 huiusmodi
660 1370 804 1443 eisdem
832 1371 1096 1466 praesentibus
1115 1394 1186 1466 pro
1205 1371 1395 1466 expressis
1423 1370 1607 1444 habentes

102 1494 259 1588 perinde
287 1519 331 1568 ac
359 1495 389 1566 si
419 1495 455 1567 in
483 1495 537 1568 eis
566 1495 613 1568 de
643 1497 759 1568 verbo
789 1497 836 1568 ad
856 1497 1012 1568 verbum
1042 1496 1170 1568 inserti
1199 1494 1422 1580 lorentrillis
1451 1495 1543 1568 alias
1571 1494 1606 1566 in

102 1643 174 1690 suo
203 1622 338 1693 robore
368 1620 635 1715 permansuris,
656 1620 725 1694 hac
753 1621 832 1693 vice
861 1619 1068 1705 dumtaxat,
1097 1635 1201 1692 motu
1231 1635 1269 1692 et
1297 1623 1498 1716 potestatis
1526 1620 1607 1716 ple·

103 1744 273 1817 nitudine
310 1746 464 1840 paribus
496 1745 708 1840 specialiter
740 1762 780 1819 et
812 1769 993 1841 expresse
1029 1745 1269 1841 derogamus,
1309 1761 1348 1818 et
1380 1747 1605 1844 derogatum

98 1893 190 1941 esse
218 1870 390 1942 volumus
417 1885 455 1944 et
485 1870 723 1954 mandamus:
753 1872 966 1966 ceterisque
994 1870 1189 1942 contrariis
1216 1870 1528 1966 quibuscumque.

187 1994 286 2066 Nulli
314 2019 408 2092 ergo
435 1995 625 2068 hominum
654 2008 726 2072 etc.

187 2117 327 2192 Datum
348 2119 503 2206 Rornae,
521 2120 623 2216 apud
639 2119 676 2194 S.
696 2120 854 2194 Mariam
876 2121 1068 2206 Maiorem,
1086 2145 1185 2193 anno
1204 2121 1471 2195 lncarnationis
1491 2123 1607 2194 domi·

101 2243 208 2314 nicae
235 2265 465 2328 nuccxxx1V,
498 2266 545 2315 xv
573 2244 755 2319 kalendas
783 2246 1003 2329 decembris,
1033 2244 1272 2341 pontificatus
1297 2247 1412 2319 nostri
1441 2269 1539 2319 anno
1569 2269 1603 2321 v.

767 2646 769 2654 ,
812 2579 902 2658 410.

103 2722 310 2795 Auditores
338 2723 508 2822 Hispani
532 2723 572 2796 ob
598 2723 835 2796 doemones
859 2731 1012 2798 oxortu
1038 2723 1136 2796 inm
1159 2722 1301 2796 Aulam
1320 2720 1555 2817 Pontzflctom
1573 2729 1608 2796 et

186 2847 462 2944 Hospamornm
482 2847 631 2942 Regem,
658 2848 794 2920 Rotam
812 2848 1037 2945 rolrirquant.
1059 2889 1083 2902 -
1107 2847 1212 2936 Quot
1234 2848 1353 2944 egerit
1369 2847 1468 2922 Rota
1485 2857 1608 2944 quoad
1665 2877 1670 2888 ·

184 2970 456 3044 dzslrz‘butionos
466 2972 715 3069 propinarunt
730 2981 764 3044 ol
775 2972 1048 3069 adrogationes
1061 2974 1101 3045 in
1119 2972 1250 3058 ottusis,
1271 2971 1402 3046 ez‘sdon
1420 2973 1605 3068 Hzlrpam's

186 3121 395 3171 commissos.

186 3252 302 3325 (Anca.
320 3251 408 3325 Ror,
433 3277 445 3302 ι
463 3251 565 3312 Liber
582 3252 617 3312 S.
635 3252 741 3312 Rotae
759 3253 824 3328 2»,
840 3259 917 3327 pag.
935 3253 1005 3312 339
1022 3257 1056 3312 et
1071 3255 1154 3326 sse).

644 3415 802 3526 Veneris
836 3475 876 3524 11
912 3451 1002 3524 Maii
1036 3458 1148 3546 1736.

187 3613 226 3685 In
264 3613 333 3686 hac
371 3612 470 3688 Rota
500 3635 574 3686 non
612 3613 860 3686 interfuerunt
898 3612 980 3686 RR.
1010 3635 1073 3709 pp.
1104 3611 1166 3688 dd.
1206 3613 1339 3686 Nurez
1375 3629 1414 3686 et
1446 3612 1602 3700 Peralta,

101 3738 313 3811 Auditores
342 3735 515 3832 Hispani,
550 3739 638 3832 quia
674 3756 831 3834 propter
861 3737 1115 3811 dissentiones
1150 3755 1303 3812 exortas
1340 3739 1436 3812 inter
1469 3736 1605 3811 Aulam

102 3860 336 3936 Pontificiam
364 3877 403 3935 et
432 3861 578 3958 Regem
608 3861 876 3958 Hispaniarum
905 3861 1023 3936 Eir'rus
1052 3861 1164 3938 Card.
1196 3863 1245 3974 de
1273 3863 1483 3957 Aquaviva,
1520 3861 1607 3935 dicti

101 3987 226 4085 Regis
254 3989 289 4060 in
319 3986 424 4060 Urbe
448 3985 635 4070 Minister,
666 3985 869 4082 publicavit
897 3988 1041 4085 regium
1069 3987 1289 4062 mandatum
1310 4012 1386 4082 quo
1405 3986 1608 4086 iniungitur

98 4112 280 4186 omnibus
310 4111 492 4207 Hispanis
524 4111 715 4184 discessus
741 4113 792 4186 ab
820 4111 925 4185 Urbe
953 4113 1049 4185 intra
1077 4127 1164 4186 octo
1192 4111 1285 4199 dies,
1314 4129 1354 4185 et
1390 4112 1485 4185 intra
1513 4110 1609 4185 duo-

99 4237 227 4310 decim
254 4261 279 4310 a
305 4251 389 4309 toto
417 4235 527 4309 Statu
566 4233 841 4321 Ecclesiastico,
873 4236 1080 4309 interdictis
1116 4259 1270 4333 quoque
1306 4235 1607 4332 expeditionibus

102 4364 143 4437 in
174 4361 331 4435 Dataria
357 4386 428 4458 pro
456 4360 592 4436 eodem
622 4360 780 4459 Regno;
812 4362 986 4457 Cumque
1013 4363 1230 4436 mandatum
1261 4363 1331 4436 hoc
1360 4361 1606 4460 significatum

99 4487 218 4562 suerit
244 4486 357 4560 etiarn
386 4487 525 4560 nostris
555 4484 763 4585 Colleghis,
794 4486 887 4560 Rrirs
917 4487 1095 4560 Decanus
1125 4487 1262 4574 retulit,
1282 4485 1438 4561 eosdem
1458 4513 1500 4560 se
1519 4511 1608 4559 con-

100 4612 239 4686 tulisse
267 4612 316 4685 ad
344 4611 463 4708 ipsius
490 4610 655 4696 domurn,
695 4626 737 4683 ut
773 4627 985 4686 comeatum
1017 4629 1200 4708 peterent,
1242 4613 1417 4710 idemque
1445 4611 1605 4685 officium

98 4757 304 4810 commune
333 4733 451 4823 lieret,
482 4759 612 4808 eorum
643 4736 803 4820 nomine,
827 4736 988 4807 coeteris
1008 4733 1212 4834 Colleghis.

189 4860 333 4932 Retulit
366 4884 520 4955 quoque
553 4859 647 4932 uns
686 4859 876 4948 Decanus,
914 4858 1042 4955 plures
1080 4861 1153 4934 iam
1185 4861 1375 4956 recepisse
1411 4861 1608 4934 instantias

98 5009 177 5083 pro
205 4984 475 5081 subrogatione
502 4983 538 5056 in
569 4983 705 5058 Causis
732 5009 859 5058 coram
890 4981 977 5058 DD.
1000 4983 1249 5058 Auditoribus
1278 4983 1510 5058 absentibus.
1532 4983 1608 5057 Sed

98 5107 314 5184 resolutum
352 5107 430 5194 fuit,
472 5106 558 5181 nihil
596 5129 682 5184 esse
716 5109 969 5182 innovandum
1006 5110 1127 5182 donec
1166 5123 1349 5205 sequutus
1387 5134 1460 5182 non
1497 5107 1608 5181 suerit

95 5231 264 5308 actualis
279 5257 409 5306 eorum
430 5233 631 5319 discessus,
653 5235 701 5308 ab
723 5233 846 5319 Urbe;
868 5247 999 5308 stante
1012 5233 1235 5330 praesertim
1253 5232 1378 5328 aliqua
1400 5258 1482 5328 spe,
1502 5234 1607 5329 quod

93 5358 190 5444 cito,
220 5375 261 5432 et
288 5357 414 5432 forsan
441 5374 530 5433 ante
557 5359 781 5444 discessum,
810 5357 1088 5434 contraversiae
1116 5372 1443 5454 componerentur.
