3748 5914
849 634 935 712 149.

136 779 271 854 bonit
288 780 331 854 X
349 775 812 882 (1513·1521)particttla
838 777 1115 874 rq‘ormationzs
1141 777 1301 851 omnium
1322 775 1537 872 Officiorum
1556 774 1634 850 Ro·

216 929 349 979 manae
387 903 524 979 Curias
559 905 599 978 in
637 903 754 978 Sacro
785 902 1014 977 oecumenico
1046 901 1203 976 Concilio
1229 899 1476 992 confirmatae.
1501 942 1553 957 -
1572 899 1634 972 De

218 1029 545 1115 Procuratoribus,
575 1039 610 1103 et
634 1029 679 1102 de
705 1027 879 1142 Notarizlt
905 1028 1035 1102 Rotae.

219 1181 281 1253 (Ex
303 1181 465 1242 Bullario
481 1181 647 1256 Romano,
665 1187 685 1241 t.
713 1179 746 1254 V,
762 1188 840 1256 pag.
858 1181 1009 1256 571ssq,
1027 1197 1060 1240 n.
1086 1179 1120 1253 V,
1136 1179 1225 1239 citat.
1245 1177 1351 1251 Edita.

1139 1338 1218 1410 1513,
1239 1338 1423 1398 decembris
1442 1336 1485 1410 13,
1503 1336 1635 1396 Romae.

218 1487 300 1563 Leo
327 1488 550 1586 Episcopus,
581 1513 715 1588 servus
742 1512 937 1564 servorum
966 1487 1052 1576 Dei,
1080 1488 1131 1560 ad
1158 1503 1382 1586 perpetuam
1413 1486 1467 1560 rei
1493 1509 1634 1560 memo·

142 1611 245 1698 riam,
277 1612 395 1689 Sacro
422 1613 657 1710 approbante
685 1611 863 1688 Concilio.
1346 1625 1349 1631 ’

220 1735 424 1812 Pastoralis
453 1737 572 1812 officii.
623 1821 628 1834 ,
630 1792 1243 1812 ..........

217 1863 238 1959 ᾖ
269 1885 330 1954 29.
360 1864 399 1960 a)
426 1859 697 1936 Procuratores
724 1885 800 1936 non
818 1886 951 1936 omnes
969 1859 1122 1958 passim,
1145 1858 1215 1934 sed
1237 1860 1275 1932 hi
1293 1857 1415 1933 solum
1433 1858 1483 1932 ad
1501 1880 1638 1954 procu-

139 1985 298 2060 randum
326 1987 361 2060 in
391 1985 514 2062 Rotae
540 1987 726 2060 auditorio
756 1986 1013 2074 admittantur,
1044 1987 1107 2083 qui
1141 1983 1344 2071 doctrinae,
1374 1982 1560 2080 practicae
1596 1996 1637 2054 et

138 2135 286 2186 morum
312 2135 470 2186 examen
498 2111 713 2199 subiverint,
743 2125 782 2185 et
808 2137 877 2209 per
903 2109 1143 2209 cappellanus
1171 2125 1335 2197 nostros,
1364 2108 1488 2183 Rotae
1518 2106 1635 2205 ipsius
1750 2149 1751 2152 π

142 2235 347 2322 auditores,
366 2235 542 2311 adhibitis
559 2235 709 2342 duobus
725 2235 786 2312 vel
804 2236 922 2310 tribus
940 2235 1103 2332 antiquis
1123 2233 1427 2333 procuratoribus
1445 2230 1505 2306 vel
1522 2231 1636 2306 ctiam

139 2383 162 2432 a
188 2376 474 2456 procuratorum
502 2357 663 2459 collegio
681 2361 884 2456 deputatis,
913 2385 1028 2459 super
1055 2359 1113 2434 his
1140 2357 1321 2434 universis
1340 2357 1538 2455 approbati
1557 2357 1638 2430 fue·

141 2484 232 2560 rint:
264 2485 375 2570 unde,
406 2487 437 2560 si
465 2485 530 2582 qui
556 2485 652 2558 tales
678 2485 717 2560 in
743 2485 960 2582 praemissis
987 2482 1110 2560 idonei
1138 2483 1279 2580 reperti
1296 2506 1371 2557 non
1389 2496 1510 2565 erunt,
1531 2497 1571 2554 et
1588 2481 1637 2555 ab

139 2607 374 2684 auditoribus
410 2622 451 2684 et
485 2626 771 2705 procuratorum
808 2608 966 2708 collegio
1002 2607 1203 2708 approbari
1239 2630 1315 2682 non
1350 2621 1576 2692 mereantur,
1614 2629 1638 2678 a

138 2733 393 2830 procuratoris
420 2731 543 2809 officio
571 2732 701 2831 repelli
728 2732 912 2820 volumus,
941 2757 1116 2831 proquo
1152 2731 1324 2806 examine
1359 2730 1500 2827 aliquid
1535 2729 1638 2828 exigi

138 2858 199 2933 vel
228 2855 323 2932 solvi
349 2858 500 2946 debere,
532 2883 714 2956 expresse
741 2859 994 2956 prohibemus.

219 2978 256 3086 b)
286 2981 372 3057 Non
399 2986 546 3080 possint
572 2998 700 3058 autem
728 2999 868 3080 partes,
898 2981 934 3057 in
962 2981 1096 3080 quavis
1123 2981 1310 3068 instantia,
1331 2979 1534 3055 maioribus
1552 3001 1636 3053 exa·

137 3106 325 3181 ctionibus
350 3131 499 3193 vexare,
530 3131 643 3204 quam
672 3105 727 3181 eis
754 3131 824 3203 per
851 3106 1136 3182 constitutiones
1164 3129 1385 3180 concessum
1404 3103 1529 3192 suerit;

95 3265 98 3273 ¹
219 3238 253 3326 c)
291 3255 360 3305 nec
396 3230 534 3306 multas
567 3229 677 3305 simul
713 3256 849 3306 causas
886 3231 1074 3331 regendas
1111 3231 1328 3327 suscipiant,
1367 3231 1516 3326 quibus,
1553 3254 1637 3304 cum

138 3357 282 3453 pariter
308 3356 482 3431 omnibus
510 3357 603 3430 satis
631 3381 718 3432 esse
746 3357 1007 3454 nonpossint,
1038 3371 1117 3430 tum
1150 3355 1319 3431 confusio
1352 3355 1487 3454 ingens
1523 3369 1639 3451 atque

139 3480 325 3556 intricatio
342 3481 518 3569 nascitur,
540 3497 620 3556 tum
638 3497 768 3578 partes
787 3481 1019 3556 intollerabili
1036 3505 1143 3556 mora
1160 3497 1200 3554 et
1218 3504 1386 3577 expensa
1404 3493 1636 3577 torquentur,

140 3623 180 3681 et
207 3606 324 3681 multe
351 3631 499 3694 causae,
529 3607 627 3681 male
654 3605 844 3691 defensae,
873 3607 1139 3703 periclitantur.

221 3730 352 3829 d)De
379 3731 558 3830 propinis,
590 3756 657 3806 seu
685 3732 881 3818 bibalibus,
910 3731 1064 3820 dandis,¹
1085 3732 1156 3806 sub
1183 3755 1307 3829 poena
1342 3729 1641 3827 vigintiquinque

139 3857 374 3943 ducatorum,
404 3856 566 3934 fabricae
593 3856 720 3930 Sancti
748 3857 847 3930 Petri
873 3856 1192 3955 applicandorum,
1229 3879 1270 3929 se
1306 3877 1381 3928 non
1416 3855 1638 3952 impediant;

139 3982 211 4056 sed
237 4005 362 4056 curam
391 3980 488 4055 hanc
515 3981 684 4078 partibus
710 3979 770 4055 vel
797 4005 933 4056 earum-
954 3978 1254 4056 sollicitatoribus
1283 3977 1512 4075 relinquant;
1551 4001 1641 4076 pos-

139 4105 216 4180 sint
243 4119 379 4187 tamen.
410 4119 500 4203 post
525 4103 622 4180 latas
650 4105 867 4192 sententias,
889 4105 1058 4202 partibus
1084 4104 1135 4178 ad
1162 4104 1381 4179 memoriam
1400 4103 1580 4178 reducere
1598 4121 1641 4177 ut

136 4230 312 4305 laborum
340 4229 522 4304 auditoris
549 4230 624 4304 sint
641 4254 849 4306 memores:
870 4231 974 4327 quod
993 4229 1025 4303 si
1043 4229 1222 4317 secundo,
1242 4229 1277 4303 in
1297 4228 1369 4302 hoc
1387 4253 1513 4302 errare
1535 4251 1639 4325 prae

140 4353 384 4451 sumpserint,
413 4353 511 4429 ultra
538 4377 699 4450 poenam
717 4353 955 4442 antedictam,
977 4379 1045 4428 sex
1063 4351 1255 4428 mensibus
1274 4352 1322 4426 ab
1341 4349 1462 4426 officio
1480 4374 1641 4448 suspen-

14 4487 15 4530 ἐ
139 4479 299 4568 dantum
328 4479 359 4552 si
387 4479 511 4562 tertio,
540 4479 589 4553 ab
615 4477 784 4552 eiusdem
812 4479 990 4553 exercitio
1017 4477 1167 4576 penitus
1194 4491 1450 4551 amoveantur.

14 4611 15 4618 ’
222 4604 256 4703 e)
285 4603 474 4702 Registra,
510 4618 714 4699 postquam
752 4602 790 4678 in
824 4604 998 4679 domibus
1028 4603 1241 4676 auditorum
1274 4615 1395 4688 erunt,
1433 4599 1530 4675 ultra
1567 4624 1640 4674 non

139 4728 366 4827 astringant,
396 4743 461 4802 aut
487 4728 640 4802 videant
666 4727 766 4802 dicta
803 4729 966 4826 registra
1002 4742 1110 4802 extra
1146 4726 1300 4800 domum
1333 4723 1516 4799 auditoris
1553 4748 1642 4821 por-

140 4853 270 4939 tando,
302 4853 372 4928 nisi
400 4851 448 4928 de
476 4875 662 4926 consensu
690 4850 885 4939 auditoris,
916 4868 956 4928 et
983 4868 1071 4927 tunc
1099 4851 1227 4948 copias
1254 4850 1304 4924 de
1330 4849 1494 4948 registro
1521 4865 1640 4923 extra·

139 4979 233 5054 here
265 5002 341 5053 non
368 4977 541 5062 debeant,
572 4991 612 5051 et
638 4976 698 5051 illa
727 4977 763 5050 in
801 4992 953 5074 tempus
989 4977 1045 5052 eis
1077 4975 1283 5074 praefixum
1321 4973 1532 5062 restituere,
1570 4975 1641 5049 sub

14 5091 15 5100 ¹
139 5126 266 5201 poena
294 5101 516 5177 ducatorum
542 5101 854 5199 vigintiquinque,
875 5101 1183 5200 applicandorum
1203 5099 1364 5175 fabricae
1383 5099 1510 5175 Sancti
1530 5099 1639 5174 Petri.

210 5227 262 5326 j]
291 5226 352 5301 De
380 5242 497 5324 quota
523 5226 609 5314 litis,
638 5226 818 5301 fructibus
846 5225 905 5300 vel
932 5228 1121 5324 expensis,
1149 5241 1216 5299 aut
1247 5223 1328 5299 aliis
1364 5225 1637 5311 emolumentis,

139 5367 184 5428 ut
209 5353 393 5428 hactenus
421 5352 499 5428 fieri
527 5351 670 5439 dicitur,
701 5377 786 5425 cum
813 5353 984 5449 partibus
1012 5374 1087 5426 non
1114 5350 1349 5426 conveniant.
