3720 5914
231 294 288 354 202
887 295 1023 354 Saeculo
1042 294 1112 356 XV

232 481 463 586 voluntatem
493 485 569 560 Sue
597 485 815 559 Sanctitatis
830 484 1120 561 Paternitatibus
1137 486 1273 560 vestris
1291 486 1475 582 aperiam:
1495 483 1575 560 vult
1592 484 1730 580 itaque,

233 623 275 689 ut
301 611 452 684 omnino
480 611 689 684 institutum
718 609 928 705 predictum
955 626 1032 686 tam
1059 609 1258 698 laudabile,
1287 625 1432 686 statuto
1450 626 1630 707 tempore,
1652 634 1732 686 ser-

233 747 353 822 vetur,
382 735 470 830 quia
507 735 538 808 si
572 760 681 808 secus
714 733 831 822 fieret,
868 736 1066 831 presertim
1102 759 1199 808 nunc
1234 735 1403 808 eiusdem
1440 733 1647 810 Sanctitate
1684 736 1733 809 ab

234 855 339 932 Urbe
365 860 533 944 absente,
564 859 752 934 videretur
780 861 952 934 omnibus
979 861 1050 934 iter
1076 861 1125 934 ad
1144 860 1354 935 Romanam
1373 859 1513 934 curiam
1531 859 1732 934 rescissum

231 995 272 1055 et
298 983 511 1078 preclusum
539 982 630 1066 lore.
661 999 701 1058 et
735 1009 868 1080 parum
904 984 1178 1081 opportunitati
1215 984 1315 1058 curie
1351 983 1626 1071 consuleretur3
1664 1009 1733 1058 nec

233 1121 379 1202 pestem
423 1107 474 1183 ita
516 1111 636 1184 sevire
677 1108 856 1185 intellexit
897 1125 938 1183 ut
974 1109 1045 1184 hoc
1078 1109 1353 1186 sanctissimum
1389 1134 1498 1207 opus,
1535 1132 1734 1184 commune

231 1232 382 1320 bonurn,
414 1235 591 1330 postponi
619 1233 745 1331 aliquo
773 1233 888 1308 modo
906 1235 1055 1310 debeat.
1076 1233 1181 1309 Dixit
1206 1234 1359 1330 insuper
1377 1233 1480 1331 quod
1508 1235 1540 1308 si
1568 1233 1735 1308 Paterni-

234 1356 374 1430 tatibus
402 1356 550 1433 Vestris
577 1359 682 1434 locus
711 1382 781 1456 pro
807 1358 997 1433 audientia
1025 1357 1146 1434 Rome
1173 1358 1259 1433 alibi
1286 1383 1400 1454 quam
1428 1358 1531 1455 apud
1563 1373 1734 1434 sanctum

234 1480 384 1556 Petrum
413 1483 469 1557 eis
496 1498 535 1558 et
563 1481 776 1558 Curialibus
804 1483 1035 1558 commodior
1060 1483 1240 1570 videatur,
1272 1483 1372 1558 illum
1401 1483 1469 1558 sibi
1501 1485 1564 1558 ubi
1595 1484 1735 1558 malue-

234 1607 308 1680 rint
335 1607 489 1705 eligant.

313 1733 416 1806 Bene
456 1732 607 1807 valeant
648 1733 895 1809 Paternitates
928 1733 1076 1822 Vestro,
1116 1757 1275 1830 quarum
1303 1734 1545 1832 beneplacitis
1582 1757 1736 1831 semper

233 1871 407 1950 paratum
436 1881 497 1933 me
524 1855 653 1931 ofsem.

315 1980 531 2056 Bracchiani
562 1986 609 2056 28
638 1982 866 2079 septembris
899 1986 1010 2075 1481.

818 2169 820 2174 '
943 2159 1214 2234 Paternitatum
1243 2159 1464 2234 Vestrarum
1558 2249 1560 2258 Ι

685 2299 878 2380 tamquam
906 2284 1022 2358 irater
1049 2284 1095 2360 P.
1126 2283 1431 2386 Archiepiscopus
1458 2284 1732 2361 Salerm'tanus.

933 2640 1018 2722 123.
1064 2645 1067 2652 ·

232 2803 458 2877 Mandatum
486 2802 591 2878 saa·
615 2805 681 2880 rr
693 2805 842 2899 factum
863 2804 1053 2878 camna
1076 2803 1115 2880 s,
1136 2801 1333 2878 susiane
1355 2804 1399 2877 n
1424 2802 1529 2890 urie,
1555 2811 1737 2900 qnam
1858 2782 1859 2789 ‘

305 2928 535 3025 pcrmrltont,
566 2929 770 3004 Auditores
797 2929 916 3004 Rotas
942 2939 1062 3004 tenere
1086 2929 1313 3004 audisntaizm
1340 2929 1380 3002 in
1407 2927 1560 3003 ccclesia.

312 3084 427 3157 (Auen.
447 3085 534 3158 Rom,
558 3085 858 3160 «Ordinationes»,
874 3093 963 3162 part.
980 3086 1008 3160 I,
1026 3102 1059 3145 n.
1077 3085 1110 3146 X
1115 3091 1134 3156 l.

1553 3226 1631 3288 Sine
1648 3227 1735 3288 data

312 3387 421 3464 Motu
460 3391 625 3490 proprio,
654 3391 800 3467 dilectis
839 3391 921 3467 filiis
964 3392 1181 3479 Canonicis‚
1221 3389 1397 3489 Capitulo
1431 3406 1470 3464 et
1504 3387 1736 3466 beneficiatis

232 3513 389 3589 ecclesie
415 3515 543 3591 Sancti
571 3515 764 3591 Eustachii
792 3516 841 3591 de
869 3517 984 3603 Urbe,
1009 3517 1046 3592 in
1065 3516 1202 3590 virtute
1222 3532 1351 3590 sancte
1369 3513 1582 3592 obedientie
1601 3529 1640 3590 et
1662 3517 1737 3590 sub

230 3641 623 3715 excommunicationis
650 3640 726 3716 late
754 3642 939 3716 sententie
965 3653 1006 3717 et
1031 3641 1248 3740 privationis
1280 3642 1445 3716 omnium
1470 3639 1736 3715 beneficiorum

232 3779 445 3838 uestrorum
473 3765 593 3863 penis,
622 3781 755 3841 tenore
782 3765 1013 3863 presentium
1040 3765 1306 3841 committimus
1330 3781 1370 3840 et
1397 3765 1618 3840 mandamus
1645 3787 1738 3860 qua-

233 3901 345 3962 tenus
371 3887 550 3987 deinceps
577 3891 804 3966 audientiam
838 3915 1035 3965 causarum
1072 3890 1363 3988 apostolicarum
1399 3890 1434 3965 iu
1471 3890 1570 3964 dicta
1606 3906 1738 3964 vestra

230 4013 388 4087 ecclesia
416 4038 485 4111 per
511 4012 667 4091 dilectos
690 4015 786 4091 filios
804 4031 954 4090 nostros
974 4015 1170 4091 Decanum
1190 4031 1229 4088 et
1246 4013 1452 4089 Auditores
1472 4012 1590 4088 nostri
1608 4012 1738 4110 palatii

233 4139 378 4234 absque
419 4139 555 4235 quovis
595 4139 862 4237 impedimento
905 4156 1033 4216 tenere
1072 4155 1113 4214 et
1151 4142 1366 4228 observare,
1409 4140 1540 4235 eisque
1577 4136 1735 4213 liberum

232 4285 458 4361 aggressum
485 4266 534 4339 ad
563 4265 776 4340 Sacristiam
809 4266 907 4341 dicte
943 4264 1100 4340 ecclesie
1130 4282 1170 4340 et
1206 4291 1273 4340 seu
1311 4288 1587 4362 quemcumque
1621 4261 1735 4338 alium

232 4385 365 4475 locum,
396 4412 466 4484 pro
503 4405 585 4466 rota
613 4389 775 4465 tenenda
803 4414 871 4487 per
897 4389 1055 4465 eosdem
1083 4405 1235 4466 nostros
1266 4389 1474 4464 Auditores
1504 4387 1733 4486 eligendum,

233 4510 371 4588 habere
400 4512 637 4610 permittatis.
664 4516 704 4589 ln
733 4516 959 4590 contrarium
986 4514 1205 4591 iacientibus
1234 4539 1309 4589 non
1327 4515 1565 4589 obstantibus
1583 4512 1736 4608 quibus-

233 4659 407 4731 cumque.

313 4761 443 4836 Placet
465 4763 610 4838 domino
635 4773 760 4840 nostro
779 4777 879 4864 pape
905 4773 941 4838 et
966 4763 1019 4838 ita
1046 4773 1145 4840 nictu
1167 4767 1324 4865 proptio
1351 4764 1516 4840 mandat.

1274 4939 1321 5017 P.
1350 4940 1622 5018 Salerm‘tanus.
