<?xml version="1.0" encoding="UTF-8"?>
<!DOCTYPE html PUBLIC "-//W3C//DTD XHTML 1.0 Transitional//EN"
    "http://www.w3.org/TR/xhtml1/DTD/xhtml1-transitional.dtd">
<html xmlns="http://www.w3.org/1999/xhtml" xml:lang="en" lang="en">
 <head>
  <title>
</title>
<meta http-equiv="Content-Type" content="text/html;charset=utf-8" />
  <meta name='ocr-system' content='tesseract 3.04.00' />
  <meta name='ocr-capabilities' content='ocr_page ocr_carea ocr_par ocr_line ocrx_word'/>
</head>
<body>
  <div class='ocr_page' id='page_1' title='image "./capellanipapaee00cercgoog_0730.png"; bbox 0 0 3684 5920; ppageno 0'>
   <div class='ocr_carea' id='block_1_1' title="bbox 904 284 1142 346">
    <p class='ocr_par' dir='ltr' id='par_1_1' title="bbox 904 284 1142 346">
     <span class='ocr_line' id='line_1_1' title="bbox 904 284 1142 346; baseline -0.004 -1"><span class='ocrx_word' id='word_1_1' title='bbox 904 287 1040 346; x_wconf 84' lang='lat' dir='ltr'>Soecuto</span> <span class='ocrx_word' id='word_1_2' title='bbox 1059 284 1142 346; x_wconf 82' lang='lat' dir='ltr'>XIX</span> 
     </span>
    </p>
   </div>
   <div class='ocr_carea' id='block_1_2' title="bbox 959 548 1050 626">
    <p class='ocr_par' dir='ltr' id='par_1_2' title="bbox 959 548 1050 626">
     <span class='ocr_line' id='line_1_2' title="bbox 959 548 1050 626; baseline -0.022 0"><span class='ocrx_word' id='word_1_3' title='bbox 959 548 1050 626; x_wconf 87' lang='lat'><strong>572.</strong></span> 
     </span>
    </p>
   </div>
   <div class='ocr_carea' id='block_1_3' title="bbox 255 693 1751 1029">
    <p class='ocr_par' dir='ltr' id='par_1_3' title="bbox 255 693 1751 1029">
     <span class='ocr_line' id='line_1_3' title="bbox 255 693 1751 793; baseline -0.001 -25"><span class='ocrx_word' id='word_1_4' title='bbox 255 695 484 768; x_wconf 85' lang='lat' dir='ltr'>Donationm</span> <span class='ocrx_word' id='word_1_5' title='bbox 511 719 679 768; x_wconf 82' lang='lat' dir='ltr'>annnam</span> <span class='ocrx_word' id='word_1_6' title='bbox 706 694 875 790; x_wconf 79' lang='lat' dir='ltr'>largitur</span> <span class='ocrx_word' id='word_1_7' title='bbox 898 719 970 768; x_wconf 89' lang='lat' dir='ltr'>non</span> <span class='ocrx_word' id='word_1_8' title='bbox 989 694 1143 790; x_wconf 76' lang='lat' dir='ltr'>ann&#39;qua</span> <span class='ocrx_word' id='word_1_9' title='bbox 1161 693 1315 768; x_wconf 77' lang='lat' dir='ltr'>solemni</span> <span class='ocrx_word' id='word_1_10' title='bbox 1321 704 1459 793; x_wconf 78' lang='lat' dir='ltr'>pompa</span> <span class='ocrx_word' id='word_1_11' title='bbox 1475 723 1489 765; x_wconf 94' lang='grc'>.·</span> <span class='ocrx_word' id='word_1_12' title='bbox 1506 693 1551 766; x_wconf 82' lang='lat' dir='ltr'>de</span> <span class='ocrx_word' id='word_1_13' title='bbox 1569 717 1639 790; x_wconf 87' lang='lat' dir='ltr'>qno</span> <span class='ocrx_word' id='word_1_14' title='bbox 1657 693 1751 766; x_wconf 84' lang='lat' dir='ltr'>Rota</span> 
     </span>
     <span class='ocr_line' id='line_1_4' title="bbox 341 819 588 918; baseline 0 -26"><span class='ocrx_word' id='word_1_15' title='bbox 341 819 588 918; x_wconf 78' lang='lat' dir='ltr'><em>conqueritur.</em></span> 
     </span>
     <span class='ocr_line' id='line_1_5' title="bbox 336 955 1014 1029; baseline -0.001 -12"><span class='ocrx_word' id='word_1_16' title='bbox 336 958 452 1029; x_wconf 76' lang='lat' dir='ltr'>(Aaou.</span> <span class='ocrx_word' id='word_1_17' title='bbox 472 957 558 1029; x_wconf 73' lang='lat' dir='ltr'>Rom,</span> <span class='ocrx_word' id='word_1_18' title='bbox 582 955 771 1016; x_wconf 79' lang='lat' dir='ltr'>‹Drarium</span> <span class='ocrx_word' id='word_1_19' title='bbox 791 956 967 1016; x_wconf 81' lang='lat' dir='ltr'>Camerate</span> <span class='ocrx_word' id='word_1_20' title='bbox 979 960 1014 1026; x_wconf 68' lang='lat'>2).</span> 
     </span>
    </p>
   </div>
   <div class='ocr_carea' id='block_1_4' title="bbox 821 1083 1184 1179">
    <p class='ocr_par' dir='ltr' id='par_1_4' title="bbox 821 1083 1184 1179">
     <span class='ocr_line' id='line_1_6' title="bbox 821 1083 1184 1179; baseline 0.006 -23"><span class='ocrx_word' id='word_1_21' title='bbox 821 1083 893 1157; x_wconf 89' lang='lat' dir='ltr'>Die</span> <span class='ocrx_word' id='word_1_22' title='bbox 925 1105 944 1178; x_wconf 89' lang='lat'>7</span> <span class='ocrx_word' id='word_1_23' title='bbox 977 1084 1036 1160; x_wconf 91' lang='lat' dir='ltr'>iul.</span> <span class='ocrx_word' id='word_1_24' title='bbox 1073 1088 1184 1179; x_wconf 86' lang='lat'>1851.</span> 
     </span>
    </p>
   </div>
   <div class='ocr_carea' id='block_1_5' title="bbox 337 1185 1835 1305">
    <p class='ocr_par' dir='ltr' id='par_1_5' title="bbox 337 1185 1835 1305">
     <span class='ocr_line' id='line_1_7' title="bbox 337 1185 1835 1305; baseline -0.003 -24"><span class='ocrx_word' id='word_1_25' title='bbox 337 1211 371 1281; x_wconf 83' lang='lat' dir='ltr'>A</span> <span class='ocrx_word' id='word_1_26' title='bbox 401 1211 533 1305; x_wconf 88' lang='lat' dir='ltr'>priscis</span> <span class='ocrx_word' id='word_1_27' title='bbox 562 1234 684 1305; x_wconf 91' lang='lat' dir='ltr'>usque</span> <span class='ocrx_word' id='word_1_28' title='bbox 712 1211 945 1304; x_wconf 86' lang='lat' dir='ltr'>temporibus</span> <span class='ocrx_word' id='word_1_29' title='bbox 982 1227 1187 1283; x_wconf 88' lang='lat' dir='ltr'>sueverunt</span> <span class='ocrx_word' id='word_1_30' title='bbox 1216 1207 1413 1283; x_wconf 88' lang='lat' dir='ltr'>Pontifices</span> <span class='ocrx_word' id='word_1_31' title='bbox 1442 1209 1538 1281; x_wconf 91' lang='lat' dir='ltr'>intra</span> <span class='ocrx_word' id='word_1_32' title='bbox 1565 1206 1748 1281; x_wconf 87' lang='lat' dir='ltr'>octedium</span> <span class='ocrx_word' id='word_1_33' title='bbox 1834 1185 1835 1218; x_wconf 56' lang='lat'><em>³</em></span> 
     </span>
    </p>
   </div>
   <div class='ocr_carea' id='block_1_6' title="bbox 254 1332 1753 3302">
    <p class='ocr_par' dir='ltr' id='par_1_6' title="bbox 254 1332 1753 2928">
     <span class='ocr_line' id='line_1_8' title="bbox 255 1332 1750 1429; baseline -0.002 -22"><span class='ocrx_word' id='word_1_34' title='bbox 255 1332 497 1408; x_wconf 88' lang='lat' dir='ltr'>asolemniis</span> <span class='ocrx_word' id='word_1_35' title='bbox 525 1333 583 1408; x_wconf 91' lang='lat' dir='ltr'>Ss.</span> <span class='ocrx_word' id='word_1_36' title='bbox 614 1334 887 1429; x_wconf 84' lang='lat' dir='ltr'>Apostolorum</span> <span class='ocrx_word' id='word_1_37' title='bbox 919 1335 1017 1406; x_wconf 89' lang='lat' dir='ltr'>Petri</span> <span class='ocrx_word' id='word_1_38' title='bbox 1048 1350 1089 1407; x_wconf 91' lang='lat' dir='ltr'>et</span> <span class='ocrx_word' id='word_1_39' title='bbox 1130 1333 1231 1407; x_wconf 90' lang='lat' dir='ltr'>Pauli</span> <span class='ocrx_word' id='word_1_40' title='bbox 1267 1333 1305 1408; x_wconf 90' lang='lat' dir='ltr'>S.</span> <span class='ocrx_word' id='word_1_41' title='bbox 1349 1334 1473 1408; x_wconf 88' lang='lat' dir='ltr'>Rotae</span> <span class='ocrx_word' id='word_1_42' title='bbox 1507 1332 1750 1406; x_wconf 86' lang='lat' dir='ltr'>Auditoribus</span> 
     </span>
     <span class='ocr_line' id='line_1_9' title="bbox 254 1455 1748 1556; baseline -0.003 -26"><span class='ocrx_word' id='word_1_43' title='bbox 254 1456 380 1554; x_wconf 85' lang='lat' dir='ltr'>largiri</span> <span class='ocrx_word' id='word_1_44' title='bbox 408 1482 524 1530; x_wconf 91' lang='lat' dir='ltr'>aurea</span> <span class='ocrx_word' id='word_1_45' title='bbox 552 1474 659 1530; x_wconf 90' lang='lat' dir='ltr'>scuta</span> <span class='ocrx_word' id='word_1_46' title='bbox 693 1480 803 1550; x_wconf 87' lang='lat'>1300,</span> <span class='ocrx_word' id='word_1_47' title='bbox 835 1459 870 1530; x_wconf 91' lang='lat' dir='ltr'>in</span> <span class='ocrx_word' id='word_1_48' title='bbox 899 1457 1069 1556; x_wconf 85' lang='lat' dir='ltr'>singulos</span> <span class='ocrx_word' id='word_1_49' title='bbox 1097 1482 1167 1554; x_wconf 90' lang='lat' dir='ltr'>pro</span> <span class='ocrx_word' id='word_1_50' title='bbox 1195 1475 1277 1530; x_wconf 91' lang='lat' dir='ltr'>rata</span> <span class='ocrx_word' id='word_1_51' title='bbox 1296 1455 1573 1540; x_wconf 74' lang='lat' dir='ltr'>distribuenda:</span> <span class='ocrx_word' id='word_1_52' title='bbox 1606 1481 1748 1529; x_wconf 88' lang='lat' dir='ltr'>eorum-</span> 
     </span>
     <span class='ocr_line' id='line_1_10' title="bbox 255 1580 1749 1680; baseline -0.001 -26"><span class='ocrx_word' id='word_1_53' title='bbox 255 1607 329 1678; x_wconf 87' lang='lat' dir='ltr'>que</span> <span class='ocrx_word' id='word_1_54' title='bbox 358 1583 511 1656; x_wconf 89' lang='lat' dir='ltr'>traditio</span> <span class='ocrx_word' id='word_1_55' title='bbox 540 1582 691 1679; x_wconf 84' lang='lat' dir='ltr'>speciali</span> <span class='ocrx_word' id='word_1_56' title='bbox 719 1582 885 1680; x_wconf 91' lang='lat' dir='ltr'>quodam</span> <span class='ocrx_word' id='word_1_57' title='bbox 915 1584 985 1656; x_wconf 89' lang='lat' dir='ltr'>ritu</span> <span class='ocrx_word' id='word_1_58' title='bbox 1016 1581 1216 1678; x_wconf 87' lang='lat' dir='ltr'>perficitur.</span> <span class='ocrx_word' id='word_1_59' title='bbox 1240 1581 1388 1655; x_wconf 88' lang='lat' dir='ltr'>Domus</span> <span class='ocrx_word' id='word_1_60' title='bbox 1416 1583 1512 1654; x_wconf 89' lang='lat' dir='ltr'>enim</span> <span class='ocrx_word' id='word_1_61' title='bbox 1542 1580 1749 1653; x_wconf 89' lang='lat' dir='ltr'>Pontificiae</span> 
     </span>
     <span class='ocr_line' id='line_1_11' title="bbox 258 1703 1750 1804; baseline -0.002 -26"><span class='ocrx_word' id='word_1_62' title='bbox 258 1707 451 1804; x_wconf 84' lang='lat' dir='ltr'>Magister,</span> <span class='ocrx_word' id='word_1_63' title='bbox 483 1705 602 1780; x_wconf 91' lang='lat' dir='ltr'>aulica</span> <span class='ocrx_word' id='word_1_64' title='bbox 637 1725 744 1782; x_wconf 86' lang='lat' dir='ltr'>veste</span> <span class='ocrx_word' id='word_1_65' title='bbox 781 1707 1004 1804; x_wconf 83' lang='lat' dir='ltr'>procedens,</span> <span class='ocrx_word' id='word_1_66' title='bbox 1036 1707 1208 1781; x_wconf 89' lang='lat' dir='ltr'>Patribus</span> <span class='ocrx_word' id='word_1_67' title='bbox 1250 1707 1286 1779; x_wconf 92' lang='lat' dir='ltr'>in</span> <span class='ocrx_word' id='word_1_68' title='bbox 1328 1705 1500 1780; x_wconf 89' lang='lat' dir='ltr'>tribunali</span> <span class='ocrx_word' id='word_1_69' title='bbox 1538 1703 1750 1778; x_wconf 85' lang='lat' dir='ltr'>sedentibus</span> 
     </span>
     <span class='ocr_line' id='line_1_12' title="bbox 256 1828 1751 1931; baseline -0.002 -29"><span class='ocrx_word' id='word_1_70' title='bbox 256 1830 466 1928; x_wconf 87' lang='lat' dir='ltr'>singillatim</span> <span class='ocrx_word' id='word_1_71' title='bbox 493 1833 709 1906; x_wconf 82' lang='lat' dir='ltr'>mandatum</span> <span class='ocrx_word' id='word_1_72' title='bbox 738 1835 787 1907; x_wconf 91' lang='lat' dir='ltr'>ad</span> <span class='ocrx_word' id='word_1_73' title='bbox 814 1858 898 1906; x_wconf 91' lang='lat' dir='ltr'>eam</span> <span class='ocrx_word' id='word_1_74' title='bbox 926 1857 1111 1905; x_wconf 88' lang='lat' dir='ltr'>summam</span> <span class='ocrx_word' id='word_1_75' title='bbox 1145 1833 1369 1931; x_wconf 82' lang='lat' dir='ltr'>exigendam</span> <span class='ocrx_word' id='word_1_76' title='bbox 1412 1832 1614 1928; x_wconf 86' lang='lat' dir='ltr'>quotannis</span> <span class='ocrx_word' id='word_1_77' title='bbox 1651 1828 1751 1901; x_wconf 79' lang='lat' dir='ltr'>effert</span> 
     </span>
     <span class='ocr_line' id='line_1_13' title="bbox 256 1954 1751 2055; baseline -0.002 -27"><span class='ocrx_word' id='word_1_78' title='bbox 256 1959 290 2029; x_wconf 91' lang='lat' dir='ltr'>in</span> <span class='ocrx_word' id='word_1_79' title='bbox 321 1959 440 2031; x_wconf 88' lang='lat' dir='ltr'>serica</span> <span class='ocrx_word' id='word_1_80' title='bbox 467 1983 655 2044; x_wconf 87' lang='lat' dir='ltr'>crumena,</span> <span class='ocrx_word' id='word_1_81' title='bbox 685 1960 811 2032; x_wconf 90' lang='lat' dir='ltr'>sericis</span> <span class='ocrx_word' id='word_1_82' title='bbox 840 1959 980 2055; x_wconf 89' lang='lat' dir='ltr'>pariter</span> <span class='ocrx_word' id='word_1_83' title='bbox 1007 1975 1143 2032; x_wconf 90' lang='lat' dir='ltr'>ornata</span> <span class='ocrx_word' id='word_1_84' title='bbox 1170 1958 1407 2055; x_wconf 86' lang='lat' dir='ltr'>ligaminibus</span> <span class='ocrx_word' id='word_1_85' title='bbox 1435 1956 1639 2039; x_wconf 88' lang='lat' dir='ltr'>occlusum,</span> <span class='ocrx_word' id='word_1_86' title='bbox 1672 1954 1751 2026; x_wconf 90' lang='lat' dir='ltr'>licet</span> 
     </span>
     <span class='ocr_line' id='line_1_14' title="bbox 256 2078 1749 2179; baseline -0.006 -21"><span class='ocrx_word' id='word_1_87' title='bbox 256 2082 342 2158; x_wconf 90' lang='lat' dir='ltr'>olim</span> <span class='ocrx_word' id='word_1_88' title='bbox 371 2085 407 2155; x_wconf 92' lang='lat' dir='ltr'>in</span> <span class='ocrx_word' id='word_1_89' title='bbox 436 2083 567 2156; x_wconf 89' lang='lat' dir='ltr'>iisdem</span> <span class='ocrx_word' id='word_1_90' title='bbox 597 2085 780 2156; x_wconf 85' lang='lat' dir='ltr'>crumenis</span> <span class='ocrx_word' id='word_1_91' title='bbox 808 2107 923 2157; x_wconf 89' lang='lat' dir='ltr'>aurea</span> <span class='ocrx_word' id='word_1_92' title='bbox 955 2083 1113 2178; x_wconf 89' lang='lat' dir='ltr'>pecunia</span> <span class='ocrx_word' id='word_1_93' title='bbox 1151 2107 1287 2179; x_wconf 85' lang='lat' dir='ltr'>reapse</span> <span class='ocrx_word' id='word_1_94' title='bbox 1320 2081 1585 2155; x_wconf 83' lang='lat' dir='ltr'>contineretur.</span> <span class='ocrx_word' id='word_1_95' title='bbox 1616 2078 1749 2150; x_wconf 91' lang='lat' dir='ltr'>Verum</span> 
     </span>
     <span class='ocr_line' id='line_1_15' title="bbox 257 2203 1752 2283; baseline -0.004 -3"><span class='ocrx_word' id='word_1_96' title='bbox 257 2209 428 2281; x_wconf 88' lang='lat' dir='ltr'>absentia</span> <span class='ocrx_word' id='word_1_97' title='bbox 457 2207 643 2282; x_wconf 87' lang='lat' dir='ltr'>Pontificis</span> <span class='ocrx_word' id='word_1_98' title='bbox 672 2209 743 2282; x_wconf 91' lang='lat' dir='ltr'>hoc</span> <span class='ocrx_word' id='word_1_99' title='bbox 771 2234 869 2283; x_wconf 88' lang='lat' dir='ltr'>anno</span> <span class='ocrx_word' id='word_1_100' title='bbox 898 2207 1021 2281; x_wconf 82' lang='lat' dir='ltr'>effecit</span> <span class='ocrx_word' id='word_1_101' title='bbox 1048 2225 1090 2282; x_wconf 91' lang='lat' dir='ltr'>ut</span> <span class='ocrx_word' id='word_1_102' title='bbox 1118 2234 1179 2281; x_wconf 87' lang='lat' dir='ltr'>res</span> <span class='ocrx_word' id='word_1_103' title='bbox 1208 2232 1318 2280; x_wconf 88' lang='lat' dir='ltr'>secus</span> <span class='ocrx_word' id='word_1_104' title='bbox 1347 2233 1389 2280; x_wconf 92' lang='lat' dir='ltr'>se</span> <span class='ocrx_word' id='word_1_105' title='bbox 1417 2206 1619 2280; x_wconf 88' lang='lat' dir='ltr'>haberet...</span> <span class='ocrx_word' id='word_1_106' title='bbox 1651 2203 1752 2276; x_wconf 89' lang='lat' dir='ltr'>Rdus</span> 
     </span>
     <span class='ocr_line' id='line_1_16' title="bbox 258 2329 1749 2430; baseline -0.004 -24"><span class='ocrx_word' id='word_1_107' title='bbox 258 2332 370 2406; x_wconf 83' lang='lat' dir='ltr'>Dilus</span> <span class='ocrx_word' id='word_1_108' title='bbox 389 2331 608 2405; x_wconf 91' lang='lat' dir='ltr'>Vincentius</span> <span class='ocrx_word' id='word_1_109' title='bbox 629 2331 829 2430; x_wconf 84' lang='lat' dir='ltr'>Cagnucci‚</span> <span class='ocrx_word' id='word_1_110' title='bbox 851 2332 945 2406; x_wconf 91' lang='lat' dir='ltr'>alter</span> <span class='ocrx_word' id='word_1_111' title='bbox 964 2357 1011 2406; x_wconf 85' lang='lat' dir='ltr'>ex</span> <span class='ocrx_word' id='word_1_112' title='bbox 1029 2333 1189 2406; x_wconf 87' lang='lat' dir='ltr'>addictis</span> <span class='ocrx_word' id='word_1_113' title='bbox 1209 2331 1471 2406; x_wconf 85' lang='lat' dir='ltr'>Praefecturae</span> <span class='ocrx_word' id='word_1_114' title='bbox 1491 2329 1558 2403; x_wconf 90' lang='lat' dir='ltr'>SS.</span> <span class='ocrx_word' id='word_1_115' title='bbox 1580 2329 1649 2404; x_wconf 90' lang='grc' dir='ltr'>ΡΡ.</span> <span class='ocrx_word' id='word_1_116' title='bbox 1670 2329 1749 2401; x_wconf 84' lang='grc' dir='ltr'>ΑΑ.</span> 
     </span>
     <span class='ocr_line' id='line_1_17' title="bbox 259 2456 1753 2554; baseline -0.003 -26"><span class='ocrx_word' id='word_1_117' title='bbox 259 2457 430 2531; x_wconf 84' lang='lat' dir='ltr'>Patribus</span> <span class='ocrx_word' id='word_1_118' title='bbox 458 2456 569 2531; x_wconf 90' lang='lat' dir='ltr'>hodie</span> <span class='ocrx_word' id='word_1_119' title='bbox 597 2458 722 2531; x_wconf 92' lang='lat' dir='ltr'>attulit</span> <span class='ocrx_word' id='word_1_120' title='bbox 750 2457 949 2554; x_wconf 84' lang='lat' dir='ltr'>peculiaria</span> <span class='ocrx_word' id='word_1_121' title='bbox 977 2459 1155 2532; x_wconf 88' lang='lat' dir='ltr'>mandata</span> <span class='ocrx_word' id='word_1_122' title='bbox 1184 2481 1255 2553; x_wconf 92' lang='lat' dir='ltr'>pro</span> <span class='ocrx_word' id='word_1_123' title='bbox 1284 2459 1477 2531; x_wconf 87' lang='lat' dir='ltr'>scut.180</span> <span class='ocrx_word' id='word_1_124' title='bbox 1506 2459 1622 2552; x_wconf 89' lang='lat' dir='ltr'>(quae</span> <span class='ocrx_word' id='word_1_125' title='bbox 1640 2476 1753 2551; x_wconf 90' lang='lat' dir='ltr'>quan-</span> 
     </span>
     <span class='ocr_line' id='line_1_18' title="bbox 258 2578 1750 2680; baseline -0.004 -26"><span class='ocrx_word' id='word_1_126' title='bbox 258 2579 348 2654; x_wconf 87' lang='lat' dir='ltr'>titas</span> <span class='ocrx_word' id='word_1_127' title='bbox 367 2605 437 2678; x_wconf 92' lang='lat' dir='ltr'>pro</span> <span class='ocrx_word' id='word_1_128' title='bbox 457 2581 555 2656; x_wconf 80' lang='lat' dir='ltr'>Rriro</span> <span class='ocrx_word' id='word_1_129' title='bbox 576 2582 732 2655; x_wconf 88' lang='lat' dir='ltr'>Decano</span> <span class='ocrx_word' id='word_1_130' title='bbox 752 2584 800 2656; x_wconf 90' lang='lat' dir='ltr'>de</span> <span class='ocrx_word' id='word_1_131' title='bbox 828 2608 933 2656; x_wconf 87' lang='lat' dir='ltr'>more</span> <span class='ocrx_word' id='word_1_132' title='bbox 953 2583 1067 2678; x_wconf 89' lang='lat' dir='ltr'>dupla</span> <span class='ocrx_word' id='word_1_133' title='bbox 1085 2581 1153 2655; x_wconf 83' lang='lat' dir='ltr'>suit</span> <span class='ocrx_word' id='word_1_134' title='bbox 1171 2583 1305 2680; x_wconf 89' lang='lat' dir='ltr'>papyri</span> <span class='ocrx_word' id='word_1_135' title='bbox 1337 2582 1424 2655; x_wconf 83' lang='lat' dir='ltr'>lolio</span> <span class='ocrx_word' id='word_1_136' title='bbox 1444 2579 1641 2676; x_wconf 81' lang='lat' dir='ltr'>involuta).</span> <span class='ocrx_word' id='word_1_137' title='bbox 1661 2578 1750 2650; x_wconf 76' lang='lat' dir='ltr'>&#39;lum</span> 
     </span>
     <span class='ocr_line' id='line_1_19' title="bbox 259 2702 1749 2799; baseline -0.003 -21"><span class='ocrx_word' id='word_1_138' title='bbox 259 2724 395 2790; x_wconf 89' lang='lat' dir='ltr'>tamen,</span> <span class='ocrx_word' id='word_1_139' title='bbox 427 2731 510 2778; x_wconf 90' lang='lat' dir='ltr'>cum</span> <span class='ocrx_word' id='word_1_140' title='bbox 538 2707 770 2781; x_wconf 86' lang='lat' dir='ltr'>brevioribus</span> <span class='ocrx_word' id='word_1_141' title='bbox 798 2725 901 2782; x_wconf 89' lang='lat' dir='ltr'>esset</span> <span class='ocrx_word' id='word_1_142' title='bbox 928 2708 1097 2782; x_wconf 88' lang='lat' dir='ltr'>vestibus</span> <span class='ocrx_word' id='word_1_143' title='bbox 1126 2707 1291 2793; x_wconf 84' lang='lat' dir='ltr'>indutus,</span> <span class='ocrx_word' id='word_1_144' title='bbox 1332 2706 1462 2778; x_wconf 88' lang='lat' dir='ltr'>Patres</span> <span class='ocrx_word' id='word_1_145' title='bbox 1498 2702 1749 2799; x_wconf 88' lang='lat' dir='ltr'>excipiendum</span> 
     </span>
     <span class='ocr_line' id='line_1_20' title="bbox 259 2829 1409 2928; baseline 0.001 -25"><span class='ocrx_word' id='word_1_146' title='bbox 259 2831 294 2903; x_wconf 92' lang='lat' dir='ltr'>in</span> <span class='ocrx_word' id='word_1_147' title='bbox 322 2831 408 2904; x_wconf 90' lang='lat' dir='ltr'>aula</span> <span class='ocrx_word' id='word_1_148' title='bbox 437 2829 637 2904; x_wconf 90' lang='lat' dir='ltr'>noluerunt</span> <span class='ocrx_word' id='word_1_149' title='bbox 664 2857 827 2928; x_wconf 89' lang='lat' dir='ltr'>eumque</span> <span class='ocrx_word' id='word_1_150' title='bbox 855 2856 923 2906; x_wconf 87' lang='lat' dir='ltr'>nec</span> <span class='ocrx_word' id='word_1_151' title='bbox 951 2849 1062 2905; x_wconf 90' lang='lat' dir='ltr'>sueto</span> <span class='ocrx_word' id='word_1_152' title='bbox 1089 2830 1182 2905; x_wconf 87' lang='lat' dir='ltr'>flore</span> <span class='ocrx_word' id='word_1_153' title='bbox 1211 2832 1409 2904; x_wconf 89' lang='lat' dir='ltr'>donarunt.</span> 
     </span>
    </p>

    <p class='ocr_par' dir='ltr' id='par_1_7' title="bbox 258 2953 1751 3302">
     <span class='ocr_line' id='line_1_21' title="bbox 339 2953 1751 3054; baseline -0.004 -26"><span class='ocrx_word' id='word_1_154' title='bbox 339 2955 724 3029; x_wconf 85' lang='lat' dir='ltr'>Animadvertendum</span> <span class='ocrx_word' id='word_1_155' title='bbox 744 2973 813 3042; x_wconf 85' lang='lat' dir='ltr'>est,</span> <span class='ocrx_word' id='word_1_156' title='bbox 835 2957 965 3054; x_wconf 90' lang='lat' dir='ltr'>paucis</span> <span class='ocrx_word' id='word_1_157' title='bbox 985 2973 1073 3053; x_wconf 90' lang='lat' dir='ltr'>post</span> <span class='ocrx_word' id='word_1_158' title='bbox 1101 2957 1233 3030; x_wconf 88' lang='lat' dir='ltr'>diebus</span> <span class='ocrx_word' id='word_1_159' title='bbox 1263 2954 1330 3030; x_wconf 89' lang='lat' dir='ltr'>SS.</span> <span class='ocrx_word' id='word_1_160' title='bbox 1354 2954 1421 3028; x_wconf 88' lang='grc' dir='ltr'>ΡΡ.</span> <span class='ocrx_word' id='word_1_161' title='bbox 1443 2953 1527 3027; x_wconf 88' lang='grc' dir='ltr'>ΑΑ.</span> <span class='ocrx_word' id='word_1_162' title='bbox 1550 2975 1751 3048; x_wconf 89' lang='lat' dir='ltr'>pro-prae·</span> 
     </span>
     <span class='ocr_line' id='line_1_22' title="bbox 258 3075 1750 3175; baseline -0.003 -23"><span class='ocrx_word' id='word_1_163' title='bbox 258 3079 377 3154; x_wconf 84' lang='lat' dir='ltr'>sectus</span> <span class='ocrx_word' id='word_1_164' title='bbox 408 3081 505 3154; x_wconf 76' lang='lat' dir='ltr'>Rriro</span> <span class='ocrx_word' id='word_1_165' title='bbox 535 3079 690 3154; x_wconf 90' lang='lat' dir='ltr'>Decano</span> <span class='ocrx_word' id='word_1_166' title='bbox 728 3082 866 3155; x_wconf 87' lang='lat' dir='ltr'>sericas</span> <span class='ocrx_word' id='word_1_167' title='bbox 895 3081 1147 3156; x_wconf 87' lang='lat' dir='ltr'>transmisisse</span> <span class='ocrx_word' id='word_1_168' title='bbox 1182 3103 1392 3166; x_wconf 89' lang='lat' dir='ltr'>crumenas,</span> <span class='ocrx_word' id='word_1_169' title='bbox 1421 3103 1520 3175; x_wconf 86' lang='lat' dir='ltr'>quae</span> <span class='ocrx_word' id='word_1_170' title='bbox 1547 3079 1597 3151; x_wconf 92' lang='lat' dir='ltr'>ab</span> <span class='ocrx_word' id='word_1_171' title='bbox 1624 3075 1750 3151; x_wconf 86' lang='lat' dir='ltr'>eodem</span> 
     </span>
     <span class='ocr_line' id='line_1_23' title="bbox 259 3204 1257 3302; baseline 0.002 -26"><span class='ocrx_word' id='word_1_172' title='bbox 259 3204 415 3302; x_wconf 88' lang='lat' dir='ltr'>singulis</span> <span class='ocrx_word' id='word_1_173' title='bbox 443 3205 675 3280; x_wconf 90' lang='lat' dir='ltr'>auditoribus</span> <span class='ocrx_word' id='word_1_174' title='bbox 705 3207 863 3280; x_wconf 87' lang='lat' dir='ltr'>seorsim</span> <span class='ocrx_word' id='word_1_175' title='bbox 893 3207 995 3279; x_wconf 86' lang='lat' dir='ltr'>luere</span> <span class='ocrx_word' id='word_1_176' title='bbox 1024 3206 1257 3280; x_wconf 88' lang='lat' dir='ltr'>distributae.</span> 
     </span>
    </p>
   </div>
   <div class='ocr_carea' id='block_1_7' title="bbox 261 3574 1751 4314">
    <p class='ocr_par' dir='ltr' id='par_1_8' title="bbox 261 3574 1751 4314">
     <span class='ocr_line' id='line_1_24' title="bbox 491 3574 1529 3676; baseline -0.005 -24"><span class='ocrx_word' id='word_1_177' title='bbox 491 3577 668 3652; x_wconf 78' lang='lat' dir='ltr'>Solemnis</span> <span class='ocrx_word' id='word_1_178' title='bbox 695 3579 850 3676; x_wconf 78' lang='lat' dir='ltr'>aperitio</span> <span class='ocrx_word' id='word_1_179' title='bbox 877 3579 995 3652; x_wconf 80' lang='lat' dir='ltr'>Rotae</span> <span class='ocrx_word' id='word_1_180' title='bbox 1020 3575 1068 3668; x_wconf 80' lang='lat' dir='ltr'>fit</span> <span class='ocrx_word' id='word_1_181' title='bbox 1092 3577 1150 3649; x_wconf 79' lang='lat' dir='ltr'>die</span> <span class='ocrx_word' id='word_1_182' title='bbox 1177 3577 1295 3650; x_wconf 70' lang='lat' dir='ltr'>Rotae</span> <span class='ocrx_word' id='word_1_183' title='bbox 1320 3574 1529 3648; x_wconf 77' lang='lat' dir='ltr'>inranunti.</span> 
     </span>
     <span class='ocr_line' id='line_1_25' title="bbox 338 3712 1226 3790; baseline -0.007 -14"><span class='ocrx_word' id='word_1_184' title='bbox 338 3717 453 3790; x_wconf 80' lang='lat' dir='ltr'>(Auen.</span> <span class='ocrx_word' id='word_1_185' title='bbox 472 3715 559 3790; x_wconf 68' lang='lat' dir='ltr'>Rom,</span> <span class='ocrx_word' id='word_1_186' title='bbox 582 3715 708 3774; x_wconf 79' lang='lat' dir='ltr'>«Liber</span> <span class='ocrx_word' id='word_1_187' title='bbox 726 3714 760 3774; x_wconf 88' lang='lat' dir='ltr'>S.</span> <span class='ocrx_word' id='word_1_188' title='bbox 778 3715 894 3789; x_wconf 84' lang='lat' dir='ltr'>Rotae,</span> <span class='ocrx_word' id='word_1_189' title='bbox 911 3732 943 3774; x_wconf 88' lang='lat' dir='ltr'>n.</span> <span class='ocrx_word' id='word_1_190' title='bbox 962 3716 1026 3787; x_wconf 80' lang='grc'>4»,</span> <span class='ocrx_word' id='word_1_191' title='bbox 1040 3722 1120 3790; x_wconf 80' lang='lat' dir='ltr'>pag.</span> <span class='ocrx_word' id='word_1_192' title='bbox 1135 3712 1226 3786; x_wconf 70' lang='lat'>482).</span> 
     </span>
     <span class='ocr_line' id='line_1_26' title="bbox 716 3843 1299 3942; baseline -0.003 -26"><span class='ocrx_word' id='word_1_193' title='bbox 716 3845 789 3918; x_wconf 88' lang='lat' dir='ltr'>Die</span> <span class='ocrx_word' id='word_1_194' title='bbox 824 3866 867 3938; x_wconf 88' lang='lat'>17</span> <span class='ocrx_word' id='word_1_195' title='bbox 898 3845 1121 3918; x_wconf 88' lang='lat' dir='ltr'>Novembris</span> <span class='ocrx_word' id='word_1_196' title='bbox 1151 3843 1299 3942; x_wconf 84' lang='lat'>(1851).</span> 
     </span>
     <span class='ocr_line' id='line_1_27' title="bbox 342 3955 1751 4043; baseline -0.007 0"><span class='ocrx_word' id='word_1_197' title='bbox 342 3971 471 4043; x_wconf 89' lang='lat' dir='ltr'>Patres</span> <span class='ocrx_word' id='word_1_198' title='bbox 499 3972 535 4042; x_wconf 90' lang='lat' dir='ltr'>in</span> <span class='ocrx_word' id='word_1_199' title='bbox 564 3968 664 4043; x_wconf 89' lang='lat' dir='ltr'>Aula</span> <span class='ocrx_word' id='word_1_200' title='bbox 690 3968 875 4043; x_wconf 90' lang='lat' dir='ltr'>Vaticana</span> <span class='ocrx_word' id='word_1_201' title='bbox 902 3970 1014 4042; x_wconf 87' lang='lat' dir='ltr'>hodie</span> <span class='ocrx_word' id='word_1_202' title='bbox 1042 3993 1151 4042; x_wconf 90' lang='lat' dir='ltr'>mane</span> <span class='ocrx_word' id='word_1_203' title='bbox 1185 3981 1441 4040; x_wconf 89' lang='lat' dir='ltr'>convenerunt</span> <span class='ocrx_word' id='word_1_204' title='bbox 1475 3979 1515 4038; x_wconf 91' lang='lat' dir='ltr'>ut</span> <span class='ocrx_word' id='word_1_205' title='bbox 1551 3955 1751 4036; x_wconf 75' lang='lat' dir='ltr'>Pontific&#39;ias</span> 
     </span>
     <span class='ocr_line' id='line_1_28' title="bbox 261 4086 1749 4193; baseline -0.009 -22"><span class='ocrx_word' id='word_1_206' title='bbox 261 4096 558 4171; x_wconf 73' lang='lat' dir='ltr'>constitutiones</span> <span class='ocrx_word' id='word_1_207' title='bbox 587 4097 634 4169; x_wconf 89' lang='lat' dir='ltr'>de</span> <span class='ocrx_word' id='word_1_208' title='bbox 664 4121 766 4170; x_wconf 87' lang='lat' dir='ltr'>more</span> <span class='ocrx_word' id='word_1_209' title='bbox 793 4097 964 4193; x_wconf 87' lang='lat' dir='ltr'>legerent</span> <span class='ocrx_word' id='word_1_210' title='bbox 991 4119 1035 4168; x_wconf 90' lang='lat' dir='ltr'>ac</span> <span class='ocrx_word' id='word_1_211' title='bbox 1053 4094 1302 4166; x_wconf 88' lang='lat' dir='ltr'>iuramentum</span> <span class='ocrx_word' id='word_1_212' title='bbox 1321 4104 1569 4187; x_wconf 87' lang='lat' dir='ltr'>praestarent.</span> <span class='ocrx_word' id='word_1_213' title='bbox 1592 4089 1672 4162; x_wconf 92' lang='lat' dir='ltr'>RR.</span> <span class='ocrx_word' id='word_1_214' title='bbox 1689 4086 1749 4160; x_wconf 89' lang='grc' dir='ltr'>ΡΡ.</span> 
     </span>
     <span class='ocr_line' id='line_1_29' title="bbox 261 4218 1216 4314; baseline -0.003 -19"><span class='ocrx_word' id='word_1_215' title='bbox 261 4221 350 4296; x_wconf 91' lang='lat' dir='ltr'>DD.</span> <span class='ocrx_word' id='word_1_216' title='bbox 381 4221 452 4293; x_wconf 90' lang='lat' dir='ltr'>mei</span> <span class='ocrx_word' id='word_1_217' title='bbox 480 4218 635 4293; x_wconf 87' lang='lat' dir='ltr'>Serafini</span> <span class='ocrx_word' id='word_1_218' title='bbox 663 4236 703 4293; x_wconf 87' lang='lat' dir='ltr'>et</span> <span class='ocrx_word' id='word_1_219' title='bbox 732 4220 792 4293; x_wconf 92' lang='lat' dir='ltr'>De</span> <span class='ocrx_word' id='word_1_220' title='bbox 818 4218 963 4292; x_wconf 89' lang='lat' dir='ltr'>Witten</span> <span class='ocrx_word' id='word_1_221' title='bbox 991 4220 1216 4314; x_wconf 90' lang='lat' dir='ltr'>equitarunt.</span> 
     </span>
    </p>
   </div>
   <div class='ocr_carea' id='block_1_8' title="bbox 961 4463 1050 4541">
    <p class='ocr_par' dir='ltr' id='par_1_9' title="bbox 961 4463 1050 4541">
     <span class='ocr_line' id='line_1_30' title="bbox 961 4463 1050 4541; baseline -0.011 0"><span class='ocrx_word' id='word_1_222' title='bbox 961 4463 1050 4541; x_wconf 87' lang='grc'>574.</span> 
     </span>
    </p>
   </div>
   <div class='ocr_carea' id='block_1_9' title="bbox 263 4587 1749 4812">
    <p class='ocr_par' dir='ltr' id='par_1_10' title="bbox 263 4587 1749 4812">
     <span class='ocr_line' id='line_1_31' title="bbox 263 4587 1749 4690; baseline -0.005 -24"><span class='ocrx_word' id='word_1_223' title='bbox 263 4593 457 4666; x_wconf 83' lang='lat' dir='ltr'>Examina</span> <span class='ocrx_word' id='word_1_224' title='bbox 487 4604 563 4690; x_wconf 75' lang='lat' dir='ltr'>pro</span> <span class='ocrx_word' id='word_1_225' title='bbox 588 4590 833 4688; x_wconf 77' lang='lat' dir='ltr'>consequendo</span> <span class='ocrx_word' id='word_1_226' title='bbox 857 4589 1040 4663; x_wconf 81' lang='lat' dir='ltr'>Advocati</span> <span class='ocrx_word' id='word_1_227' title='bbox 1069 4589 1211 4661; x_wconf 85' lang='lat' dir='ltr'>nomine</span> <span class='ocrx_word' id='word_1_228' title='bbox 1233 4587 1341 4682; x_wconf 86' lang='lat' dir='ltr'>fiant</span> <span class='ocrx_word' id='word_1_229' title='bbox 1378 4587 1625 4660; x_wconf 80' lang='lat' dir='ltr'>tantummodo</span> <span class='ocrx_word' id='word_1_230' title='bbox 1652 4587 1749 4674; x_wconf 59' lang='lat' dir='ltr'>feni</span> 
     </span>
     <span class='ocr_line' id='line_1_32' title="bbox 342 4711 1747 4812; baseline -0.004 -22"><span class='ocrx_word' id='word_1_231' title='bbox 342 4717 583 4790; x_wconf 76' lang='lat' dir='ltr'>Pascholibns</span> <span class='ocrx_word' id='word_1_232' title='bbox 610 4725 645 4790; x_wconf 81' lang='lat' dir='ltr'>et</span> <span class='ocrx_word' id='word_1_233' title='bbox 670 4725 825 4812; x_wconf 78' lang='lat' dir='ltr'>tempore</span> <span class='ocrx_word' id='word_1_234' title='bbox 852 4716 1047 4789; x_wconf 88' lang='lat' dir='ltr'>Potionum</span> <span class='ocrx_word' id='word_1_235' title='bbox 1075 4759 1101 4772; x_wconf 85' lang='lat'>-</span> <span class='ocrx_word' id='word_1_236' title='bbox 1122 4726 1197 4812; x_wconf 78' lang='lat' dir='ltr'>pro</span> <span class='ocrx_word' id='word_1_237' title='bbox 1224 4713 1442 4786; x_wconf 75' lang='lat' dir='ltr'>admissione</span> <span class='ocrx_word' id='word_1_238' title='bbox 1468 4711 1747 4785; x_wconf 73' lang='lat' dir='ltr'>procuratorum</span> 
     </span>
    </p>
   </div>
   <div class='ocr_carea' id='block_1_10' title="bbox 342 4841 1392 5051">
    <p class='ocr_par' dir='ltr' id='par_1_11' title="bbox 342 4841 1392 5051">
     <span class='ocr_line' id='line_1_33' title="bbox 342 4841 1392 4936; baseline -0.006 -20"><span class='ocrx_word' id='word_1_239' title='bbox 342 4843 451 4916; x_wconf 81' lang='lat' dir='ltr'>semol</span> <span class='ocrx_word' id='word_1_240' title='bbox 474 4843 513 4914; x_wconf 88' lang='lat' dir='ltr'>in</span> <span class='ocrx_word' id='word_1_241' title='bbox 541 4868 638 4914; x_wconf 89' lang='lat' dir='ltr'>anno</span> <span class='ocrx_word' id='word_1_242' title='bbox 665 4841 866 4914; x_wconf 77' lang='lat' dir='ltr'>dumtaxat</span> <span class='ocrx_word' id='word_1_243' title='bbox 890 4843 973 4914; x_wconf 78' lang='lat' dir='ltr'>item</span> <span class='ocrx_word' id='word_1_244' title='bbox 1002 4841 1197 4914; x_wconf 78' lang='lat' dir='ltr'>Potionum</span> <span class='ocrx_word' id='word_1_245' title='bbox 1224 4848 1392 4936; x_wconf 79' lang='lat' dir='ltr'>temporo.</span> 
     </span>
     <span class='ocr_line' id='line_1_34' title="bbox 343 4974 1315 5051; baseline -0.009 -14"><span class='ocrx_word' id='word_1_246' title='bbox 343 4980 460 5051; x_wconf 78' lang='lat' dir='ltr'>(Auen.</span> <span class='ocrx_word' id='word_1_247' title='bbox 479 4977 567 5050; x_wconf 74' lang='lat' dir='ltr'>Rom,</span> <span class='ocrx_word' id='word_1_248' title='bbox 591 5001 604 5027; x_wconf 88' lang='lat'>‹</span> <span class='ocrx_word' id='word_1_249' title='bbox 616 4976 717 5035; x_wconf 81' lang='lat' dir='ltr'>Liber</span> <span class='ocrx_word' id='word_1_250' title='bbox 735 4977 770 5034; x_wconf 84' lang='lat' dir='ltr'>S.</span> <span class='ocrx_word' id='word_1_251' title='bbox 788 4977 893 5036; x_wconf 85' lang='lat' dir='ltr'>Rotae</span> <span class='ocrx_word' id='word_1_252' title='bbox 912 4993 944 5035; x_wconf 89' lang='lat' dir='ltr'>n.</span> <span class='ocrx_word' id='word_1_253' title='bbox 964 4977 1027 5051; x_wconf 81' lang='grc'>4»,</span> <span class='ocrx_word' id='word_1_254' title='bbox 1044 4985 1121 5050; x_wconf 82' lang='lat' dir='ltr'>pag.</span> <span class='ocrx_word' id='word_1_255' title='bbox 1140 4974 1315 5047; x_wconf 73' lang='lat' dir='ltr'>oso-486).</span> 
     </span>
    </p>
   </div>
   <div class='ocr_carea' id='block_1_11' title="bbox 264 5103 1743 5454">
    <p class='ocr_par' dir='ltr' id='par_1_12' title="bbox 264 5103 1743 5454">
     <span class='ocr_line' id='line_1_35' title="bbox 611 5103 1418 5210; baseline -0.001 -31"><span class='ocrx_word' id='word_1_256' title='bbox 611 5107 681 5180; x_wconf 89' lang='lat' dir='ltr'>Die</span> <span class='ocrx_word' id='word_1_257' title='bbox 714 5133 756 5180; x_wconf 81' lang='lat'>21</span> <span class='ocrx_word' id='word_1_258' title='bbox 791 5109 985 5204; x_wconf 87' lang='lat' dir='ltr'>praedicta</span> <span class='ocrx_word' id='word_1_259' title='bbox 1012 5103 1257 5210; x_wconf 87' lang='lat' dir='ltr'>(Novembris</span> <span class='ocrx_word' id='word_1_260' title='bbox 1291 5105 1418 5200; x_wconf 76' lang='lat'>1851).</span> 
     </span>
     <span class='ocr_line' id='line_1_36' title="bbox 345 5226 1743 5328; baseline -0.007 -23"><span class='ocrx_word' id='word_1_261' title='bbox 345 5233 440 5305; x_wconf 88' lang='lat' dir='ltr'>Cum</span> <span class='ocrx_word' id='word_1_262' title='bbox 470 5234 620 5328; x_wconf 89' lang='lat' dir='ltr'>quidam</span> <span class='ocrx_word' id='word_1_263' title='bbox 653 5233 797 5305; x_wconf 89' lang='lat' dir='ltr'>Doctor</span> <span class='ocrx_word' id='word_1_264' title='bbox 817 5232 986 5304; x_wconf 84' lang='lat' dir='ltr'>Lattanzi</span> <span class='ocrx_word' id='word_1_265' title='bbox 1014 5231 1186 5328; x_wconf 88' lang='lat' dir='ltr'>petiisset</span> <span class='ocrx_word' id='word_1_266' title='bbox 1205 5242 1246 5301; x_wconf 91' lang='lat' dir='ltr'>ut</span> <span class='ocrx_word' id='word_1_267' title='bbox 1264 5244 1372 5302; x_wconf 88' lang='lat' dir='ltr'>extra</span> <span class='ocrx_word' id='word_1_268' title='bbox 1391 5229 1560 5301; x_wconf 84' lang='lat' dir='ltr'>ordinem</span> <span class='ocrx_word' id='word_1_269' title='bbox 1579 5226 1629 5300; x_wconf 91' lang='lat' dir='ltr'>ad</span> <span class='ocrx_word' id='word_1_270' title='bbox 1648 5249 1743 5320; x_wconf 89' lang='lat' dir='ltr'>expe-</span> 
     </span>
     <span class='ocr_line' id='line_1_37' title="bbox 264 5348 1743 5454; baseline -0.009 -23"><span class='ocrx_word' id='word_1_271' title='bbox 264 5361 465 5433; x_wconf 90' lang='lat' dir='ltr'>rimentum</span> <span class='ocrx_word' id='word_1_272' title='bbox 494 5358 756 5430; x_wconf 90' lang='lat' dir='ltr'>admitteretur</span> <span class='ocrx_word' id='word_1_273' title='bbox 784 5381 853 5454; x_wconf 92' lang='lat' dir='ltr'>pro</span> <span class='ocrx_word' id='word_1_274' title='bbox 882 5356 1068 5428; x_wconf 86' lang='lat' dir='ltr'>Advocati</span> <span class='ocrx_word' id='word_1_275' title='bbox 1098 5355 1244 5428; x_wconf 87' lang='lat' dir='ltr'>nomine</span> <span class='ocrx_word' id='word_1_276' title='bbox 1274 5353 1555 5449; x_wconf 89' lang='lat' dir='ltr'>consequendo,</span> <span class='ocrx_word' id='word_1_277' title='bbox 1585 5352 1626 5426; x_wconf 82' lang='lat' dir='ltr'>S.</span> <span class='ocrx_word' id='word_1_278' title='bbox 1656 5348 1743 5424; x_wconf 88' lang='lat' dir='ltr'>Ordo</span> 
     </span>
    </p>
   </div>
   <div class='ocr_carea' id='block_1_12' title="bbox 0 0 1856 5920">
    <p class='ocr_par' dir='ltr' id='par_1_13' title="bbox 0 0 1856 5920">
     <span class='ocr_line' id='line_1_38' title="bbox 0 0 1856 5920; baseline 0 0"><span class='ocrx_word' id='word_1_279' title='bbox 0 0 1856 5920; x_wconf 95' lang='lat' dir='ltr'> </span> 
     </span>
    </p>
   </div>
  </div>
 </body>
</html>
