3720 5914
815 649 900 728 125.

98 809 207 883 sixti
232 810 302 885 IV
322 811 539 886 mandatum
565 835 646 910 quo,
666 835 881 908 aggregans
916 811 1073 908 Collegae
1099 811 1327 885 Auditorum
1355 811 1473 885 Rotae
1504 809 1601 884 Phe-

181 935 303 1009 le'num
331 933 517 1010 Sondeum
544 945 580 1009 el
603 936 777 1010 excederes
804 936 857 1009 ita
884 935 1154 1010 duodenarium
1181 944 1353 1009 taxatum
1375 934 1603 1008 Auditorum

181 1085 389 1147 numerum,
418 1060 594 1147 declarat,
624 1087 661 1134 se
687 1087 759 1134 non
786 1087 835 1134 ex
862 1059 926 1136 ltoc
943 1061 1127 1158 abrogare
1144 1061 1232 1134 nelle
1249 1061 1364 1159 legem
1381 1059 1603 1134 reductzonis

181 1187 260 1259 eom
287 1186 413 1274 latam,
443 1211 555 1284 quam
590 1195 763 1259 econtra
798 1185 1016 1274 confirmat:
1051 1211 1094 1259 ac
1129 1187 1281 1285 insuper
1316 1172 1483 1258 declarat
1508 1161 1602 1284 pro-

183 1319 295 1384 motos
321 1310 524 1384 Auditeres
543 1319 651 1408 posse
677 1309 717 1383 in
746 1309 844 1384 Rota
872 1335 1020 1383 manere
1047 1319 1234 1408 tamquam
1261 1309 1504 1383 locatemntes.

182 1465 299 1537 (Auen.
317 1462 405 1538 Ror,
429 1463 729 1537 «Ordinationes»,
745 1470 832 1539 part.
850 1464 879 1538 I,
897 1483 930 1524 n.
958 1463 1036 1536 VII).

1180 1624 1259 1696 1484,
1278 1625 1388 1684 martii
1408 1623 1451 1698 12,
1469 1623 1602 1684 Romae.

185 1790 351 1878 Dudum,
369 1791 440 1864 sub
466 1789 555 1864 data
584 1787 702 1886 pridie
730 1789 814 1864 idus
843 1789 934 1863 Maii
955 1787 1195 1886 pontificatus
1215 1790 1332 1864 nostri
1350 1813 1450 1864 anno
1467 1789 1600 1886 primo,

101 1913 386 1990 considerantes
414 1939 488 2011 que
511 1913 561 1988 ad
579 1914 697 1988 nostri
715 1913 842 2010 palatii
859 1911 1057 2011 apostofici
1075 1929 1313 1988 venustatem
1340 1913 1601 2010 respiciebant,

102 2056 143 2113 et
169 2039 274 2136 quod
302 2040 333 2113 si
361 2039 581 2114 dilectorum
613 2037 772 2112 filiorum
800 2038 969 2114 eiusdem
998 2036 1126 2134 palatii
1156 2063 1354 2114 causarum
1387 2037 1601 2113 auditorum

103 2180 143 2238 et
169 2163 461 2240 locatenentium
488 2162 677 2261 peculiare
696 2161 908 2262 collegium,
929 2163 1101 2238 doctrina
1120 2179 1160 2238 et
1177 2163 1395 2262 integritate
1413 2179 1601 2260 prestans,

102 2304 208 2364 certo
239 2287 478 2364 clauderetur
514 2313 670 2363 numero
705 2311 966 2386 personarum,
1001 2289 1132 2363 maiori
1158 2289 1297 2364 decore
1329 2287 1501 2387 fulgeret,
1531 2287 1602 2362 liti·

101 2431 280 2513 gatorum
308 2409 539 2511 dispendia¹
569 2411 710 2488 facilior
736 2411 834 2486 foret
861 2414 984 2488 exitus
1011 2437 1222 2502 causarum,
1250 2411 1476 2510 Eapropter‚
1497 2426 1602 2486 motu

102 2538 259 2636 proprio
285 2553 325 2615 et
352 2564 399 2612 ex
426 2553 528 2612 certa
556 2538 712 2613 scientia
731 2538 973 2612 statuerimus
992 2553 1032 2613 et
1050 2537 1347 2614 ordinaverimus
1366 2539 1470 2634 quod
1489 2535 1604 2612 dicto-

102 2688 185 2738 rum
215 2664 430 2739 auditorum
457 2679 498 2738 et
524 2663 816 2738 locatenentium
844 2666 1065 2738 eorumdem
1094 2687 1282 2751 numerus,
1313 2663 1377 2761 qui
1405 2677 1495 2738 tunc
1521 2679 1604 2737 erat

101 2789 400 2886 quatuordecim,
430 2788 608 2862 decetero
635 2787 889 2862 duodenarius
925 2787 1122 2863 dumtaxat
1157 2790 1349 2874 existeret,
1384 2789 1456 2863 sub
1491 2787 1602 2862 certis

101 2913 334 2988 irritantibus
363 2913 549 2999 clausulis,
580 2926 695 3010 prout
721 2912 758 2986 in
785 2911 918 2987 litteris
946 2912 1039 3010 ipsis
1065 2912 1214 3010 plenius
1242 2913 1466 2988 continetur.

182 3035 259 3131 Qui
288 3036 442 3134 quidem
469 3060 648 3112 numerus
675 3035 931 3111 duodenarius
958 3039 1031 3112 iam
1065 3039 1207 3112 dudum
1244 3039 1423 3114 reductus
1456 3051 1516 3112 est
1551 3040 1601 3113 ad

101 3162 243 3238 dictum
258 3175 441 3236 statutum
455 3185 650 3237 numerum
665 3186 713 3235 ex
731 3159 876 3235 dilectis
894 3160 987 3246 filiis,
1003 3161 1205 3260 magistris,
1226 3163 1396 3238 Antonio
1414 3163 1463 3238 de
1482 3161 1602 3237 Gras-

101 3288 153 3364 sis
172 3288 318 3363 decarm
332 3287 442 3376 Rote,
460 3287 624 3361 Iohanne
638 3286 686 3360 de
702 3285 919 3362 Cerretanis
938 3266 1035 3383 Ep-o.
1066 3285 1251 3372 nucerino,
1281 3286 1446 3362 Iohanne
1483 3287 1602 3362 Fran-

101 3413 229 3488 cischo
256 3412 305 3487 de
332 3411 489 3510 pavinis,
520 3412 678 3487 Matheo
704 3411 753 3486 de
782 3412 905 3498 Porta,
927 3412 1039 3486 Petro
1067 3411 1115 3485 de
1133 3410 1286 3498 ferrera,
1306 3411 1525 3509 hyeronimo
1552 3413 1601 3487 de

102 3539 297 3621 Porcariis,
326 3535 491 3612 Iohanne
520 3536 668 3624 Prioris,
699 3535 895 3612 Guilermo
914 3536 962 3610 de
981 3535 1168 3634 perreriis‚
1189 3535 1486 3612 lohannantonio
1505 3521 1600 3636 Epo.

100 3662 369 3748 Alexandrino,
401 3659 635 3736 Gundisalvo
662 3659 711 3735 de
743 3659 966 3760 Villadiego,
997 3659 1113 3735 Paulo
1141 3661 1190 3736 de
1217 3659 1454 3748 Tuscanella,
1489 3661 1601 3736 Fran·

100 3787 229 3862 cischo
256 3786 397 3872 brevio,
428 3785 618 3861 modernis
646 3808 842 3859 causarum
870 3784 958 3858 dicti
986 3785 1116 3859 Palatii
1143 3763 1378 3860 auditoribus
1405 3801 1445 3860 et
1463 3786 1604 3860 locate·

101 3912 288 3997 uentibus,

181 4060 343 4132 cumque
371 4059 491 4132 nuper
518 4034 611 4131 ipsis
647 4034 792 4109 dilectis
830 4019 924 4122 filiis,
954 4033 1131 4109 dilectum
1168 4034 1362 4109 Phelinum
1396 4034 1600 4122 Sandeum,

99 4159 320 4236 canonicum
340 4159 610 4246 ferrariensem,
627 4175 732 4233 motu
752 4157 918 4256 proprio,
934 4159 1191 4254 supradictum
1206 4173 1446 4256 pretaxatum
1461 4162 1600 4236 duode-

100 4286 247 4359 narium
275 4309 482 4371 numerum,
498 4281 511 4317 ²
539 4284 813 4359 communicato
841 4282 997 4358 consilio
1016 4309 1100 4357 cum
1119 4283 1211 4381 ipsis
1230 4284 1475 4372 auditoribus,
1497 4301 1537 4360 et
1554 4311 1602 4360 ex

99 4409 216 4486 certis
237 4408 361 4484 causis
380 4408 568 4508 legitimis,
588 4407 688 4484 dicto
707 4408 878 4506 collegio,
901 4407 1061 4482 servatis
1080 4407 1217 4483 ceteris
1235 4409 1443 4496 servandis,
1462 4435 1602 4509 aggre-

98 4535 328 4634 gaverimus‚

182 4659 275 4744 Nos,
301 4659 408 4734 simili
436 4673 540 4734 motu
568 4674 608 4732 et
635 4683 683 4733 ex
701 4675 804 4732 certa
823 4657 978 4732 scientia
996 4675 1037 4733 et
1055 4658 1298 4758 irrefragabili
1321 4659 1597 4747 constitutione,

97 4799 288 4884 perpetuo
315 4784 485 4871 valitura,
515 4783 699 4871 volumus,
732 4783 933 4858 statuimus
960 4798 1001 4858 et
1027 4783 1244 4858 ordinamus
1273 4799 1315 4858 ut
1334 4785 1456 4859 dictus
1475 4800 1601 4882 preta-

178 5011 188 5046 ¹
208 5009 255 5068 ita
274 5008 368 5068 litera
385 5007 568 5082 originalis:
587 5016 620 5067 at
638 5007 751 5068 deesse
769 5007 865 5068 debet
882 5007 1011 5082 aliquod
1030 5007 1178 5081 verbum,
1196 5023 1273 5066 nam
1298 5016 1394 5084 prout
1421 5007 1510 5077 iacet,
1534 5024 1599 5067 non

94 5099 199 5158 currit
222 5113 347 5158 sensus
370 5095 452 5156 Puto
481 5095 566 5170 quod
593 5105 677 5171 post:
704 5096 918 5168 tiaratorum
948 5096 1125 5172 dispendia
1158 5095 1306 5156 addenda
1339 5097 1403 5156 sint
1427 5096 1516 5169 haec,
1545 5099 1598 5156 vel

96 5187 229 5260 similia,
247 5187 364 5246 verba:
382 5186 501 5244 minus
514 5186 640 5258 greum
658 5183 837 5243 evaderent
854 5188 894 5244 et.

176 5275 188 5313 ²
207 5275 254 5334 ita
273 5275 367 5334 litera
384 5273 568 5350 originalis:
587 5282 637 5333 ast
655 5282 690 5333 ut
708 5287 824 5333 sensus
841 5281 960 5347 currat,
979 5287 1109 5332 necesse
1127 5280 1177 5332 est
1188 5272 1308 5333 addere
1322 5272 1474 5332 verbum:
1485 5281 1599 5348 super·

94 5365 298 5438 excedentes,
316 5371 372 5424 aut
389 5363 477 5422 aliud
496 5363 612 5422 simile.
