3708 5918
1381 405 1634 417 --no-u-u———d

777 309 936 384 Gregorio
954 309 985 368 X

128 515 251 573 torem
279 525 479 576 causarum
506 499 633 596 palatii
659 497 856 597 apostolici
883 497 1111 596 generalem,
1133 523 1246 594 super
1274 497 1344 572 hoc
1371 495 1528 570 adiisset
1547 481 1655 593 spess

128 621 271 698 cialiter
298 625 519 712 auditorem,
550 623 702 698 demum
729 649 798 699 vos
825 647 923 719 quos
942 648 1055 698 causa
1079 621 1214 698 eadem
1233 621 1460 720 contigebat,
1481 645 1634 694 causam

129 749 249 844 ipsam
277 773 405 822 coram
431 749 567 823 eodem
594 749 767 824 auditore
793 748 975 845 prosequi
1001 772 1047 822 ac
1074 746 1132 822 ius
1160 748 1196 821 in
1224 747 1294 822 hac
1322 761 1430 844 parte
1449 745 1537 820 dicti
1556 770 1636 818 mo·

130 871 281 946 hasterii
308 873 425 948 vestri
453 872 657 948 defendere
685 872 889 969 incepistis.
920 871 970 946 Et
997 872 1170 946 auditore
1198 871 1283 969 ipso
1311 885 1448 966 postea
1477 871 1526 944 de
1554 870 1633 944 Ro-

130 1021 242 1072 mana
268 998 371 1072 curia
402 998 631 1084 discedente,
653 1021 722 1072 nos
753 996 1004 1072 venerabilem
1024 996 1176 1072 fratrem
1196 1011 1366 1071 nostrum
1390 993 1633 1080 Grimerium,

129 1122 452 1220 archiepiscopum
485 1123 719 1219 Aquensem,
748 1136 836 1198 tunc
871 1120 1105 1219 capellanum
1139 1136 1311 1195 nostrum
1347 1136 1387 1194 et
1418 1117 1634 1218 generalem

129 1271 328 1322 causarum
356 1247 443 1322 dicti
472 1246 600 1343 palatii
627 1245 848 1334 auditorem,
878 1245 915 1320 in
952 1245 1165 1321 huiusmodi
1192 1268 1307 1320 causa
1344 1245 1415 1342 ipsi
1450 1244 1634 1342 magistro

132 1372 244 1446 Petro
286 1372 459 1446 duximus
500 1371 796 1468 subrogandum.
836 1369 913 1458 Set,
956 1372 1092 1446 eodem
1129 1369 1412 1467 archiepiscopo
1448 1367 1630 1465 Aquensi,

130 1513 332 1594 postquam
351 1497 400 1571 de
419 1521 534 1572 causa
551 1499 633 1594 ipsa
652 1497 725 1570 iam
745 1520 977 1594 cognoscere
996 1496 1199 1593 inceperat,
1219 1495 1270 1570 ad
1287 1494 1458 1594 regimen
1476 1493 1633 1568 ecclesie

130 1621 322 1720 Aquensis
351 1637 536 1716 promoto,
558 1637 597 1696 et
625 1621 674 1696 ad
701 1620 942 1697 commissam
970 1621 1039 1696 sibi
1059 1620 1219 1695 eandem
1238 1618 1434 1695 ecclesiam
1453 1643 1634 1716 persona·

128 1747 211 1822 liter
237 1747 454 1834 accedente,
476 1771 546 1822 nos
573 1744 710 1822 dilecto
729 1745 804 1820 filio
823 1745 1006 1844 magistro
1026 1746 1226 1843 Aymerico
1246 1742 1412 1830 Guilloti,
1437 1743 1632 1840 capellano

129 1889 262 1946 nostro
289 1886 330 1946 et
356 1872 517 1947 auditori
544 1896 742 1946 causarum
770 1870 977 1968 supradicti
1004 1870 1143 1967 palatii,
1169 1893 1324 1945 causam
1352 1869 1511 1946 eandem
1530 1892 1633 1945 com-

129 1997 297 2071 misimus
323 1997 361 2070 in
388 2021 437 2072 eo
463 2011 565 2070 statu
594 1996 881 2092 suscipiendam,
912 1997 949 2070 in
977 2019 1053 2091 quo
1082 1996 1181 2070 illam
1208 1996 1515 2092 archiepiscopus
1552 1995 1633 2091 ipse

128 2122 332 2206 dimiserat,
361 2146 406 2196 ac
442 2121 516 2196 fine
542 2119 671 2196 debito
706 2120 991 2196 terminandam.
1024 2119 1162 2196 Coram
1195 2144 1273 2217 quo
1307 2135 1435 2194 vestro
1472 2143 1516 2194 ac
1544 2117 1658 2193 dieti·

128 2245 398 2344 archiepiscopi
427 2247 677 2322 Eboracensis
704 2247 1012 2342 procuratoribus
1038 2247 1075 2319 in
1103 2246 1238 2321 iudicio
1266 2245 1568 2344 comparentibus
1594 2258 1635 2318 et

130 2372 163 2444 in
192 2395 307 2448 causa
324 2370 632 2446 concludentibus
650 2385 871 2456 memorata,
892 2371 974 2467 ipse
993 2372 1173 2470 magister
1193 2371 1413 2467 Aymericus
1436 2393 1506 2466 pro
1525 2383 1633 2466 parte

128 2495 216 2570 dicti
247 2495 369 2572 fratris
397 2495 581 2592 Aymonis
609 2496 645 2570 in
682 2495 872 2570 audientia
902 2496 1051 2593 publica
1084 2495 1197 2582 citati,
1227 2512 1266 2570 et
1300 2518 1523 2593 comparere
1550 2487 1633 2568 ¹nou

128 2619 295 2694 curantis
321 2646 366 2696 ac
393 2619 480 2695 ideo
507 2643 577 2717 pro
605 2636 826 2696 contumace
855 2620 981 2704 habiti,
1012 2621 1048 2694 in
1075 2622 1211 2696 eadem
1240 2645 1354 2696 causa
1381 2617 1563 2696 conclusit
1593 2635 1633 2692 et

128 2745 260 2821 habuit
287 2770 358 2842 pro
385 2743 572 2833 concluso,
592 2769 637 2822 ac
665 2746 829 2832 tandem,
850 2745 939 2820 visis
959 2761 998 2820 et
1015 2745 1152 2820 auditis
1170 2770 1214 2821 ac
1233 2743 1433 2844 diligenter
1455 2745 1632 2841 inspectis

127 2871 398 2959 instrumentis,
433 2868 647 2969 privilegiis,
685 2870 818 2946 litteris
858 2869 1096 2968 quibusdam,
1138 2869 1434 2968 depositionibus
1467 2871 1632 2954 testium,

126 2997 221 3072 actis
248 3019 401 3094 quoque
428 2996 562 3094 prioris
590 3019 714 3081 cause,
734 3019 780 3070 ac
806 2994 886 3070 aliis
914 2995 1197 3092 probationibus
1224 3012 1264 3071 et
1300 2995 1538 3072 munimentis
1565 3018 1634 3090 per

126 3122 268 3196 dictum
295 3137 578 3218 procuratorem
607 3135 777 3196 nostrum
805 3121 1008 3217 productis,
1038 3146 1083 3196 ac
1114 3122 1258 3197 eisdem
1292 3120 1514 3196 examinatis
1548 3143 1631 3194 cum

125 3245 319 3346 diligentia
345 3260 385 3320 et
411 3246 602 3333 discussis,
631 3263 671 3320 et
698 3271 826 3321 secum
855 3242 967 3342 plena
993 3245 1263 3322 deliberatione
1294 3247 1502 3343 prehabita,
1532 3273 1632 3322 com·

126 3369 390 3468 municatoque
418 3369 573 3446 consilio
601 3373 818 3468 peritorum,
848 3386 888 3446 et
915 3371 1012 3446 facta
1039 3395 1155 3468 super
1182 3371 1251 3446 hiis
1279 3395 1364 3446 cum
1382 3369 1463 3446 aliis
1486 3373 1631 3448 audito·

126 3495 230 3570 ribus
257 3496 414 3592 sepefati
442 3495 572 3592 palatii
597 3495 795 3572 collatione
823 3496 902 3570 sive
931 3495 1111 3570 relatione
1139 3495 1247 3582 fideli,
1279 3513 1318 3572 et
1354 3521 1377 3572 a
1406 3497 1515 3572 nobis
1542 3522 1631 3594 pro-

127 3619 321 3694 nuntiandi
356 3622 512 3696 obtenta
547 3619 705 3709 licentia,
742 3621 878 3696 eodem
914 3636 1159 3717 procuratore
1192 3637 1322 3698 vestro
1368 3639 1545 3719 presente
1586 3647 1631 3698 ac

124 3745 212 3820 ferri
240 3746 466 3820 sententiam
494 3746 679 3820 instanter
696 3761 861 3843 petente,
882 3746 1037 3843 prelatis
1056 3747 1343 3843 archiepiscopo
1361 3761 1401 3822 et
1420 3748 1533 3822 fratre
1551 3749 1631 3844 Ay-

126 3894 238 3946 mone
270 3871 334 3966 qui
370 3870 420 3944 ad
456 3869 688 3946 diffinitivam
720 3873 946 3946 sententiam
982 3872 1207 3948 audiendam
1244 3871 1384 3970 pluries
1420 3873 1522 3948 citati
1555 3897 1630 3948 non

122 4010 348 4070 curaverant
373 3994 613 4091 aliquatenus
638 4019 870 4092 comparere,
900 3997 1118 4072 absentibus
1142 4019 1211 4093 per
1228 3997 1511 4085 contumaciam,
1533 4023 1630 4095 quo·-

125 4145 210 4196 rum
236 4121 410 4196 absentia
439 4119 510 4194 Dei
549 4121 739 4216 presentia
777 4121 1002 4219 replebatur,
1032 4121 1201 4196 diffinivit
1233 4122 1514 4209 sententialiter,
1544 4147 1632 4219 pro·

123 4245 307 4320 nuntiavit
333 4261 374 4319 et
401 4246 515 4320 etiam
543 4243 747 4320 declaravit
774 4271 822 4322 ex
841 4263 950 4344 parte
969 4246 1136 4343 ipsorum
1156 4247 1427 4344 archiepiscopi
1446 4262 1486 4322 et
1504 4247 1629 4322 fratris

125 4370 310 4467 Aymonis
339 4369 437 4445 male
463 4369 694 4467 appellatum
722 4371 849 4455 fuisse,
878 4395 923 4445 ac
951 4397 1021 4468 per
1048 4371 1187 4446 dictum
1216 4372 1440 4470 magistrum
1460 4371 1631 4447 Ardicio·

124 4519 212 4571 nem
244 4496 342 4570 bene
369 4519 602 4593 processum,
633 4519 777 4571 necnon
811 4495 1084 4594 appellationes
1121 4497 1313 4594 predictas
1348 4513 1388 4573 et
1424 4498 1631 4594 quamlibet

122 4607 255 4696 earhm
284 4619 440 4696 iniustas
472 4637 511 4694 et
538 4618 690 4696 frivolas
718 4621 899 4709 extitisse,
929 4647 974 4696 ac
1010 4622 1189 4719 quicquid
1224 4647 1273 4696 ex
1306 4622 1406 4698 dicta
1443 4621 1631 4697 sententia

122 4761 256 4820 contra
282 4745 607 4841 archiepiscopum
633 4763 674 4820 et
702 4745 854 4822 fratrem
882 4746 1094 4842 Aymonem
1123 4746 1323 4842 predictos,
1354 4763 1394 4822 et
1420 4772 1469 4822 ex
1497 4772 1542 4820 ea
1570 4747 1630 4822 vel

121 4873 173 4946 ob
191 4867 292 4944 illam
311 4885 481 4944 secutum
501 4869 632 4957 luerat,
654 4885 777 4946 ratum
795 4885 834 4944 et
852 4870 999 4944 firmum
1014 4895 1236 4968 permanere
1254 4872 1473 4958 decernens,
1491 4872 1629 4946 dictam

121 4993 350 5070 sententiam
386 4992 620 5070 confirmavit
654 5019 698 5070 ac
735 4995 903 5070 decrevit
937 4997 1147 5071 executioni
1180 4997 1442 5079 mandandam,
1472 4994 1629 5070 eosdem

120 5119 447 5216 archiepiscopum
475 5133 515 5192 et
543 5119 696 5195 fratrem
724 5121 938 5216 Aymoncm
961 5145 1005 5194 ac
1023 5144 1154 5195 eorum
1173 5121 1377 5217 quemlibet
1396 5121 1433 5193 in
1451 5120 1629 5217 expensis

122 5246 315 5344 legittimis
352 5245 391 5317 in
418 5241 482 5318 lite
519 5243 637 5328 lactis,
668 5269 827 5342 quarum
855 5245 1086 5320 taxationem
1114 5243 1184 5320 sibi
1220 5245 1256 5319 in
1285 5259 1480 5342 posterum
1508 5268 1629 5318 reser-

122 5372 234 5460 vavit,
270 5395 341 5468 per
376 5392 483 5442 suam
529 5371 754 5446 sententiam
791 5370 1117 5467 condempnando,
1157 5384 1270 5467 prout
1307 5371 1343 5444 in
1380 5368 1629 5444 instrumento
1698 5423 1701 5428 ·
