3684 5920
657 287 661 296 ·
777 270 841 330 Pio
859 270 911 331 IX

798 569 888 648 570.

88 715 304 787 Revocatur
330 715 370 786 in
394 713 595 810 pristmum
617 721 756 786 vetuste
773 713 961 786 methodus
978 715 1265 812 experimentum
1276 727 1352 813 pro
1369 715 1590 813 asseqmnde

175 837 359 911 Advocati
373 838 478 912 fz'fulo
485 839 664 932 faee'eudz'.

176 975 294 1045 (Ascra
313 974 400 1043 Rom,
424 974 613 1034 ‹De'are'um
633 976 808 1034 Camerale
820 977 855 1047 ι).

631 1159 703 1232 Die
733 1183 757 1252 4
784 1159 911 1254 aprilis
942 1163 1052 1253 1851.

176 1301 217 1372 ln
244 1324 426 1374 concursu
456 1325 584 1374 eorum
614 1301 678 1398 qui
706 1301 974 1374 advocatorum
996 1327 1152 1375 numero
1171 1302 1296 1399 adlegi
1315 1303 1479 1398 cupiunt,
1501 1303 1594 1376 haec

88 1424 296 1498 methodus
324 1423 478 1498 invaluit
507 1451 658 1522 semper
685 1424 786 1520 apud
815 1425 996 1498 Ordinem
1025 1443 1208 1512 nostrum,
1238 1443 1280 1500 ut
1307 1429 1356 1498 ab
1389 1427 1487 1501 Rriro
1521 1426 1594 1500 De-

89 1577 200 1634 eano,
232 1552 275 1623 iis
294 1551 357 1646 qui
378 1550 517 1646 scripto
537 1552 726 1646 specimen
746 1551 902 1647 peritiae
921 1575 1013 1622 suae
1040 1551 1074 1623 in
1101 1552 1190 1624 iuris
1213 1551 1416 1648 legumque
1440 1552 1593 1626 scientia

86 1675 294 1749 exhibituri
328 1689 447 1762 erant,
486 1676 724 1748 traderentur
759 1674 970 1747 Summaria
1007 1674 1204 1770 utriusque
1245 1677 1362 1770 partis
1404 1677 1438 1748 in
1480 1700 1594 1750 causa

87 1825 222 1873 coram
251 1800 384 1876 eodem
415 1799 559 1872 Ordine
589 1815 721 1874 nostro
749 1815 845 1883 acta,
877 1824 950 1872 una
978 1825 1062 1874 cum
1081 1799 1251 1896 originali
1270 1801 1395 1886 dubio,
1416 1826 1458 1874 ac
1478 1799 1593 1874 latum

90 1901 215 1996 totale
244 1924 464 2020 rescriptum
493 1938 624 1997 contra
652 1925 754 2019 quod
792 1925 875 1997 loco
909 1949 953 1998 ac
991 1940 1163 2020 tempore
1192 1925 1388 2020 praefinito
1425 1925 1596 1999 defensio

89 2051 265 2144 paranda
301 2065 394 2122 erat.
434 2051 508 2120 Ast
545 2073 629 2121 cum
665 2048 802 2122 modus
839 2049 922 2133 iste,
953 2073 1114 2143 quanam
1152 2048 1200 2122 de
1234 2073 1349 2122 causa
1386 2050 1592 2146 ignoratur,

90 2198 216 2268 nuper
252 2173 431 2246 manserit
466 2173 741 2259 inobservatus
783 2188 823 2245 et
860 2172 999 2245 tradita
1037 2173 1147 2247 fuerit
1183 2189 1334 2268 praeter
1372 2173 1593 2260 Summaria,

88 2299 247 2372 dubium
276 2324 319 2371 ac
349 2298 579 2393 rescriptum,
610 2299 721 2370 etiam
753 2274 881 2370 rotalis
909 2296 1059 2384 decisi0‚
1084 2299 1213 2371 Patres
1242 2299 1353 2372 hodie
1372 2299 1596 2372 unanimiter

90 2423 372 2497 constituerunt
398 2436 439 2494 ut
468 2421 503 2494 in
532 2438 726 2518 posterum
755 2439 865 2496 vetus
894 2423 1130 2496 consuetudo
1158 2423 1332 2521 religiose
1360 2425 1592 2500 observetur.

803 2721 893 2800 571.

97 2871 181 2945 Um'
204 2895 252 2942 ex
279 2868 434 2942 Secretis
462 2867 561 2966 de.
592 2867 654 2940 del
677 2867 833 2962 Magne,
863 2867 903 2938 in
931 2866 1149 2939 Audz'terem
1177 2865 1367 2939 cumsdem
1407 2867 1600 2965 apostolici

178 2994 409 3068 Internunez'e'
432 2993 546 3076 electe,
577 2992 734 3066 concedit
759 2994 858 3065 Rola
899 2990 1046 3064 titulum
1081 2991 1270 3076 Advocati,
1314 2991 1383 3064 etsi
1414 2993 1591 3087 regulare

178 3119 379 3193 triennium
405 3119 444 3191 in
473 3117 602 3192 Studet
629 3143 700 3190 nen
727 3117 949 3215 explevisset.

174 3258 292 3330 (Anco.
312 3256 398 3330 Rom,
421 3253 611 3314 ‹Dmm'um
631 3251 804 3313 Camerale
816 3277 843 3311 ».

644 3436 716 3510 Die
751 3460 794 3529 13
825 3439 897 3511 iun.
935 3439 1045 3530 1851.

180 3584 358 3658 Nondum
386 3607 433 3656 ex
461 3579 733 3656 consuetudine
763 3580 901 3678 iugiter
918 3603 963 3651 ac
982 3578 1157 3676 religiose
1177 3577 1279 3674 apud
1299 3577 1392 3654 Ord.
1415 3579 1597 3654 Nostrum

89 3726 258 3796 servata,
280 3709 349 3782 sed
377 3736 424 3782 ex
443 3708 528 3804 lege
548 3707 659 3780 etiam
680 3705 831 3778 inducta
850 3705 898 3776 ab
912 3703 1058 3776 officiali
1077 3704 1185 3776 litera
1204 3703 1247 3778 cl.
1270 3729 1319 3778 m.
1341 3702 1454 3780 Card.
1477 3705 1595 3777 Gam-

91 3837 213 3913 berini
241 3860 325 3907 cum
354 3834 509 3906 internis
539 3831 704 3928 negociis
732 3845 855 3902 status
884 3844 1070 3926 praeerat,
1100 3827 1274 3900 advocati
1303 3827 1434 3900 titulus
1463 3829 1506 3900 iis
1533 3831 1597 3924 qui

92 3991 117 4037 a
147 3962 303 4035 secretis
333 3961 470 4033 nostris
500 3975 587 4030 sunt
615 3957 650 4028 in
678 3955 954 4053 cognoscendis
982 3978 1026 4026 ac
1054 3952 1262 4026 iudicandis
1290 3955 1414 4026 causis
1443 3955 1599 4028 concedi

94 4088 196 4161 haud
217 4084 324 4166 solet.
357 4083 425 4156 nisi
454 4099 656 4179 postquam
694 4103 812 4175 penes
854 4080 1057 4174 quemdam
1096 4102 1144 4151 ex
1182 4078 1355 4151 Patribus
1396 4079 1597 4152 triennium

95 4209 374 4307 insumpserint.
405 4209 546 4281 Verum
576 4205 687 4279 hodie
715 4205 964 4301 peculiaribus
979 4205 1039 4277 ·de
1068 4203 1192 4277 causis
1219 4203 1327 4276 aliter
1356 4205 1486 4276 Patres
1513 4229 1597 4277 cum

96 4337 303 4408 Sacerdote
334 4331 530 4405 Vincentio
558 4332 732 4404 Petrarca
759 4355 782 4402 a
802 4329 957 4402 secretis
986 4327 1172 4426 suffragiis
1215 4329 1314 4423 de.
1355 4327 1415 4399 De
1453 4326 1597 4424 Magno

95 4460 322 4533 servandum
351 4459 571 4531 iudicarunt.
608 4427 680 4527 Hic
718 4455 816 4526 enim
853 4455 889 4526 in
929 4453 1154 4525 Auditorem
1192 4451 1336 4526 electus
1373 4453 1596 4525 Internuncii

98 4583 307 4680 Apostolici
336 4607 453 4677 penes
483 4579 765 4674 Rempublicam
796 4601 915 4651 novae
944 4577 1138 4650 Graoatae
1167 4577 1202 4648 in
1231 4577 1344 4648 Indiis
1381 4577 1597 4650 occidenta-

96 4713 203 4796 libus,
233 4736 317 4783 cum
345 4725 384 4782 et
412 4709 446 4779 in
477 4707 514 4779 S.
546 4705 656 4778 Sedis
684 4705 908 4801 obsequium
937 4716 1012 4774 tam
1042 4701 1157 4798 longe
1186 4701 1444 4797 proficiscatur
1480 4718 1519 4775 et
1560 4703 1596 4775 in

95 4838 278 4912 honorem
316 4857 499 4929 spemque
534 4831 679 4903 iuvenis
714 4829 836 4913 cedat,
874 4851 1038 4922 aequum
1077 4840 1140 4897 est
1173 4828 1308 4912 visum,
1345 4843 1387 4898 ut
1425 4827 1598 4921 quamvis

94 4964 130 5036 d.
164 4962 338 5034 Petrarca
366 4957 561 5030 triennium
592 4977 667 5028 non
693 4951 911 5048 expleverit,
942 4965 1108 5024 attamen
1138 4951 1311 5023 advocati
1340 4949 1449 5023 titulo
1482 4951 1598 5022 deco-

96 5103 251 5168 raretur,
282 5083 391 5156 dictis
419 5083 466 5155 de
495 5082 618 5156 causis
646 5076 879 5174 paululuma
909 5073 1062 5170 regulae
1081 5074 1207 5172 rigore
1226 5073 1458 5160 declinando,
1491 5099 1596 5168 prae·

96 5213 225 5285 sertim
254 5235 336 5282 cum
366 5209 413 5280 de
433 5207 598 5284 eiusdem
621 5207 656 5278 in
686 5205 763 5276 iure
779 5200 923 5296 peritia,
946 5201 1043 5295 de.
1081 5199 1140 5271 De
1160 5199 1303 5296 Magno
1321 5199 1594 5294 amplissimum

96 5335 307 5411 exhibuerit
334 5334 596 5422 testimonium.
