3718 5918
755 276 756 280 ,
849 235 988 297 Saeculo
1006 237 1130 299 XVIII

943 593 1034 672 394.

238 747 389 822 Saecula
416 749 551 825 XVII
569 763 720 825 exeunte
746 762 782 824 at
808 752 965 828 XVIII
984 754 1127 828 z'runntu
1150 753 1266 852 stylus
1291 755 1504 830 invaluerat
1528 755 1743 828 cantrartus

317 874 547 972 drspasittbnt'
570 877 861 970 Reformattauis
888 877 1006 952 Pauli
1032 879 1070 951 V
1078 879 1204 977 quand
1226 905 1358 954 causas
1385 883 1742 976 consanguinearum

320 1007 356 1071 ct
380 999 551 1094 affinium
578 1027 649 1074 nan
677 1001 854 1075 videndas
881 1004 920 1076 iu
949 1003 1058 1079 Rata.

319 1155 427 1226 (Anca
446 1155 531 1229 Rau,
556 1156 681 1215 «Liber
699 1156 732 1216 S.
752 1159 866 1230 Rotae,
885 1176 917 1216 n.
936 1159 999 1232 2»,
1016 1169 1048 1234 p.
1058 1160 1201 1220 126-127
1220 1163 1303 1234 ssa).

718 1352 790 1428 Die
818 1354 914 1428 Iovis
949 1379 961 1428 1
997 1355 1123 1430 Martii
1156 1379 1267 1450 1714.

326 1601 492 1677 Hilarius
519 1603 556 1675 in
593 1605 670 1677 suis
703 1604 852 1700 scriptis
887 1605 1078 1702 allegabat
1116 1605 1260 1680 Bullam
1294 1633 1323 1682 s.
1355 1634 1402 1684 m.
1435 1607 1537 1682 Pauli
1564 1607 1599 1678 V
1627 1607 1662 1680 la
1693 1625 1759 1700 71·

244 1726 384 1800 editam
420 1752 536 1824 super
570 1729 834 1804 reformatione
871 1729 972 1805 Trib.
1001 1731 1057 1805 tit.
1088 1731 1136 1804 de
1173 1733 1346 1807 Auditor.
1379 1733 1501 1807 Rotae
1536 1759 1569 1809 n.
1606 1757 1652 1826 14
1681 1732 1745 1805 ubi

245 1851 456 1946 disponitur
483 1851 576 1926 ibi-
596 1851 744 1927 Causae
771 1855 946 1950 propriae
965 1855 1193 1929 Auditorum
1220 1868 1261 1931 et
1282 1879 1413 1929 eorum
1435 1855 1672 1930 Familiarum
1700 1881 1746 1930 ac

248 1973 624 2074 Consanguineorum
643 1976 701 2052 vel
728 1979 893 2052 affinium
913 2004 1035 2076 usque
1062 1980 1112 2054 ad
1142 1986 1208 2054 2¹¹¹ln
1227 1981 1386 2079 gradum
1416 1981 1519 2054 iuxta
1546 1983 1603 2055 ius
1623 1981 1746 2056 Cano·

248 2100 369 2174 nicum
397 2103 703 2196 computandum,
733 2127 808 2178 non
836 2119 1113 2202 cognoscantur
1131 2105 1167 2176 in
1197 2105 1297 2179 Rota
1324 2131 1421 2180 -ac
1448 2107 1629 2180 acerrime
1661 2123 1747 2181 tue·

248 2227 359 2302 batur
385 2226 507 2300 locum
536 2253 622 2300 esse
655 2227 848 2325 praefatae
885 2227 1015 2303 Bullae
1051 2253 1099 2302 eo
1134 2230 1223 2326 quia
1251 2230 1299 2306 D.
1332 2233 1474 2306 Marius
1504 2209 1746 2306 Falconerius
1843 2213 1844 2252 ³

220 2369 224 2375 ·
247 2366 352 2424 esset
371 2350 504 2446 Nepos
522 2377 569 2426 ex
589 2352 722 2427 Fratre
742 2354 786 2428 R.
810 2354 846 2428 P.
872 2353 918 2428 D.
942 2354 1147 2430 Falconerii
1165 2356 1202 2428 in
1222 2357 1322 2430 Rota
1343 2357 1521 2430 sedentis.
1543 2356 1746 2455 Signatura

248 2490 376 2549 tamen
403 2476 526 2550 innixa
555 2477 653 2573 stylo
671 2476 801 2552 Bullae
821 2479 1008 2553 contrario
1027 2495 1067 2553 et
1094 2480 1176 2554 viso
1196 2480 1362 2556 Decreto
1387 2481 1493 2554 SSmi
1523 2482 1570 2556 D.
1592 2481 1640 2556 N.
1659 2479 1746 2555 cte-

249 2601 384 2674 mentis
404 2601 528 2698 Papae
548 2598 602 2674 XI
621 2619 795 2676 emanato
815 2605 862 2676 de
881 2628 979 2677 anno
1002 2626 1097 2697 ¹702
1120 2605 1157 2678 in
1177 2630 1253 2702 quo
1273 2631 1458 2703 suspensa
1479 2605 1680 2680 Decisione
1699 2629 1745 2678 an
1843 2667 1844 2688 ,

249 2748 386 2798 causae
413 2725 640 2800 Auditorum
668 2742 708 2801 et
735 2728 1098 2826 consanguineorum
1126 2744 1197 2806 etc.
1228 2730 1391 2804 debeant
1419 2753 1488 2804 nec
1516 2755 1562 2804 ne
1580 2731 1617 2804 in
1647 2731 1744 2804 Rota

249 2852 437 2946 cognosci,
459 2851 628 2947 permisit
650 2852 747 2926 idem
770 2852 914 2926 SSrirus
933 2871 975 2926 ut
997 2869 1213 2929 servaretur
1232 2857 1393 2941 solitum,
1415 2857 1625 2952 rescripsit:
1695 2857 1747 2929 aa'
1843 2847 1844 2870 .

251 2977 398 3051 Rotam.

956 3228 1047 3308 395.

251 3387 413 3463 Publicis
440 3389 636 3463 Auditarz's
662 3389 764 3464 electi
787 3389 1091 3489 disputationibus
1120 3389 1338 3466 Cardinales
1369 3391 1428 3464 vel
1460 3417 1584 3464 caram
1611 3391 1744 3464 adsunt
1843 3495 1844 3498 Ἴ

330 3514 388 3588 vel
405 3525 611 3612 persuum
641 3515 814 3588 Aulicum
840 3514 1064 3588 urbanitatis
1089 3515 1210 3612 officia
1237 3515 1392 3616 explent.
1843 3511 1844 3530 ¹

331 3669 446 3742 (Anca.
466 3669 551 3741 Ron,
576 3667 701 3727 «Liber
719 3669 752 3728 S.
772 3671 887 3744 Rotae,
905 3689 937 3730 n.
956 3671 1019 3746 2»,
1035 3677 1068 3746 p.
1081 3669 1165 3741 138).

696 3869 768 3945 Die
798 3871 932 3944 Martis
965 3893 984 3964 7
1014 3871 1172 3945 Ianuarii
1207 3875 1319 3964 1716.

334 4029 382 4108 D.
413 4031 573 4108 Ioannes
601 4030 649 4105 de
670 4031 836 4106 Herrera
857 4031 1051 4129 Hispanus
1071 4031 1155 4105 Sac.
1177 4033 1299 4105 Rotae
1318 4031 1482 4105 Auditor
1501 4030 1741 4114 Candidatus,

251 4155 431 4230 hodierna
459 4155 519 4228 die
543 4155 710 4251 publicas
740 4157 1011 4231 Conclusiones
1029 4157 1065 4229 in
1094 4153 1327 4230 Cancelfaria
1354 4155 1567 4240 substinuit,
1588 4179 1742 4254 arguen-

252 4282 352 4355 tibus
381 4281 462 4354 RR.
494 4281 561 4357 ΡΡ.
593 4279 681 4355 DD.
712 4281 889 4366 Foscaro,
919 4281 1086 4356 Althann
1119 4296 1158 4354 et
1186 4279 1400 4355 Gamaches
1427 4282 1464 4354 in
1492 4305 1614 4378 eaque
1641 4281 1743 4354 inter·

253 4405 401 4479 fuerunt
427 4429 558 4479 omnes
587 4406 670 4480 Em
697 4406 917 4480 Cardinales
945 4407 980 4479 in
1010 4406 1115 4482 Urbe
1144 4422 1375 4502 praesentes,
1397 4405 1565 4501 exceptis
1592 4403 1742 4502 illisqui

253 4532 303 4604 ob
330 4530 465 4603 malam
485 4530 737 4605 valetudinem
766 4532 868 4607 dorni
886 4532 1029 4606 detenti
1048 4530 1342 4628 reperiebantur,
1363 4556 1385 4603 a
1404 4529 1541 4625 quibus
1569 4546 1693 4604 tamen
1711 4530 1741 4601 in

233 4687 234 4692 ¹
253 4654 354 4727 Aula
382 4653 635 4732 Cancellariae
662 4681 731 4753 per
750 4656 911 4731 nobilem
940 4656 1115 4730 Aulicum
1134 4655 1298 4729 Auditor
1317 4654 1550 4728 Candidatus
1570 4655 1618 4728 de
1637 4655 1741 4749 impe·

252 4777 419 4853 dimento
456 4795 580 4853 certus
617 4779 684 4854 fuit
725 4779 858 4868 factus,
894 4796 933 4854 et
975 4780 1096 4854 solum
1134 4781 1251 4854 enus
1294 4777 1503 4853 Cardinalis
1539 4779 1740 4875 Episcopus

253 4901 561 5001 Osnaburgensis
589 4903 814 4993 Germanus,
835 4907 892 4979 cui
915 4905 1021 4979 sicuti
1046 4905 1210 4979 Auditor
1230 4903 1465 4978 Candidatus
1492 4918 1650 5000 propter
1674 4925 1739 4976 non

252 5027 374 5102 adhuc
409 5029 634 5104 exctinctum
668 5030 877 5105 incendium
914 5030 1001 5105 belli
1038 5032 1134 5104 inter
1162 5029 1404 5104 Germaniam
1437 5044 1475 5102 et
1514 5027 1736 5125 Hispaniam,

252 5151 522 5227 Conclusiones
541 5154 577 5227 in
592 5154 672 5227 eius
688 5153 826 5250 palatio
841 5179 915 5229 non
930 5155 1106 5238 exhibuit,
1123 5154 1209 5228 ideo
1228 5155 1350 5227 dictus
1371 5153 1487 5226 Emus
1506 5149 1739 5248 disputationi

253 5302 327 5350 non
355 5277 530 5365 interfuit,
552 5304 619 5352 nec
638 5293 790 5352 assueta
810 5279 1029 5353 urbanitatis
1048 5279 1169 5352 officia
1191 5305 1260 5376 per
1278 5279 1360 5353 eius
1381 5275 1553 5351 Aulicum
1572 5277 1736 5373 explevit.
