3686 5916
246 285 301 344 602
862 285 1000 345 Soeculo
1018 285 1144 347 XVIII

247 477 405 550 Damasi
432 503 502 574 pro
531 479 759 553 Auditorum
788 480 860 551 iam
879 479 955 552 vita
973 477 1183 552 iunctorum
1203 479 1383 576 exequiis,
1404 497 1521 576 atque
1540 479 1740 577 suffragiis:
1827 499 1828 556 ξ

246 601 354 675 Sedis
383 621 581 698 praeterea
607 602 774 675 vacantis
803 619 974 698 tempore
1002 603 1185 676 Rotarum
1216 602 1412 678 Conclavis
1440 604 1638 678 custodiae
1660 628 1742 676 cum

246 725 325 798 aliis
355 751 423 822 per
450 726 568 798 vicem
596 727 801 801 interesse:
830 754 915 800 cum
953 730 1044 824 ipsis
1072 753 1224 826 quoque
1252 730 1288 801 in
1317 728 1486 817 solemni,
1516 755 1560 802 ac
1596 729 1743 825 publico

246 849 388 923 Summi
426 850 612 924 Pontificis
649 853 826 925 comitatu
869 855 1051 948 equitare,
1093 879 1159 926 nec
1203 880 1276 928 non
1314 855 1511 929 cuiuslibet
1548 852 1743 928 Auditoris

245 975 374 1062 funeri,
413 992 453 1050 et
486 977 665 1072 exequiis,
703 979 939 1074 caeterisque
976 981 1127 1052 demum
1165 979 1438 1054 Ecclesiasticis
1476 979 1743 1054 Funetionibus

244 1126 328 1173 cum
357 1099 512 1196 publicis
547 1116 625 1173 tum
660 1103 824 1197 privatis,
856 1104 905 1176 ad
937 1103 1035 1176 idem
1067 1102 1280 1201 Collegium
1313 1104 1447 1201 quovis
1481 1106 1598 1178 modo
1631 1103 1743 1199 perti·

244 1225 427 1311 nentibus,
459 1251 610 1320 semper
637 1227 772 1299 adesse
801 1229 983 1324 (exceptis
1012 1242 1137 1302 tamen
1167 1229 1323 1314 Iudiciis,
1355 1254 1527 1304 necnon
1562 1230 1743 1324 Disputa-

244 1349 407 1422 tionibus
435 1351 471 1421 in
501 1349 600 1422 Aula
630 1350 883 1425 Cancellariae
906 1352 1162 1447 Apostolicae‚
1184 1369 1300 1449 atque
1327 1354 1408 1427 aliis
1437 1353 1612 1428 omnibus
1641 1352 1742 1434 actis,

242 1499 341 1569 quae
369 1474 509 1557 haberi,
539 1474 598 1548 vel
626 1475 704 1548 fieri
739 1477 862 1550 solent
895 1478 944 1551 ab
981 1478 1167 1551 Auditore
1206 1480 1352 1552 noviter
1388 1479 1534 1576 electo).
1567 1477 1743 1552 Vicissim

242 1625 333 1672 vero
370 1599 418 1670 ad
460 1601 640 1696 exequias
682 1601 799 1696 ipsius
836 1601 938 1675 Sacri
978 1602 1106 1676 Palatii
1143 1602 1354 1701 Apostolici
1392 1604 1566 1702 Magistri
1607 1605 1744 1677 adesse

242 1723 409 1797 debeant
435 1723 554 1820 iisque
582 1726 766 1800 adsistere
803 1727 984 1822 praedicti
1022 1725 1227 1802 Auditores
1263 1728 1517 1827 collegialiter,
1548 1744 1591 1802 ut
1627 1731 1742 1812 aiunt,

242 1849 323 1922 sine
351 1847 505 1922 alterius
533 1872 719 1944 personae
748 1851 909 1925 cuiusvis
942 1852 1221 1928 commixtione:
1253 1851 1455 1926 Caeterum
1483 1879 1532 1926 ex
1558 1853 1743 1926 eiusmodi

243 1999 311 2068 per
340 1972 421 2046 Nos
458 1974 676 2048 confirmata
714 1977 848 2049 unione
885 1993 1000 2072 atque
1034 1977 1320 2076 aggregatione,
1353 1978 1400 2050 nil
1428 1978 1602 2053 volumus
1637 1980 1743 2050 inno

243 2113 382 2184 vatum,
413 2098 470 2171 vel
499 2097 707 2172 detractum
737 2102 785 2175 de
818 2101 1068 2200 singularibus
1105 2103 1247 2198 gratiis,
1278 2119 1318 2175 et
1349 2101 1552 2199 privilegiis
1586 2103 1742 2196 quibus-

242 2247 404 2318 cumque
432 2238 510 2295 tum
537 2224 658 2297 Rotae
678 2226 936 2310 Auditoribus,
959 2241 1039 2301 tum
1059 2226 1097 2299 S.
1120 2226 1159 2302 P.
1180 2231 1228 2303 A.
1249 2228 1442 2326 Magistris
1462 2228 1498 2299 in
1519 2227 1597 2300 suis
1618 2251 1741 2322 respe-

241 2347 338 2422 ctive
366 2349 581 2423 muneribus
610 2365 648 2423 et
676 2351 804 2424 officiis
833 2351 1146 2448 competentibus.

323 2475 357 2547 8.
389 2474 429 2545 ln
457 2475 602 2546 Iudiciis
629 2492 768 2559 autem,
791 2490 906 2572 atque
925 2476 960 2548 in
982 2477 1141 2550 iustitiae
1161 2477 1483 2551 administratione
1502 2479 1738 2560 servandam,

242 2611 357 2692 atque
385 2613 602 2671 constanter
628 2602 889 2695 exequendam
919 2601 1091 2674 volumus
1119 2603 1155 2675 in
1183 2603 1377 2698 praedicto
1405 2602 1608 2677 Auditorio
1644 2601 1740 2676 anti·
1827 2639 1828 2642 ¹

240 2746 354 2817 quam
384 2722 567 2796 iudicandi
601 2725 820 2799 methodum
848 2750 871 2798 a
900 2740 1109 2800 memorato
1138 2727 1435 2802 Praedecessore
1474 2727 1618 2800 Nostro
1655 2725 1741 2800 Cle·
1827 2759 1828 2772 ,

240 2841 366 2920 mebte
396 2845 483 2919 XIII
512 2849 733 2934 restitutam,
766 2874 833 2922 nec
862 2873 935 2923 non
963 2853 1118 2946 praxim,
1149 2877 1253 2938 usus,
1281 2869 1321 2925 et
1348 2852 1644 2925 consuetudines
1673 2877 1740 2948 pro
1827 2849 1828 2866 ¹

238 2971 407 3044 eiusdem
436 2971 621 3048 Auditorii
649 2999 692 3046 ac
720 2974 930 3048 Tribunalis
956 2974 1148 3072 regimine,
1174 2976 1252 3050 sive
1280 2977 1438 3062 interno,
1460 2979 1539 3050 sive
1567 2994 1736 3060 externo,

239 3098 367 3192 probe,
389 3123 433 3169 ac
460 3096 695 3171 laudabiliter
723 3099 912 3186 inductas;
944 3100 994 3172 Et
1022 3101 1261 3187 servandum,
1290 3100 1605 3197 retinendumque
1634 3125 1738 3197 prae-

239 3222 368 3296 sertim
407 3223 654 3319 praecipimus
691 3225 867 3319 quicquid
895 3225 931 3295 in
960 3223 1300 3298 Constitutionibus
1334 3225 1561 3299 Nostrorum
1598 3225 1739 3322 pariter

240 3346 576 3420 Praedecessorum
605 3347 780 3446 Gregorii
814 3347 868 3420 XI
895 3364 934 3422 et
962 3347 1065 3422 Pauli
1093 3349 1127 3420 V
1155 3351 1366 3424 continetur
1393 3350 1489 3423 circa
1519 3369 1737 3447 competen-

239 3483 316 3542 tem
344 3471 466 3544 eidem
486 3471 685 3545 Auditorio
712 3471 973 3546 auctoritatem
1000 3472 1038 3546 in
1065 3473 1251 3569 personas
1269 3473 1553 3548 Advocatorum
1582 3491 1622 3546 et
1652 3475 1737 3546 Pro-

241 3611 457 3671 curatorum
477 3611 517 3669 et
537 3595 739 3669 Curialium
759 3621 871 3692 quam
889 3596 970 3670 Nos
985 3598 1117 3670 iterum
1132 3598 1167 3670 ei
1181 3599 1418 3672 concedimus
1432 3616 1473 3673 et
1485 3598 1738 3695 impertimur;

239 3719 288 3792 Et
316 3744 433 3794 novas
462 3721 624 3817 insuper,
646 3735 833 3816 quatenus
861 3746 958 3817 opus
986 3722 1045 3808 sit,
1065 3721 1263 3796 facultates
1289 3723 1541 3820 adiungimus,
1562 3739 1644 3796 tum
1669 3745 1736 3819 pro

238 3843 476 3929 admissione,
498 3862 537 3917 et
564 3844 837 3940 adprobatione
857 3846 1013 3932 illorum,
1035 3847 1100 3942 qui
1119 3847 1178 3920 vel
1197 3849 1294 3921 inter
1311 3848 1542 3934 Advocatos,
1564 3864 1605 3921 et
1624 3849 1736 3922 Rota·

237 3969 326 4044 lium
355 3969 565 4043 Causarum
596 3969 776 4044 Patronos
804 3997 872 4044 seu
903 3971 1170 4046 Procuratores
1188 3972 1348 4046 adscribi
1367 3973 1517 4056 volunt;
1537 3990 1580 4046 ut
1599 3973 1739 4047 scilicet

237 4092 392 4178 admitti,
414 4110 454 4166 et
481 4091 681 4188 adprobari
709 4093 732 4166 ii
761 4097 1022 4168 tantummodo
1050 4114 1276 4184 mereantur,
1296 4099 1358 4194 qui
1388 4098 1566 4184 doctrina,
1589 4123 1735 4170 morum

238 4220 447 4304 honestate,
470 4217 625 4313 aliisque
644 4218 796 4292 arbitrio
815 4220 1027 4294 Tribunalis
1048 4221 1270 4295 necessariis
1289 4222 1530 4317 qualitatibus
1549 4223 1734 4318 polleant;

237 4359 316 4416 tum
346 4342 458 4416 etiam
487 4367 557 4440 pro
585 4343 853 4438 praefinitione,
883 4369 928 4418 ac
955 4347 1250 4442 praescriptione
1285 4349 1512 4444 regularum,
1542 4365 1582 4420 et
1619 4349 1734 4420 refor-

236 4467 453 4551 mationum,
492 4486 601 4564 prout
637 4467 797 4554 occasio,
831 4494 875 4542 ac
911 4470 1175 4565 opportunitas
1211 4471 1315 4556 feret,
1356 4473 1451 4547 circa
1488 4475 1655 4557 modum,
1692 4496 1734 4543 ac

236 4592 361 4666 stilum
390 4593 584 4679 scribendi,
606 4593 800 4676 tractandi,
822 4608 937 4688 atque
965 4594 1104 4691 agendi
1131 4596 1167 4666 in
1195 4596 1338 4683 causis;
1369 4612 1447 4670 tum
1476 4597 1640 4692 denique
1665 4621 1733 4692 pro

203 4717 454 4792 ‘eorumdem
484 4715 776 4800 Advocatorum,
806 4731 845 4789 et
874 4717 1133 4806 Patronorum,
1163 4743 1230 4792 seu
1261 4720 1559 4804 Procuratorum,
1584 4721 1733 4816 quoties

235 4843 437 4939 praefinitis
464 4860 504 4917 et
530 4845 772 4940 praescriptis
801 4842 967 4940 Legibus
995 4846 1077 4917 ausi
1104 4845 1243 4919 luerint
1265 4847 1459 4934 contraire,
1489 4849 1729 4928 correctione,

234 4993 278 5041 ac
306 4967 497 5063 punitione
525 4993 609 5041 cum
637 4965 768 5063 poenis
797 4969 913 5062 ipsius
943 4968 1128 5044 Auditorii
1156 4971 1310 5044 arbitrio
1338 4970 1543 5069 infligendis
1571 4995 1616 5044 ac
1644 4972 1732 5044 sub

235 5093 379 5168 eundis.
1197 5076 1201 5082 ¹

316 5242 351 5309 9.
383 5217 480 5290 Cum
508 5242 599 5291 vero
627 5219 676 5290 ab
703 5217 812 5291 huius
849 5217 1060 5292 Tribunalis
1099 5220 1225 5305 decus,
1269 5236 1308 5294 et
1345 5211 1616 5307 ornamentum,
1656 5243 1728 5294 non

233 5344 415 5418 tuendum
444 5341 566 5428 modo,
599 5342 808 5416 sedetiam
847 5342 1147 5439 amplificandum
1184 5345 1345 5418 maxime
1386 5346 1554 5420 conserat
1596 5345 1728 5421 Homi-
