3688 5924
845 227 981 332 soecu'a
1000 271 1092 333 xnr

939 498 1003 576 41.

224 659 397 734 Urbanus
411 659 480 733 IV
485 657 762 758 appellationem
779 685 803 731 o
821 659 996 732 sententia
1006 657 1207 732 Bernardi
1221 659 1360 759 lepori,
1377 658 1578 758 Capellani,
1595 661 1715 734 Audi·

298 785 399 871 toris,
437 784 624 858 committit
649 783 831 858 Michaeli
854 783 898 857 de
930 783 969 857 T
963 784 1086 858 lzoloso
1117 783 1324 883 Capellam,
1354 785 1542 870 Anditmi
1572 785 1716 861 erduic

298 909 445 983 interim
468 919 633 1006 promoto
659 908 715 981 od
738 907 896 1004 officinm
921 908 1253 997 Vno-Camellarii,
1273 910 1451 1009 subrogat
1465 909 1713 986 cardinalem.

298 1081 392 1152 (Rae.
411 1079 503 1153 Vna,
523 1079 580 1150 29,
596 1079 661 1154 fol.
681 1079 728 1137 45
746 1094 850 1154 verso,
868 1095 901 1136 n.
920 1079 964 1138 98
973 1098 984 1148 ,·
1004 1079 1026 1138 l.
1045 1079 1205 1154 Gutunuo,
1227 1097 1260 1138 n.
1278 1080 1385 1152 1049).

367 1265 465 1338 Sane
491 1265 624 1362 petitio
652 1279 717 1337 tua
745 1264 854 1338 nobis
881 1264 1045 1338 exhibita
1072 1263 1288 1338 continebat
1314 1265 1465 1360 quod...
1487 1291 1603 1362 super
1629 1289 1719 1364 pro-

217 1390 360 1465 visione
389 1392 485 1464 laeta
512 1389 578 1462 tibi
613 1389 836 1463 auctoritate
865 1389 964 1462 sedis
993 1386 1246 1486 apostolice...
1277 1405 1360 1464 orta
1396 1387 1531 1465 suisset
1562 1391 1719 1466 materia

217 1517 435 1614 questionis,
453 1531 492 1588 et
510 1540 580 1613 per
593 1512 885 1610 appellationem
905 1512 955 1587 ad
974 1513 1104 1587 sedern
1119 1515 1276 1588 eandem
1295 1514 1507 1614 huiusmodi
1526 1515 1719 1616 negotium

215 1640 373 1736 legitime
390 1638 605 1724 devolutum,
623 1639 781 1744 dilectus
810 1636 905 1712 filius
921 1636 1107 1736 Magister
1124 1637 1338 1713 Bernardus
1357 1639 1527 1736 lspanus,
1549 1625 1720 1736 Capella·

218 1789 288 1839 nus
318 1780 455 1850 noster,
477 1765 647 1860 partibus
675 1786 699 1836 a
726 1763 833 1836 nobis
862 1787 978 1860 super
999 1762 1071 1836 hoc
1098 1761 1210 1838 datus
1237 1763 1397 1852 auditor,
1419 1763 1578 1862 cognitis
1605 1789 1721 1838 cause

217 1889 359 1963 meritis
386 1905 425 1962 et
453 1888 542 1961 iuris
570 1889 700 1963 ordine
729 1889 943 1974 observato,
965 1887 1194 1961 diffinitivam
1223 1911 1291 1983 pro
1312 1903 1349 1962 te
1369 1887 1613 1988 promulgans
1638 1914 1720 1962 sen·
1833 1981 1834 1984 Ἴ

218 2013 420 2089 tentiam...
447 2038 471 2086 a
498 2035 573 2111 qua
602 2012 790 2086 sententia
816 2025 1039 2108 procurator
1065 2012 1285 2086 eorumdem
1313 2012 1460 2088 abbatis
1488 2029 1528 2086 et
1554 2011 1720 2109 Capituli
1833 2019 1834 2032 ³

218 2139 448 2237 (adversarii)
461 2136 692 2235 appellatum
704 2196 758 2224 ...,
772 2136 909 2211 dilecto
923 2137 997 2211 filio
1012 2137 1195 2236 magistro
1210 2137 1391 2224 Michaeli,
1410 2135 1721 2212 Vicecancellade

219 2277 438 2338 sacrosante
467 2262 638 2337 Romane
673 2262 843 2348 ecclesie,
874 2278 963 2336 tunc
991 2261 1197 2360 Capellano
1229 2275 1371 2349 nostro,
1402 2285 1554 2336 causam
1588 2261 1722 2358 appel-

217 2387 366 2463 lationis
401 2387 612 2461 huiusmodi
640 2411 664 2459 a
691 2387 799 2460 nobis
826 2386 986 2462 obtinuit
1018 2386 1209 2462 committi.
1240 2385 1379 2461 Coram
1408 2411 1484 2489 quo
1512 2386 1576 2460 lite
1604 2411 1721 2484 super

218 2515 288 2588 hoc
322 2513 506 2610 legittime
534 2525 758 2595 contestata,
789 2528 829 2585 et
855 2510 988 2585 eodem
1019 2511 1205 2610 Magistro
1234 2508 1451 2614 M[ichaele]
1489 2509 1634 2586 interim
1671 2513 1721 2585 ad

218 2635 379 2711 officium
414 2636 727 2711 Vicecancellarie
771 2653 898 2710 nostre
940 2651 1125 2733 promoto,
1166 2660 1235 2711 nos
1277 2635 1428 2710 demum
1466 2633 1603 2709 dilecto
1643 2634 1720 2708 filio

218 2777 350 2834 nostro
370 2760 395 2836 l.
418 2777 547 2836 sancte
568 2760 619 2836 M.
641 2761 677 2832 in
702 2759 895 2834 Cosmidin
924 2761 1080 2834 diacono
1109 2759 1295 2847 cardinali,
1327 2784 1478 2833 causam
1507 2758 1721 2833 huiusmodi

217 2883 470 2960 commisimus
498 2885 772 2961 audiendam...

367 3009 507 3083 Coram
535 3009 653 3095 vobis,
684 3011 867 3107 magistro
895 3009 1091 3084 Bernardo
1109 3009 1278 3107 Yspano,
1300 3008 1439 3084 domini
1466 3035 1565 3108 pape
1585 3006 1721 3107 Capel-

217 3133 314 3221 lano,
344 3135 394 3208 ab
420 3135 556 3207 eodem
582 3133 736 3208 domino
762 3133 933 3230 partibus
953 3133 1138 3209 Auditore
1167 3158 1395 3210 concesso...

351 3257 491 3332 Coram
510 3259 628 3342 vobis,
650 3259 833 3354 magistro
848 3257 1031 3333 Michaele
1049 3257 1098 3333 de
1112 3256 1290 3345 Tholosa,
1311 3259 1451 3333 domini
1465 3282 1564 3356 pape
1580 3257 1722 3356 Capel-
1833 3307 1834 3332 i

216 3382 304 3458 lano
331 3408 375 3457 ac
404 3383 520 3479 ipsius
547 3384 674 3480 palatii
703 3408 899 3458 causarum
927 3384 1094 3482 generali
1122 3383 1353 3460 Auditore...
1384 3403 1454 3459 etc.

940 3646 1003 3728 42.

226 3813 398 3888 Urbanas
426 3813 455 3886 I
457 3815 493 3888 V
505 3814 545 3887 in
573 3838 684 3886 caasa
712 3811 930 3885 Auditmem
957 3812 1024 3886 dat
1049 3809 1281 3910 Magistrum
1313 3809 1538 3909 Gregorium
1554 3813 1599 3886 de
1617 3813 1721 3887 Nea-

290 3937 381 4036 poli,
416 3937 655 4037 Caprllanam
681 3961 789 4010 sunm
815 3945 850 4010 et
867 3935 1011 4036 palatii
1033 3962 1232 4010 cansarum
1254 3936 1465 4034 generalem
1484 3937 1716 4025 Anddorem,

297 4063 365 4162 qni
396 4063 464 4137 dat
498 4062 708 4162 rogatorias
745 4061 873 4148 tribus,
903 4061 943 4136 in
978 4062 1158 4160 dignitate
1184 4060 1395 4136 Mediolani
1425 4061 1636 4150 conste'tntir,
1664 4063 1722 4136 od

298 4183 527 4263 excutiendos
544 4188 685 4286 olianot
710 4197 833 4262 asos:
851 4189 996 4262 &salus
1014 4187 1217 4288 productis,
1246 4187 1340 4261 idem
1365 4185 1538 4262 Urbanus
1556 4187 1586 4260 I
1586 4187 1625 4262 V
1632 4213 1718 4262 ,can-

297 4339 379 4387 sam
404 4313 628 4387 audiendam
654 4321 690 4385 et
714 4297 985 4386 terminandam
1019 4313 1063 4388 U.
1094 4311 1261 4386 Diacono
1290 4309 1491 4386 cardinali
1513 4311 1719 4386 commita't:

298 4467 323 4514 a
349 4464 419 4537 qno
446 4463 526 4512 cnm
544 4437 767 4538 appellatum
783 4435 919 4530 merit,
945 4462 1094 4510 cansam
1110 4434 1364 4536 appellationis
1381 4433 1494 4509 erilem
1516 4433 1720 4510 Cardinali

294 4555 332 4638 'et
348 4561 527 4662 Episcopo
544 4561 739 4636 Sabenensi
753 4586 878 4635 coram
895 4585 965 4658 qno
976 4571 1108 4662 parles
1129 4559 1304 4635 iudanam
1315 4570 1603 4660 prosequuntur,
1624 4586 1716 4634 corn·

297 4689 417 4764 mittit.

295 4844 388 4916 (nm.
407 4844 495 4914 vm,
514 4843 568 4910 29,
585 4842 650 4917 soz.
669 4842 722 4916 oo,
741 4859 773 4902 n.
793 4841 858 4902 158
866 4862 876 4908 .·
901 4843 922 4902 1.
941 4842 1101 4916 animun,
1120 4847 1196 4901 tom.
1215 4841 1279 4915 Jn,
1298 4859 1330 4901 n.
1349 4842 1451 4914 1109).

1253 4983 1331 5058 lost,
1349 4983 1419 5044 iulii
1440 4982 1482 5058 12,
1500 4983 1713 5044 Urbevetere.

363 5262 371 5279 .
430 5264 439 5279 .
498 5263 505 5277 .
563 5263 571 5279 .
631 5263 638 5278 .
697 5263 703 5278 .
763 5204 895 5302 petitio
922 5217 987 5277 tua
1015 5203 1123 5278 nobis
1159 5203 1325 5278 exhibita
1361 5202 1574 5278 continebat
1610 5203 1715 5298 quod

217 5355 287 5404 nos
305 5329 340 5402 in
360 5352 475 5402 causa
493 5353 569 5425 que
588 5328 686 5402 inter
703 5344 741 5402 te
759 5345 799 5402 et
817 5327 1017 5402 Albertum
1035 5328 1084 5402 de
1105 5327 1298 5415 Buxinate,
1320 5327 1546 5402 ordinarium
1569 5327 1717 5401 Medio-
