3708 5918
777 350 923 410 Martr'no
950 351 977 410 V
1563 345 1617 406 103

112 539 285 636 privetur
312 542 612 639 quibuscumque
640 541 780 629 officiis,
812 567 909 638 quae
937 543 973 615 in
1001 541 1101 617 dicta
1129 541 1243 616 Curia
1279 539 1470 624 obtinebit,
1501 553 1541 612 et
1567 538 1617 612 ab

114 665 250 739 eadem
280 665 394 740 Curia
421 682 607 763 perpetuo
634 667 682 741 sit
710 668 955 764 proscriptus,
986 692 1130 741 necnon
1158 667 1194 740 in
1223 665 1438 763 quingentis
1466 661 1618 737 florenis

115 791 197 864 auri
223 789 273 862 dc
303 787 474 878 Camera,
504 815 573 887 per
599 791 723 887 ipsum
751 791 1035 866 eleemosinario
1063 791 1223 864 Romani
1251 789 1437 863 Pontificis
1470 785 1619 860 realiter

116 914 311 988 tradendis
338 915 440 988 etin
468 941 559 989 usus
587 939 796 1011 pauperum
823 917 1100 1003 convertendis,
1130 914 1417 1000 condemnetur;
1447 927 1486 986 et
1519 909 1617 985 idem

115 1039 290 1113 volumus
318 1039 366 1115 de
393 1040 692 1136 quibuscumque
720 1039 873 1114 notariis
901 1063 1224 1137 quorumcumque
1253 1037 1504 1123 cardinalium,
1525 1034 1619 1109 iudi-

117 1188 201 1238 cum
229 1179 268 1236 et
296 1162 633 1238 commissariorum
662 1165 696 1236 in
727 1163 841 1238 Curia
868 1189 939 1261 pro
967 1181 1139 1260 tempore
1157 1163 1434 1259 deputatorum,
1466 1157 1618 1234 inviola-

117 1288 240 1363 biliter
266 1288 469 1364 observari.

197 1416 298 1510 §ao
329 1412 389 1499 Et,
421 1412 667 1501 nihilominus,
698 1416 802 1510 quod
831 1414 918 1488 dicti
951 1415 1083 1489 notarii
1112 1413 1148 1486 in
1174 1412 1369 1487 exactione
1397 1409 1616 1484 salariorum

115 1563 270 1615 suorum
298 1538 510 1612 taxationes
538 1563 607 1636 pro
636 1540 714 1613 suis
741 1539 981 1637 processibus
1009 1555 1049 1614 et
1076 1539 1270 1636 scripturis
1298 1539 1334 1612 in
1362 1561 1477 1610 causa
1495 1535 1617 1610 huius·

114 1663 228 1750 modi,
256 1679 365 1738 taxas
393 1687 508 1759 super
535 1663 605 1738 hoc
633 1665 825 1745 ordinatas
853 1690 922 1762 per
949 1665 1089 1738 dictum
1109 1665 1309 1738 Iohannem
1330 1660 1441 1734 XXll
1464 1682 1616 1734 servare

112 1803 333 1875 tenetentum
363 1789 467 1884 quod
496 1788 527 1862 si
554 1788 652 1862 ultra
680 1789 818 1864 dictam
846 1806 973 1863 taxam
1000 1788 1141 1885 aliquid
1168 1789 1342 1885 petierint
1369 1801 1435 1860 aut
1463 1809 1617 1882 recepe·

112 1912 198 2000 rint,
229 1936 344 2009 super
370 1937 528 1987 excessu
557 1912 768 1986 huiusmodi
787 1913 836 1987 ad
856 1912 1208 1989 Vicecanccllarium
1234 1938 1301 1986 seu
1330 1911 1411 1986 eius
1439 1909 1615 1986 locumte-

113 2050 267 2110 nentem
295 2036 526 2132 praedictum
556 2063 670 2134 super
697 2039 769 2112 hoc
796 2038 961 2112 habeant
987 2063 1191 2125 recursum,
1213 2036 1287 2134 qui,
1308 2035 1452 2110 vocatis
1480 2035 1516 2107 in
1543 2032 1615 2108 hoc

112 2162 255 2257 peritis,
285 2184 465 2234 excessus
492 2161 706 2259 praedictos
734 2163 837 2237 iuxta
874 2165 1084 2237 taxationes
1120 2162 1333 2260 praedictas
1364 2159 1413 2233 ad
1446 2153 1614 2234 debitum

113 2285 269 2360 reducat
296 2284 551 2373 moderamen,
580 2302 620 2360 et
648 2288 889 2362 medietatem
921 2287 1041 2374 huius,
1071 2287 1175 2384 quod
1205 2285 1398 2360 excessive
1426 2283 1611 2380 petierint,

110 2434 136 2482 a
166 2408 321 2484 notariis
348 2411 503 2508 exigant
530 2411 566 2482 in
594 2435 685 2483 usus
712 2435 921 2508 pauperum
949 2412 1250 2486 convertendam.
1304 2435 1307 2444 ¹

195 2535 214 2630 ξ
244 2555 303 2628 27.
335 2532 526 2631 Quodque
562 2558 633 2631 pro
666 2534 914 2622 citationibus,
953 2534 1223 2632 compulsoriis,
1253 2552 1292 2609 et
1323 2531 1612 2618 inhibitionibus,

110 2659 273 2732 decretis
287 2659 323 2731 in
338 2659 519 2754 partibus,
534 2660 811 2755 procuratoriis,
827 2647 1095 2745 instrumerltis,
1106 2658 1386 2734 remissionibus
1404 2659 1453 2732 ad
1473 2671 1612 2754 partes,

111 2784 449 2858 examinationibus
475 2785 639 2870 testium,
670 2801 710 2858 ct
737 2785 1034 2882 quibuscumque
1062 2785 1141 2859 aliis
1170 2784 1363 2880 scripturis
1390 2783 1448 2856 bis
1467 2779 1615 2877 scriptis

113 2906 152 2980 in
180 2933 371 3004 processu,
403 2909 471 2982 nisi
499 2909 617 2982 semel
645 2909 841 2984 dumtaxat
869 2925 1055 2998 taxentur,
1085 2933 1207 3006 neque
1227 2906 1430 2983 solvantur.
1450 2906 1615 2980 Termini

114 3057 267 3129 quoque
296 3032 484 3129 superflui,
514 3059 581 3107 scu
619 3034 717 3108 ultra
752 3034 920 3110 debitum
953 3037 1108 3122 extensi,
1149 3049 1189 3108 et
1223 3057 1485 3130 quaecumque
1520 3030 1614 3106 aliae

113 3156 326 3254 superfluae
355 3157 563 3254 scripturae
591 3183 661 3254 pro
688 3160 866 3234 resecatis
894 3159 1113 3246 habeantur,
1143 3174 1395 3254 taxenturque
1427 3157 1615 3232 clausulae

114 3297 155 3358 et
181 3281 363 3357 dictiones
391 3283 769 3378 proportionabiliter,
799 3300 913 3380 prout
940 3282 1210 3358 rationabiliter
1238 3296 1414 3380 poterant
1441 3283 1552 3357 scribi
1578 3283 1615 3356 in

115 3431 314 3503 processu:
333 3407 515 3503 quodque
544 3407 666 3482 nullus
695 3409 872 3495 notarius,
894 3410 958 3503 qui
978 3409 1026 3482 de
1044 3408 1146 3504 petia
1166 3424 1278 3484 notae
1298 3406 1449 3507 registri
1468 3421 1617 3482 senten-

116 3532 190 3606 tiae
208 3529 420 3604 definitivae
437 3529 637 3605 duodecim
655 3555 813 3630 grossos
833 3547 1056 3606 turonenses
1076 3531 1270 3626 receperit,
1293 3530 1340 3604 de
1359 3529 1461 3627 petia
1479 3529 1613 3603 instru-

115 3655 230 3730 menti
255 3677 435 3751 supereo
462 3653 629 3742 conlecti,
652 3681 735 3730 cum
757 3655 806 3730 sit
823 3654 932 3753 copia
950 3655 1072 3729 dictae
1092 3673 1216 3742 notae,
1237 3655 1307 3730 uisi
1326 3655 1422 3729 sicut
1441 3655 1489 3728 de
1508 3653 1616 3750 copia

113 3782 150 3854 in
178 3778 366 3877 publicam
383 3779 541 3854 sormam
560 3781 724 3865 redacta,
746 3780 849 3856 iuxta
868 3781 1172 3854 constitutionem
1192 3781 1280 3854 dicti
1299 3779 1472 3854 Iohannis
1492 3779 1613 3866 XXII,

115 3904 280 4002 recipiat.
306 3903 358 3978 Et
384 3903 416 3977 si
443 3905 491 3978 de
518 3905 621 4000 petia
648 3905 861 3980 huiusmodi
880 3905 1116 3980 instrumenti
1136 3903 1276 3978 similes
1295 3903 1493 3978 duodecim
1517 3919 1617 3978 turo-

115 4054 254 4105 nenses
281 4029 475 4124 receperit,
506 4030 554 4102 de
582 4029 793 4105 huiusmodi
822 4048 912 4106 nota
940 4031 1151 4104 sententiae
1179 4030 1274 4104 sicut
1302 4031 1350 4103 de
1386 4029 1495 4125 copia
1529 4027 1616 4102 reci·

115 4179 206 4252 pere
242 4154 380 4250 possit:
419 4155 521 4249 quod
549 4155 582 4228 si
609 4157 835 4230 contrarium
871 4157 1122 4241 attentaverit,
1162 4156 1266 4251 quod
1294 4152 1392 4228 ultra
1419 4153 1613 4251 receperit,

114 4280 212 4376 parti
245 4277 429 4360 restituat,
459 4293 500 4352 et
527 4277 683 4354 totidem
716 4306 786 4377 pro
823 4279 966 4377 capella
1003 4280 1279 4377 praedictorum
1315 4279 1529 4354 auditorum
1557 4277 1617 4354 vel

114 4427 310 4478 cursorum
337 4402 430 4476 inira
456 4420 544 4478 octo
571 4404 653 4480 dies
681 4421 817 4480 extunc
845 4404 1058 4479 immediate
1082 4420 1285 4500 sequentes
1304 4403 1454 4478 realiter
1480 4403 1613 4488 solvat,

112 4528 280 4626 alioquin
307 4554 330 4603 a
357 4530 415 4603 sui
442 4529 552 4604 officii
578 4530 754 4605 exercitio
782 4557 851 4628 per
879 4555 1049 4605 mensem
1075 4531 1123 4604 sit
1151 4555 1373 4629 suspensus;
1400 4529 1554 4626 quodsi
1574 4553 1616 4602 se

113 4652 162 4726 illi
190 4653 404 4751 ingesserit,
434 4655 587 4752 gravius
616 4679 685 4751 per
712 4654 1076 4744 Vicecanccllarium,
1097 4672 1210 4753 prout
1237 4655 1307 4730 sibi
1334 4655 1530 4741 videbitur,
1550 4678 1616 4749 pu·

113 4780 247 4854 niatur.

192 4907 212 5002 ᾗ
235 4907 295 4980 28.
326 4903 467 4978 Verum
496 4931 592 4993 cum,
623 4904 718 4979 sicut
736 4905 909 4988 iudicum,
930 4905 1098 4980 similiter
1116 4909 1383 4980 advocatorum
1404 4905 1616 5001 requiratur

110 5029 319 5114 consilium,
339 5029 536 5104 maturitas
554 5044 594 5104 et
608 5029 889 5126 circumspectio
908 5053 1056 5128 magna,
1073 5027 1260 5126 *insuper
1283 5029 1482 5104 statuimus
1501 5030 1613 5104 etiam

110 5170 151 5228 et
177 5154 407 5241 ordinamus,
425 5153 664 5230 consimiliter
682 5156 905 5230 advocatum
925 5155 1136 5229 nullatcnus
1154 5154 1441 5242 admittendum,
1457 5153 1526 5228 nisi
1544 5152 1614 5250 pri·

113 5280 227 5352 mitus
269 5277 476 5352 servaverit
504 5302 602 5375 quae
638 5279 674 5352 in
701 5275 933 5354 auditoribus
962 5277 1104 5353 servari
1132 5274 1394 5354 statuuntur.*
1423 5276 1613 5372 Quod<,·=e

110 5404 223 5481 iidem
251 5401 439 5492 advocati,
469 5427 538 5500 pro
567 5403 723 5502 singulis
751 5427 914 5502 percos
942 5403 1265 5479 commissionibus
1284 5402 1332 5477 de
1351 5403 1490 5478 iustitia
1508 5415 1614 5475 extra
