3708 5918
17 1385 19 1460 i

426 348 603 422 Bonifatio
629 349 712 409 VIII
727 383 740 392 -
762 349 928 410 Clemente
954 351 984 410 V
996 383 1014 394 -
1032 352 1182 412 Iohanne
1202 352 1307 412 XXII
1455 401 1458 406 .
1578 355 1616 416 69

116 543 296 616 mensium
324 543 522 646 (spatium)
540 560 629 640 post
651 545 908 640 receptionum
926 545 1169 640 presentium,
1191 547 1239 620 de
1265 546 1389 644 plane,
1411 550 1491 623 sine
1520 565 1616 626 stre·

115 668 194 762 pitu
222 684 262 741 et
287 667 410 767 figura
439 668 572 754 iudicii,
603 667 664 742 vel
691 669 901 756 concordia,
933 671 1014 746 sine
1042 671 1227 768 pravitate
1254 687 1379 747 tamen
1416 673 1552 770 aliqua,
1584 677 1615 750 si

114 791 160 867 de
187 795 355 890 ipsarum
383 795 543 890 partium
571 794 765 870 voluntate
798 797 1033 891 processerit,
1064 800 1287 872 auctoritate
1325 815 1454 874 nostra
1492 801 1615 874 termi-

119 941 203 990 nare
229 942 422 1013 procures,
454 919 591 994 faciens
619 918 723 1014 quod
752 919 964 994 decreveris
991 945 1061 1016 per
1086 947 1283 997 censuram
1311 922 1612 1010 ecclesiasticam,

117 1039 365 1135 appellatione
393 1059 549 1126 remota,
580 1041 734 1116 firmiter
761 1044 964 1119 observari.
995 1044 1172 1140 Alioquin
1200 1062 1373 1134 extunc,
1404 1048 1498 1124 inira
1521 1047 1614 1123 alios

118 1163 208 1238 duos
237 1190 390 1240 menses
417 1166 633 1242 immediate
660 1182 875 1264 sequentes,
897 1192 1050 1244 causam
1077 1168 1208 1267 ipsam,
1225 1172 1443 1246 instructam
1463 1173 1521 1248 vel
1541 1198 1614 1247 non

118 1288 344 1377 instructam,
375 1291 425 1364 ad
452 1291 620 1388 predicte
648 1291 759 1367 Sedis
786 1294 955 1368 remittas
982 1317 1153 1368 examen.

192 1415 283 1489 Dat.
314 1415 501 1503 Laterani,
533 1437 602 1488 vm
631 1416 679 1490 id.
708 1415 929 1502 decembris,
959 1441 1058 1492 anno
1086 1433 1231 1496 octavo.

830 1757 894 1836 49.

121 1937 276 2012 Clemens
314 1935 351 2011 V
374 1937 533 2035 (¹305·1
544 1938 636 2035 314)
665 1936 807 2010 duabus
834 1938 1143 2012 cunctationibus
1183 1937 1551 2035 ‹Dispendiosam›
1585 1949 1621 2013 et

203 2093 221 2134 c
242 2062 343 2158 Sepe
361 2063 544 2160 contingit
562 2089 580 2130 s
608 2061 785 2164 (quarum
807 2072 964 2138 aaaron
983 2063 1108 2137 videas
1124 2065 1164 2136 iu
1193 2063 1267 2138 Vol.
1289 2064 1333 2137 1.·
1351 2063 1552 2139 Generalia
1570 2067 1618 2139 de

195 2186 380 2263 rotalibus
409 2187 552 2262 iudiciis
581 2231 597 2244 -
625 2213 707 2284 cap.
739 2188 785 2287 ΙΙ)
813 2189 927 2286 legem
947 2191 1058 2288 ponit
1082 2190 1126 2262 o'c
1157 2189 1302 2263 iudz'ciis
1328 2191 1544 2263 summariis
1579 2193 1620 2264 in

193 2313 317 2386 causis
351 2311 625 2404 beneficialibus,
658 2325 770 2412 super
797 2313 955 2400 decimis,
983 2313 1326 2400 matrimonialibus,
1354 2324 1465 2412 super
1491 2316 1620 2388 usuris

191 2447 229 2511 et
253 2463 317 2510 cas
333 2436 579 2534 quoquomodo
596 2437 835 2534 tangentibus,
850 2438 1129 2536 pertractandis
1146 2464 1171 2511 a
1188 2437 1366 2511 z'udia'bas
1392 2438 1567 2536 delegatos
1594 2465 1618 2512 a

192 2563 318 2661 Papa.

833 2791 897 2871 50.

115 2971 385 3046 Ordinationes
411 2980 447 3044 ct
463 2969 609 3044 Statuta
639 2971 817 3045 Iohannis
836 2972 879 3046 X
881 2971 976 3046 XII
995 2973 1026 3069 (ι
1038 2979 1149 3065 316-1
1160 2996 1181 3065 3
1187 2973 1252 3070 34)
1272 2972 1401 3069 quibus
1431 2971 1620 3045 audientia
1720 3019 1722 3022 -

191 3121 397 3170 causarum
424 3097 463 3168 in
482 3095 689 3194 Apostolcco
707 3095 856 3170 Palatio
874 3097 1102 3183 moderatur,
1115 3097 1339 3196 pracsertim
1357 3095 1483 3194 quoad
1496 3096 1621 3170 Audi·

191 3231 295 3294 tores
324 3229 360 3293 ct
393 3222 575 3294 Notarios
610 3221 650 3294 iu
690 3221 822 3295 eisdem
857 3223 977 3294 causis
1013 3222 1215 3296 scribentes.
1249 3263 1266 3276 -
1298 3220 1508 3294 Constitutio
1534 3220 1623 3293 haec

190 3347 396 3445 quotannis
421 3346 532 3444 quasi
555 3348 704 3443 integra
723 3347 914 3444 legabatur
931 3373 1011 3420 cum
1032 3349 1158 3422 catoris
1179 3347 1297 3420 Rotae
1313 3346 1624 3420 constitutionibus

188 3471 252 3545 dcc
281 3471 495 3570 aperitcoms
524 3471 651 3556 Rotae,
681 3473 739 3544 uti
758 3471 895 3571 probat
925 3471 1043 3544 Lmen
1073 3472 1204 3545 Roma
1244 3471 1534 3544 constitutionum
1576 3471 1617 3543 iu

188 3621 265 3694 quo
292 3595 470 3692 leguntur
497 3621 539 3669 cu
566 3595 767 3668 dumtaxat
791 3620 866 3694 qua
895 3596 973 3670 braic
999 3597 1172 3669 asterisco
1198 3597 1417 3669 communita
1443 3604 1538 3668 sunt.

189 3769 353 3843 (Brauon
371 3767 463 3836 Van,
482 3793 494 3820 ι
511 3767 579 3828 Vat.
599 3769 654 3828 tat.
673 3769 776 3843 3986,
790 3769 817 3828 b.
829 3769 853 3828 8
865 3795 877 3851 3
890 3789 901 3834 .·
919 3770 1024 3850 Asca.
1037 3770 1124 3843 Ros,
1148 3768 1278 3829 «Coust.
1296 3768 1369 3828 Rot.
1382 3767 1459 3828 Pat.
1473 3769 1581 3843 Apost.
1594 3793 1620 3840 »,

100 3857 224 3930 sot.1,·
249 3882 262 3908 ‹
278 3857 380 3916 Liber
398 3857 527 3916 Rotae»
550 3857 916 3927 constt'tuttonum,·Dn.
930 3857 1046 3918 Gitone
1064 3857 1187 3931 Eunus,
1214 3855 1308 3916 «Der
1333 3855 1434 3916 Liber
1456 3855 1623 3915 Cancetta·

109 3947 180 4006 riae
199 3945 417 4021 Apostoticaa
434 3961 498 4004 oon
511 3944 621 4018 Jahre
640 3945 728 4004 1380
740 3971 766 4005 ι.
779 3945 867 4005 Edit.
887 3945 1039 4021 Leipzig,
1059 3945 1158 4018 1888,
1172 3953 1251 4021 pag.
1270 3945 1353 4017 157).

1341 4107 1419 4181 1331,
1438 4107 1621 4170 Avenione.

187 4287 209 4330 *
224 4287 420 4362 lohannes
434 4287 648 4384 episcopus,
666 4311 799 4360 servus
814 4311 1009 4360 servorum
1020 4285 1090 4360 dei.
1102 4285 1166 4358 Ad
1180 4301 1403 4382 perpetuam
1418 4285 1471 4358 rei
1484 4310 1623 4360 memo-

109 4413 212 4488 riam.
235 4457 265 4467 -
287 4411 405 4486 Ratio
418 4411 516 4484 iuris
533 4411 660 4509 exigit,
682 4410 849 4486 debitum
863 4409 1072 4484 honestatis
1087 4409 1259 4506 exposcit
1276 4423 1315 4482 et
1333 4408 1485 4504 pietatis
1504 4409 1622 4483 consi·

108 4537 259 4614 deratio
300 4536 519 4631 persuadet,
560 4551 602 4610 ut
635 4535 671 4608 in
708 4536 850 4608 cunctis
878 4534 1083 4632 dirigendis
1112 4534 1254 4608 iudiciis
1282 4549 1322 4606 et
1349 4533 1489 4607 iustitia
1520 4533 1622 4606 mini·

107 4663 281 4749 stranda,
305 4659 391 4746 sint,
414 4660 542 4756 quoad
560 4660 809 4756 presidentes,
831 4656 1022 4756 vigilantia
1041 4658 1223 4744 studiosa,
1245 4674 1405 4732 venusta
1424 4656 1619 4746 modestia,

108 4788 281 4863 cordium
312 4784 468 4882 puritas,
491 4783 673 4860 munditia
700 4809 876 4858 manuum
897 4798 937 4857 et
952 4783 1192 4857 consiliorum
1213 4781 1355 4856 sanitas
1375 4781 1620 4878 requirende;

109 4910 142 4986 in
170 4909 358 5011 personis
385 4932 538 5005 quoque
565 4908 615 4983 ad
634 4909 943 4984 conscribendum
967 4924 1052 4982 acta
1079 4907 1262 4981 iudicialia
1285 4907 1488 5004 deputatis
1519 4906 1622 4982 suffi-

109 5039 241 5112 cientia
271 5057 454 5131 operosa,
493 5032 652 5108 fidelitas
680 5035 936 5130 comprobata,
966 5031 1042 5107 vita
1071 5031 1291 5116 honestatis,
1323 5031 1494 5106 decentia
1526 5056 1623 5107 com·

110 5161 342 5246 mendanda,
373 5155 556 5232 mercedis
579 5157 725 5232 exactio
753 5156 960 5243 moderata,
990 5155 1203 5254 benignitas
1231 5157 1280 5230 ad
1309 5179 1498 5252 pauperes
1526 5180 1623 5230 com·

109 5287 272 5384 passiva,
292 5283 373 5358 sint
390 5283 525 5357 merito
541 5281 740 5380 exigende.
757 5282 875 5380 Igitur
893 5282 928 5354 in
944 5281 1116 5355 Romana
1135 5281 1246 5367 curia,
1263 5279 1450 5354 communi
1469 5279 1620 5375 quidem

110 5414 241 5508 patria,
272 5409 343 5485 ubi
372 5421 432 5482 est
450 5431 636 5482 summum
663 5408 824 5482 tribunal
852 5407 973 5481 iudicii
1000 5404 1244 5482 constitutum
1278 5403 1463 5490 divinitus,
1494 5420 1533 5476 et
1559 5405 1622 5478 ubi
