3720 5916
709 309 901 370 Alexandro
921 309 987 371 VII

810 682 900 762 303.

244 843 417 918 Debitum
445 845 692 918 Notariorum
721 845 838 920 Rotae
865 869 958 942 erga
986 846 1232 944 Apostolicam
1254 845 1457 920 cumeram.

183 998 295 1068 (Auen.
315 997 401 1072 Rue,
426 997 616 1057 ‹Dr'urr'um
636 996 770 1072 Celsi»).

491 1213 564 1287 Die
592 1214 722 1288 Lunae
757 1235 799 1308 17
831 1214 1058 1330 septembris
1092 1219 1203 1290 1661.

181 1433 189 1449 .
222 1433 230 1449 .
262 1433 271 1452 .
303 1434 310 1450 .
356 1375 475 1448 anus
506 1374 683 1448 Decanus
712 1374 837 1449 retulit
874 1375 1015 1471 pariter
1050 1373 1165 1448 luisse
1203 1375 1338 1450 saetam
1376 1374 1598 1474 Congrege-

105 1499 238 1574 tionem
268 1523 394 1576 coram
422 1499 520 1574 Erico
549 1498 755 1574 Barberino
785 1499 1100 1576 Viuecancellario
1128 1524 1243 1597 super
1275 1499 1458 1576 interesse
1495 1501 1599 1598 quod

103 1624 212 1698 habet
241 1623 405 1700 Camera
431 1623 654 1721 Apostolica
677 1649 761 1702 curn
801 1623 967 1698 Notariis
1005 1625 1151 1700 Rotae.
1171 1683 1178 1701 .
1198 1681 1232 1700 ..
1262 1625 1398 1712 retulit,
1434 1627 1598 1723 inquam,

102 1748 210 1822 luisse
239 1741 410 1824 discussa
438 1750 571 1824 merita
598 1773 747 1834 causae,
777 1763 817 1824 et
843 1766 1078 1848 compertum
1098 1750 1277 1826 Notarios
1305 1749 1431 1826 fovere
1460 1752 1598 1826 malum

102 1873 156 1946 ius
183 1873 220 1947 in
248 1874 410 1971 negocio
437 1873 630 1970 principali
657 1875 745 1968 quia
773 1873 810 1946 in
838 1872 971 1948 effectu
999 1873 1070 1971 ipsi
1099 1876 1335 1972 reperiuntur
1370 1875 1526 1975 obligati
1563 1877 1600 1952 in

102 1996 260 2072 solidum
290 1996 437 2072 solvere
466 1997 622 2096 singulis
649 1999 756 2074 annis
786 1998 878 2074 Rev.
911 1997 1095 2074 Camerae
1124 2013 1230 2074 scuta
1259 2005 1376 2092 4080,
1410 2027 1479 2078 nec
1511 2002 1600 2079 obli·

102 2123 219 2220 gatio.
234 2183 264 2200 ..
297 2124 472 2198 restricta
495 2125 545 2198 ad
572 2124 828 2198 emolumenta
864 2125 1122 2220 provenientia
1157 2126 1206 2201 ab
1240 2126 1372 2212 officio,
1414 2127 1484 2202 sed
1512 2129 1601 2202 sirn-

101 2247 253 2342 plieiter,
283 2248 385 2327 t‘ulla
412 2250 587 2346 apposita
615 2249 848 2324 conditione:
877 2250 945 2322 sed
974 2250 1071 2323 bene
1098 2275 1227 2324 verum
1256 2252 1447 2346 estquod
1478 2252 1599 2328 officia

100 2395 172 2446 non
200 2373 365 2448 reddunt
393 2389 432 2447 et
450 2373 703 2448 emolumenta
723 2397 797 2448 non
818 2390 906 2448 sunt
924 2373 1155 2458 sufficientia,
1178 2374 1264 2470 quia
1284 2375 1435 2450 luerunt
1450 2393 1599 2453 erectae

100 2497 237 2600 multae
269 2497 599 2596 Congregationes
627 2512 666 2572 et
695 2498 836 2572 multae
854 2523 993 2574 causae
1011 2497 1167 2574 Rotales
1186 2501 1469 2576 committuntur
1488 2501 1599 2576 Prae-

99 2620 185 2696 latis·
209 2639 250 2698 et
279 2623 398 2698 ineis
426 2623 554 2698 scribit
582 2621 762 2698 Notarius
789 2623 954 2697 Archivii
982 2639 1023 2696 et
1048 2647 1096 2698 ex
1124 2623 1205 2698 aliis
1233 2625 1439 2700 rationibus
1458 2645 1531 2703 etc.
1547 2643 1597 2714 et,

99 2747 201 2842 quod
229 2748 340 2844 peius
368 2765 438 2832 est,
455 2748 526 2843 ipsi
555 2771 629 2821 non
657 2764 746 2822 sunt
773 2747 1007 2834 solvendum,
1030 2749 1130 2824 unde
1148 2749 1286 2824 dictum
1307 2750 1375 2824 suit
1392 2752 1497 2845 quod
1516 2751 1600 2826 insi·

98 2885 264 2946 steretur
292 2897 408 2968 super
436 2872 549 2946 modo
577 2871 797 2947 sublevandi
825 2872 946 2948 dictos
971 2871 1149 2946 Notarius
1167 2873 1217 2946 ad
1235 2873 1407 2948 eflectum
1427 2875 1531 2973 quod
1550 2875 1599 2950 illi

97 3011 258 3090 possent
286 2997 518 3092 respondete
547 2995 731 3072 Camerae
758 3012 799 3072 et
826 2997 975 3074 solvere
1001 3023 1118 3074 onera
1150 2997 1221 3074 illis
1250 2997 1425 3095 imposita
1429 3056 1595 3076 .....

811 3345 901 3424 304.

95 3505 315 3580 Resoluitur
349 3505 449 3604 quod
479 3506 608 3580 anulus
634 3507 809 3581 Doctoris
835 3507 1035 3582 Lictmt'ati
1066 3515 1101 3580 tt
1130 3506 1295 3580 Luctaris
1330 3505 1513 3602 sufficeret
1546 3508 1601 3582 ad

172 3633 445 3706 observantium
471 3631 648 3706 rotatum
679 3631 990 3707 coruscantum.

174 3787 295 3858 (Atreu.
314 3785 401 3856 Rue,
425 3784 615 3845 ‹Dt'arr'um
636 3785 771 3860 Celsi»).

569 4007 732 4082 Veneris
764 4011 810 4082 28
841 4007 982 4104 Aprilis
1017 4013 1127 4084 1662.

173 4229 181 4244 .
215 4228 224 4244 .
260 4228 269 4244 .
301 4170 521 4245 occurrebat
558 4167 757 4242 difficultas
793 4168 896 4264 quod
934 4167 981 4244 D.
1013 4167 1190 4243 Ottalora
1226 4193 1300 4244 nou
1337 4185 1420 4244 erat
1452 4170 1599 4266 Doctor

88 4310 205 4390 prout
235 4295 434 4390 requirunt
462 4294 774 4380 Constitutiones‚
805 4295 874 4367 sed
894 4291 1142 4370 Licentiatus:
1163 4317 1211 4367 an
1230 4295 1301 4370 hoc
1320 4295 1532 4370 sufficeret?
1545 4353 1553 4369 .
1566 4355 1595 4373 ..

843 4521 863 4565 tlt

822 4583 884 4628 *tlt

610 4702 769 4776 Veneris
801 4725 819 4796 5
852 4703 941 4776 Maii
975 4709 1085 4778 1662.

167 4989 280 5064 Idem
310 4989 487 5064 Decanus
527 4990 654 5066 retulit
689 4989 905 5064 instantiam
943 4989 991 5063 D.
1022 4989 1187 5066 Ottalori
1220 4989 1324 5087 quod
1361 4989 1599 5066 clauderetur

82 5114 168 5189 eius
199 5114 398 5210 inquisitio
424 5131 464 5189 et
491 5114 543 5188 ita
571 5115 709 5190 sactum
737 5114 815 5200 suit,
846 5130 887 5188 et
915 5113 985 5188 hac
1013 5115 1212 5190 occasione
1240 5115 1379 5190 dictum
1407 5114 1476 5189 fuit
1494 5115 1597 5209 quod

85 5265 174 5314 curn
206 5239 312 5314 idem
341 5238 506 5314 Ottalori
534 5253 639 5314 esset
663 5240 814 5332 Doctor
925 5239 1134 5316 licentiatus
1163 5257 1202 5312 et
1231 5239 1377 5324 Lector,
1399 5263 1473 5314 non
1491 5240 1598 5314 fieret

86 5363 299 5440 difficultas
327 5387 442 5460 super
460 5364 670 5440 doctoratu.
