3720 5916
227 287 284 348 396
848 286 988 346 Soccuto
1011 285 1113 346 XVII

224 483 427 580 aliquando
455 509 590 580 capere
619 483 885 558 resolutionem
914 484 985 559 hoc
1013 482 1127 556 modo
1154 507 1225 580 pro
1254 481 1383 556 maiori
1415 500 1540 580 parte:
1570 501 1610 558 et
1636 510 1725 581 quo-

227 607 325 682 niam
352 633 427 706 ego
456 610 673 683 asserebam
700 607 804 704 quod
832 634 917 682 meo
946 625 1116 703 tempore
1143 608 1215 682 etsi
1235 633 1303 704 pro
1323 633 1397 682 una
1416 622 1524 704 parte
1542 608 1722 682 adfuerint

231 753 249 824 5
273 749 361 806 vota
389 749 428 806 et
455 759 525 828 pro
552 733 624 807 alia
645 757 678 828 3,
702 731 936 808 nihilominus
965 730 1146 806 resolutio
1168 749 1279 830 capta
1299 755 1373 806 non
1393 731 1461 806 suit
1479 749 1520 806 et
1538 735 1726 831 signanter

228 857 440 954 allegabam
467 859 680 956 exemplum
709 861 745 932 in
774 883 848 946 una
878 859 1059 932 Romana.
1082 857 1236 930 Residui
1264 858 1364 931 dotis
1391 858 1582 954 pendente
1605 882 1724 932 coram
1836 941 1837 944 Ἴ

230 983 395 1057 Domino
415 983 504 1057 Meo
525 983 656 1058 Meltio
720 999 760 1058 et
780 983 981 1058 novissime
1000 983 1034 1056 in
1055 981 1230 1057 Sabinen.
1253 981 1377 1056 Castri
1397 981 1540 1055 Montis
1559 981 1724 1056 Libretti:

228 1133 275 1181 ex
293 1109 465 1194 adverso,
488 1108 716 1204 replicabant
735 1107 847 1204 aliqui
867 1107 971 1203 quod
990 1107 1027 1180 id
1046 1107 1172 1182 evenit
1190 1107 1278 1204 quia
1297 1132 1370 1180 non
1390 1122 1568 1180 votarunt
1586 1132 1724 1192 omnes,

230 1232 299 1306 sed
327 1231 364 1304 id
393 1257 466 1306 non
496 1235 726 1332 subsistebat
753 1233 790 1308 in
817 1231 928 1309 lacto.
959 1233 1137 1306 Decanus
1164 1255 1256 1306 vero
1283 1231 1430 1305 dicebat
1458 1231 1561 1326 quod
1589 1231 1627 1304 id
1654 1231 1728 1304 fieri

231 1355 328 1430 solet
354 1357 506 1453 quando
536 1358 636 1432 Rota
664 1373 723 1432 est
751 1357 872 1454 plena,
895 1381 1040 1453 nempe,
1063 1379 1242 1430 numerus
1260 1355 1487 1428 Auditorum
1507 1370 1567 1428 est
1586 1355 1729 1452 integer

230 1497 269 1555 et
296 1499 429 1555 votant
456 1507 599 1568 omnes,
631 1507 716 1557 narn
745 1482 809 1554 tali
837 1505 924 1556 casu
954 1501 1014 1554 est
1041 1478 1272 1576 impossibile
1295 1479 1399 1576 quod
1427 1478 1728 1576 permanentibus

230 1606 402 1680 omnibus
422 1607 457 1679 in
477 1632 547 1680 suo
567 1605 757 1705 suffragio,
773 1605 956 1688 videlicet,
972 1605 1190 1680 votantibus
1210 1609 1232 1678 6
1254 1628 1324 1702 pro
1342 1627 1416 1677 una
1434 1619 1543 1703 parte
1562 1617 1602 1677 et
1622 1625 1641 1698 5
1663 1627 1730 1700 pro

229 1729 301 1804 alia
328 1731 450 1826 possit
477 1757 655 1829 nmquam
683 1733 820 1806 adesse
848 1731 1038 1804 resolutio.
1063 1729 1203 1804 Verum
1234 1729 1330 1803 circa
1358 1731 1428 1804 hoc
1447 1729 1564 1804 multa
1583 1727 1729 1802 suerunt

230 1855 339 1940 dicta,
362 1879 430 1931 nec
456 1881 531 1954 ego
558 1860 753 1955 percipere
781 1857 886 1955 potui
905 1883 982 1954 quo
1002 1879 1090 1930 casu
1120 1853 1248 1930 similis
1277 1853 1457 1929 resolutio
1489 1855 1572 1950 capi
1600 1854 1728 1939 soleat,

232 2004 298 2054 nec
327 1980 541 2080 exemplum
570 1983 703 2080 reperii
732 1983 768 2054 in
793 1981 931 2056 Diariis
960 1981 1119 2057 Poeniae
1138 1994 1178 2054 et
1197 1979 1367 2055 Coccini:
1389 1995 1531 2054 certum
1550 1977 1729 2074 estquod

233 2107 412 2182 resolutio
441 2132 515 2182 non
544 2109 612 2182 luit
639 2124 761 2204 capta.

943 2369 1033 2450 280.

540 2513 762 2588 Alexander
789 2515 826 2588 V
825 2513 873 2586 II
893 2513 1028 2587 Rotam
1054 2539 1179 2586 coram
1206 2538 1243 2586 se
1269 2515 1425 2588 innmat.

312 2667 428 2740 (Ancu.
446 2668 533 2742 Rom,
556 2667 746 2726 «Dianium
768 2665 856 2726 Celsi
866 2667 900 2738 2).

649 2849 721 2924 Die
752 2849 908 2924 Veneris
940 2873 959 2945 7
991 2851 1185 2925 Februarii
1210 2857 1320 2946 1656.

194 3125 195 3129 ¹
315 3136 457 3210 Retulit
484 3135 626 3232 pariter
653 3138 747 3209 Rri‘ns
778 3137 955 3212 Decanus
983 3137 1144 3234 qualiter
1171 3136 1279 3212 Ssffrs
1313 3139 1444 3210 annuit
1470 3135 1567 3212 velle
1602 3136 1729 3210 audire

233 3262 439 3335 Auditores
467 3279 507 3334 et
533 3260 704 3334 intimare
733 3261 869 3336 Rotam
899 3287 1025 3336 coram
1054 3263 1215 3360 lpsorad
1234 3261 1406 3337 effectum
1425 3261 1576 3336 videndi
1595 3276 1634 3336 et
1651 3285 1730 3356 per·

233 3385 391 3482 cipiendi
419 3384 571 3458 modurn
601 3385 665 3482 qui
691 3400 863 3460 servatur
889 3387 927 3460 in
953 3389 1118 3462 votando
1145 3387 1248 3461 etin
1275 3389 1397 3461 causis
1426 3386 1660 3460 diffiniendis.

944 3706 1034 3786 281.

236 3849 282 3922 In
303 3849 435 3948 ptimo
463 3850 679 3948 equitatione
704 3852 766 3923 cni
785 3860 870 3950 post
893 3875 999 3924 suom
1018 3850 1234 3924 creationem
1261 3851 1301 3922 in
1329 3833 1553 3949 Apostolicos
1580 3847 1729 3922 &ebdu-
1836 3853 1837 3936 ζ

315 3999 418 4046 conos
445 3973 647 4048 Auditores
673 3975 790 4048 Rotas
817 3974 1010 4058 intersunt,
1044 3999 1173 4048 errori
1208 3973 1361 4047 vestitus
1392 3999 1464 4046 non
1493 3967 1666 4072 proprnit
1695 3997 1730 4044 se
1836 4061 1837 4072 ἵ

315 4097 485 4174 induunt.

315 4254 430 4324 (Ancu.
450 4253 537 4328 Ron,
561 4253 752 4314 «Dianium
772 4253 906 4327 Cctst»).

625 4437 698 4512 Die
727 4437 902 4511 Mercurii
931 4435 1051 4533 prima
1079 4437 1205 4514 Martii
1231 4443 1341 4533 1656.

318 4723 418 4818 Papa
445 4721 510 4796 ivit
538 4723 587 4796 ad
616 4721 653 4797 S.
676 4722 863 4798 Sabinam.
895 4721 1121 4818 Equitarunt
1147 4721 1354 4796 Auditores
1381 4735 1421 4796 et
1448 4739 1536 4796 ante
1563 4747 1632 4796 eos
1659 4722 1728 4795 ive-

142 4941 144 4946 Ι
236 4845 331 4918 runt
350 4845 482 4920 Clerici
513 4846 697 4922 Camerae
724 4862 763 4920 et
789 4863 876 4922 ante
905 4872 1037 4922 omnes
1067 4846 1258 4920 Praelatos
1294 4845 1514 4942 equitarunt
1552 4845 1726 4920 Batones.

237 4971 442 5045 Auditores
470 4973 594 5046 Rotae
621 4971 770 5046 iverunt
796 4998 880 5046 cum
908 4973 1117 5047 Rocchetto
1150 4984 1190 5046 et
1226 4970 1463 5046 Mantelletta
1500 4995 1586 5044 nam
1623 4988 1728 5044 antea
1836 5013 1837 5068 3

235 5121 319 5171 cum
348 5097 582 5172 Mantellono
609 5116 695 5173 et...
726 5114 765 5171 et
792 5097 864 5172 alia
892 5097 1109 5172 indumenta
1143 5097 1272 5171 Mulae
1309 5096 1458 5174 suerunt
1495 5097 1631 5172 coloris
1658 5096 1729 5170 vio·

235 5219 337 5308 lacei‚
369 5223 455 5298 licet
482 5247 551 5318 per
576 5247 743 5298 errorem
774 5239 885 5320 prout
912 5237 952 5296 et
981 5221 1116 5311 Pileus,
1136 5221 1233 5318 quia,
1257 5238 1298 5296 ut
1324 5221 1447 5308 audio,
1469 5222 1635 5296 debebat
1651 5242 1727 5295 esse

236 5347 371 5422 coloris
399 5347 515 5446 nigris
542 5363 582 5420 et
608 5347 757 5421 habitus
786 5346 1112 5442 semipontificalis.
