3688 5924
599 375 702 434 Lucc'o
720 376 778 435 ΙΙΙ
786 408 809 426 ·-
829 375 994 436 Clemente
1012 375 1070 435 ΙΙΙ

823 712 861 790 3.

92 880 218 955 Lucius
247 883 322 956 III
344 855 546 983 profitetur
576 885 826 960 Cauccllariac
852 913 940 962 suac
966 890 1226 964 concredidisse
1250 915 1383 964 munus
1410 891 1591 990 rescripta

161 1025 296 1100 cundi
322 1029 388 1102 ubi
413 1030 533 1129 Papa,
562 1029 718 1104 divorsis
750 1033 1036 1128 occupationibus
1071 1032 1274 1132 inpeditus,
1304 1059 1434 1108 carcsas
1456 1046 1528 1133 por
1554 1059 1590 1106 sc

166 1155 388 1226 examinaro
415 1180 487 1226 nou
510 1165 640 1253 posset.

167 1323 307 1398 (Coartn
326 1325 392 1386 Ius.
410 1323 499 1398 Can,
518 1327 645 1388 Decret.
666 1328 764 1400 Greg.
782 1329 841 1402 IX,
861 1330 934 1388 tc'br.
953 1330 981 1402 I,
1000 1331 1048 1389 tit.
1069 1330 1133 1402 III,
1151 1339 1221 1405 cap.
1243 1331 1282 1402 X,
1300 1333 1352 1392 cc't.
1372 1331 1478 1404 Edit).

170 1509 234 1583 Ad
260 1509 329 1582 hec
359 1534 488 1583 sumus
516 1510 553 1582 in
572 1509 663 1583 sede
690 1511 840 1596 iustitie,
862 1512 1089 1608 disponente
1119 1511 1292 1596 Domino,
1324 1511 1527 1593 constituti,
1550 1523 1591 1581 ut

81 1659 160 1730 que
195 1651 328 1707 contra
363 1635 542 1708 iustitiam
571 1649 813 1720 attentantur,
846 1653 974 1710 nostra
1002 1634 1248 1709 sollicitudine
1282 1636 1331 1710 ad
1359 1633 1591 1708 rectitudinis

80 1761 276 1832 tramitem
305 1774 538 1844 revocentur,
567 1775 637 1833 etc.
667 1759 731 1857 (Et
759 1760 876 1858 intra).
908 1760 1068 1834 Proinde
1105 1760 1353 1858 significatum
1381 1775 1440 1833 est
1469 1759 1588 1846 nobis,

80 1885 276 1978 quosdam
305 1885 339 1955 in
369 1884 557 1980 provincie
586 1898 650 1957 tue
679 1885 849 1980 partibus
879 1884 975 1959 tales
994 1887 1049 1983 (ut
1067 1889 1256 1982 asserunt)
1286 1887 1333 1958 de
1358 1882 1590 1957 Cancellaria

79 1991 217 2082 nostra
245 2008 373 2082 literas
402 2009 589 2105 recepisse
618 2033 686 2104 per
713 2035 808 2105 quas
837 2035 966 2083 eorum
996 2010 1120 2085 omnia
1139 2010 1296 2108 negocia
1320 2009 1429 2082 unius
1449 2009 1588 2092 iudicis,

79 2134 140 2206 vel
172 2133 337 2230 plurium
364 2157 462 2229 quos
490 2135 560 2208 sibi
587 2135 771 2231 elegerint
788 2135 941 2208 arbitrio
961 2137 1255 2219 committuntur,
1277 2137 1405 2230 sicque
1425 2135 1476 2218 fit,
1498 2151 1540 2207 ut
1559 2135 1590 2207 si

78 2261 251 2355 aliquem
279 2258 428 2354 pulsare
458 2257 652 2344 voluerint,
674 2283 832 2334 examen
860 2259 1035 2334 ordinarii
1055 2261 1184 2333 iudicis
1204 2284 1278 2333 non
1297 2260 1499 2356 requirant,
1522 2259 1591 2333 sed

77 2385 130 2458 ad
145 2409 268 2456 unum
288 2384 445 2457 iudicem
465 2385 523 2456 vel
541 2382 670 2480 plures
690 2384 886 2483 delegatos
906 2385 1100 2481 propitios,
1118 2402 1158 2458 et
1171 2386 1306 2458 exinde
1320 2386 1418 2480 parti
1431 2386 1591 2458 adverse

79 2523 301 2606 suspectos,
325 2533 440 2603 super
468 2509 714 2582 examinanda
742 2511 939 2606 questione
967 2511 1178 2584 decurrant.
1200 2508 1315 2602 Quod
1342 2524 1524 2606 quantum
1544 2510 1593 2582 sit

81 2635 174 2706 Deo
211 2633 439 2707 contrarium
467 2650 506 2706 et
533 2633 794 2708 ecclesiasticis
824 2634 940 2708 sacris
960 2634 1018 2707 vel
1037 2635 1240 2709 canonibus
1259 2635 1455 2720 inimicum,
1480 2658 1591 2706 nemo

77 2757 247 2855 ambigit
275 2757 338 2852 qui
366 2756 425 2830 vel
453 2757 636 2830 modicam
665 2758 833 2831 notitiam
862 2759 1039 2831 canonice
1059 2757 1299 2832 institutionis
1328 2758 1588 2855 apprehendit.

78 2883 202 2956 'sales
232 2883 360 2978 itaque
387 2883 514 2956 literas
542 2909 564 2956 a
594 2882 825 2956 Cancellaria
855 2898 982 2956 nostra
1012 2908 1084 2956 non
1113 2883 1299 2956 credimus
1319 2883 1515 2979 prodiisse,
1536 2881 1595 2955 acl

77 3009 117 3080 si
132 3010 245 3102 sorte
273 3007 496 3105 prodc'criut,
525 3009 776 3082 conscientiam
811 3017 976 3082 nostram
1011 3033 1079 3106 quc
1114 3009 1269 3081 diuersis
1304 3008 1592 3106 occupationibus

77 3133 263 3233 c'rnpcdita
289 3131 448 3228 singulis
474 3133 733 3206 examinandis
759 3159 832 3206 nou
858 3133 1001 3228 sufficit,
1024 3133 1247 3230 effugerunt.
1270 3133 1380 3206 Unde
1410 3157 1479 3206 nos
1507 3132 1591 3205 huic

77 3260 222 3332 morbo
251 3254 362 3329 celeri
381 3257 551 3331 volentes
571 3257 723 3332 obviare
741 3259 918 3343 remedia,
950 3257 1169 3332 fraternitati
1198 3272 1262 3331 tue
1290 3283 1359 3355 per
1386 3258 1591 3354 apostolica

77 3383 228 3479 scripta
256 3383 480 3455 mandamus
508 3399 696 3479 quatenus
715 3383 748 3455 si
766 3382 894 3457 literas
922 3383 1017 3456 tales
1036 3384 1073 3456 in
1101 3383 1292 3479 provincia
1310 3399 1376 3456 tua
1394 3383 1453 3457 vel
1472 3383 1590 3478 impe-

77 3523 218 3591 tratas,
250 3505 308 3578 vel
337 3507 515 3602 deinceps
542 3507 797 3603 impetrandas
825 3507 1022 3593 inveneris,
1042 3532 1108 3580 eas
1137 3532 1265 3581 carere
1293 3507 1431 3581 viribus
1460 3522 1591 3581 nostra

79 3631 314 3704 auctoritate
342 3631 533 3714 decernas,
564 3647 604 3704 et
632 3655 678 3704 ne
705 3632 754 3704 ab
781 3631 909 3726 aliquo
936 3631 971 3704 in
1001 3631 1175 3704 iudicium
1203 3634 1449 3705 admittantur
1476 3654 1591 3726 super

81 3779 330 3851 quacumque
364 3756 573 3852 questione,
607 3755 818 3850 prohibeas.

826 3987 863 4066 4.

85 4181 254 4254 Clemens
272 4180 346 4253 Ill
366 4183 626 4278 (1187-1191)
646 4183 783 4256 duobus
814 4182 1075 4255 cardinalibus
1094 4208 1241 4256 causam
1259 4183 1483 4256 audc'cndam
1503 4209 1592 4256 com·

167 4305 293 4378 mc'ttit.
321 4349 348 4358 -
379 4303 607 4393 Cordinalcs,
637 4316 720 4380 autc
747 4333 858 4404 quam
880 4309 1134 4405 pronunciant,
1157 4317 1290 4404 partas
1325 4319 1429 4405 saepo
1455 4318 1490 4382 ct
1515 4334 1594 4380 sac-

159 4429 256 4528 pius
282 4430 525 4526 interrogant,
554 4432 591 4504 si
622 4432 716 4527 quoii
748 4433 834 4505 uooi
863 4433 1000 4504 addere
1035 4432 1172 4518 acllcnt,
1203 4442 1247 4504 ut
1280 4433 1378 4504 iuris
1411 4442 1445 4504 ct
1480 4435 1594 4506 marn

170 4563 267 4629 erat.

164 4727 286 4798 (Aaou.
300 4725 383 4784 Vnt.
401 4724 638 4797 «Pergameae
650 4728 887 4800 appartenenti
897 4727 1108 4786 ott'arctu'ot'o
1126 4728 1217 4787 detto
1230 4729 1342 4787 chiesa
1360 4728 1399 4785 di
1409 4727 1441 4785 S.
1461 4726 1488 4784 T
1484 4727 1594 4802 risone

84 4815 120 4872 in
140 4816 267 4874 Roma.
287 4815 323 4872 Α.
342 4816 363 4873 6
374 4829 399 4886 »3
419 4815 539 4886 iliona,
557 4813 727 4888 Pattotog.
747 4816 816 4888 lat,
833 4818 897 4875 vot.
915 4817 999 4888 204,
1017 4818 1075 4875 cot.
1096 4817 1188 4889 1391,
1207 4835 1239 4875 n.
1259 4815 1374 4887 XCII).

1216 4991 1294 5064 1188,
1314 4993 1409 5065 iunio,
1429 4991 1594 5052 Laterani.

168 5214 236 5232 .....
259 5153 342 5228 Nos
362 5155 590 5232 Alexius.....
613 5170 652 5230 et
671 5156 928 5232 lohannes.....
952 5155 1182 5244 Cardinales,
1205 5173 1334 5230 notum
1363 5157 1591 5232 iacimus...

88 5281 192 5378 quod
230 5305 316 5355 cum
347 5278 479 5354 Clerici
517 5279 554 5355 S.
585 5280 787 5378 Triphonis
815 5281 854 5358 S.
887 5282 1028 5357 Nicolai
1057 5282 1105 5355 de
1134 5281 1303 5357 Presecto
1331 5298 1370 5355 et
1397 5282 1435 5358 S.
1454 5279 1592 5355 'Salva-

87 5409 178 5483 toris
208 5407 257 5480 de
287 5405 391 5490 Sere,
422 5405 459 5478 in
487 5407 675 5502 presentia
703 5406 842 5481 domini
872 5406 973 5502 Pape
1003 5407 1209 5480 Clementis
1229 5406 1276 5478 111
1304 5406 1478 5503 querelas
1506 5431 1590 5502 pro-
