<?xml version="1.0" encoding="UTF-8"?>
<!DOCTYPE html PUBLIC "-//W3C//DTD XHTML 1.0 Transitional//EN"
    "http://www.w3.org/TR/xhtml1/DTD/xhtml1-transitional.dtd">
<html xmlns="http://www.w3.org/1999/xhtml" xml:lang="en" lang="en">
 <head>
  <title>
</title>
<meta http-equiv="Content-Type" content="text/html;charset=utf-8" />
  <meta name='ocr-system' content='tesseract 3.04.00' />
  <meta name='ocr-capabilities' content='ocr_page ocr_carea ocr_par ocr_line ocrx_word'/>
</head>
<body>
  <div class='ocr_page' id='page_1' title='image "./capellanipapaee00cercgoog_0625.png"; bbox 0 0 3686 5916; ppageno 0'>
   <div class='ocr_carea' id='block_1_1' title="bbox 698 321 1583 381">
    <p class='ocr_par' dir='ltr' id='par_1_1' title="bbox 698 321 1583 381">
     <span class='ocr_line' id='line_1_1' title="bbox 698 321 1583 381; baseline -0.001 -1"><span class='ocrx_word' id='word_1_1' title='bbox 698 321 865 381; x_wconf 85' lang='lat' dir='ltr'><em>Clemente</em></span> <span class='ocrx_word' id='word_1_2' title='bbox 885 321 974 380; x_wconf 89' lang='lat' dir='ltr'><em>XIII</em></span> <span class='ocrx_word' id='word_1_3' title='bbox 1531 321 1583 380; x_wconf 87' lang='grc'>581</span> 
     </span>
    </p>
   </div>
   <div class='ocr_carea' id='block_1_2' title="bbox 72 503 1675 5488">
    <p class='ocr_par' dir='ltr' id='par_1_2' title="bbox 78 503 1675 3740">
     <span class='ocr_line' id='line_1_2' title="bbox 84 503 1675 613; baseline 0 -25"><span class='ocrx_word' id='word_1_4' title='bbox 84 518 129 589; x_wconf 93' lang='lat' dir='ltr'>tis</span> <span class='ocrx_word' id='word_1_5' title='bbox 157 515 236 599; x_wconf 92' lang='lat' dir='ltr'>Vll,</span> <span class='ocrx_word' id='word_1_6' title='bbox 268 518 346 590; x_wconf 89' lang='lat' dir='ltr'>Sub</span> <span class='ocrx_word' id='word_1_7' title='bbox 375 518 505 591; x_wconf 90' lang='lat' dir='ltr'>datum</span> <span class='ocrx_word' id='word_1_8' title='bbox 535 518 679 590; x_wconf 88' lang='lat' dir='ltr'>Romae</span> <span class='ocrx_word' id='word_1_9' title='bbox 707 517 809 613; x_wconf 89' lang='lat' dir='ltr'>apud</span> <span class='ocrx_word' id='word_1_10' title='bbox 838 516 1016 590; x_wconf 88' lang='lat' dir='ltr'>Sanctum</span> <span class='ocrx_word' id='word_1_11' title='bbox 1047 516 1206 601; x_wconf 88' lang='lat' dir='ltr'>Petrum,</span> <span class='ocrx_word' id='word_1_12' title='bbox 1237 540 1337 588; x_wconf 89' lang='lat' dir='ltr'>anno</span> <span class='ocrx_word' id='word_1_13' title='bbox 1365 516 1584 589; x_wconf 90' lang='lat' dir='ltr'>lncarnatio·</span> <span class='ocrx_word' id='word_1_14' title='bbox 1673 503 1675 506; x_wconf 31' lang='lat'>⁵</span> 
     </span>
     <span class='ocr_line' id='line_1_3' title="bbox 85 637 1583 739; baseline 0.001 -28"><span class='ocrx_word' id='word_1_15' title='bbox 85 642 138 713; x_wconf 92' lang='lat' dir='ltr'>nis</span> <span class='ocrx_word' id='word_1_16' title='bbox 170 641 388 716; x_wconf 87' lang='lat' dir='ltr'>Dominieae</span> <span class='ocrx_word' id='word_1_17' title='bbox 417 664 559 727; x_wconf 69' lang='lat' dir='ltr'>uuxxv</span> <span class='ocrx_word' id='word_1_18' title='bbox 592 642 711 714; x_wconf 87' lang='lat' dir='ltr'><strong>Nonis</strong></span> <span class='ocrx_word' id='word_1_19' title='bbox 742 643 914 739; x_wconf 85' lang='lat' dir='ltr'><strong>Augusti,</strong></span> <span class='ocrx_word' id='word_1_20' title='bbox 947 637 1186 714; x_wconf 88' lang='lat' dir='ltr'>Pontificatus</span> <span class='ocrx_word' id='word_1_21' title='bbox 1206 640 1264 714; x_wconf 93' lang='lat' dir='ltr'>sui</span> <span class='ocrx_word' id='word_1_22' title='bbox 1282 664 1381 714; x_wconf 89' lang='lat' dir='ltr'>anno</span> <span class='ocrx_word' id='word_1_23' title='bbox 1401 641 1583 728; x_wconf 92' lang='lat' dir='ltr'>secundo;</span> 
     </span>
     <span class='ocr_line' id='line_1_4' title="bbox 83 765 1585 864; baseline -0.001 -25"><span class='ocrx_word' id='word_1_24' title='bbox 83 768 138 839; x_wconf 88' lang='lat' dir='ltr'>Ac</span> <span class='ocrx_word' id='word_1_25' title='bbox 156 769 267 839; x_wconf 89' lang='lat' dir='ltr'>etiam</span> <span class='ocrx_word' id='word_1_26' title='bbox 288 767 514 862; x_wconf 89' lang='lat' dir='ltr'>expediendi</span> <span class='ocrx_word' id='word_1_27' title='bbox 537 767 656 864; x_wconf 82' lang='lat' dir='ltr'>gratis</span> <span class='ocrx_word' id='word_1_28' title='bbox 675 790 935 862; x_wconf 90' lang='lat' dir='ltr'>quascumque</span> <span class='ocrx_word' id='word_1_29' title='bbox 955 765 1118 839; x_wconf 82' lang='lat' dir='ltr'><strong>Litteras</strong></span> <span class='ocrx_word' id='word_1_30' title='bbox 1138 765 1380 860; x_wconf 87' lang='lat' dir='ltr'>Apostolicas</span> <span class='ocrx_word' id='word_1_31' title='bbox 1399 766 1435 837; x_wconf 91' lang='lat' dir='ltr'>in</span> <span class='ocrx_word' id='word_1_32' title='bbox 1455 789 1585 840; x_wconf 90' lang='lat' dir='ltr'>eorum</span> 
     </span>
     <span class='ocr_line' id='line_1_5' title="bbox 80 889 1582 989; baseline 0 -25"><span class='ocrx_word' id='word_1_33' title='bbox 80 893 245 964; x_wconf 87' lang='lat' dir='ltr'>favorem</span> <span class='ocrx_word' id='word_1_34' title='bbox 287 916 357 987; x_wconf 91' lang='lat' dir='ltr'>per</span> <span class='ocrx_word' id='word_1_35' title='bbox 397 893 494 966; x_wconf 89' lang='lat' dir='ltr'>viam</span> <span class='ocrx_word' id='word_1_36' title='bbox 538 907 733 973; x_wconf 86' lang='lat' dir='ltr'>secretam,</span> <span class='ocrx_word' id='word_1_37' title='bbox 778 893 880 964; x_wconf 89' lang='lat' dir='ltr'>iuxta</span> <span class='ocrx_word' id='word_1_38' title='bbox 921 889 1025 976; x_wconf 88' lang='lat' dir='ltr'>alias,</span> <span class='ocrx_word' id='word_1_39' title='bbox 1056 892 1250 989; x_wconf 84' lang='lat' dir='ltr'>signanter</span> <span class='ocrx_word' id='word_1_40' title='bbox 1291 889 1496 964; x_wconf 88' lang='lat' dir='ltr'>Clementis</span> <span class='ocrx_word' id='word_1_41' title='bbox 1532 889 1582 964; x_wconf 91' lang='lat' dir='ltr'>X.</span> 
     </span>
     <span class='ocr_line' id='line_1_6' title="bbox 83 1014 1584 1112; baseline 0.001 -25"><span class='ocrx_word' id='word_1_42' title='bbox 83 1015 419 1090; x_wconf 88' lang='lat' dir='ltr'>Praedecessorum</span> <span class='ocrx_word' id='word_1_43' title='bbox 449 1018 714 1112; x_wconf 87' lang='lat' dir='ltr'>praefatorum,</span> <span class='ocrx_word' id='word_1_44' title='bbox 744 1017 816 1089; x_wconf 92' lang='lat' dir='ltr'>sub</span> <span class='ocrx_word' id='word_1_45' title='bbox 837 1016 978 1089; x_wconf 88' lang='lat' dir='ltr'>Datum</span> <span class='ocrx_word' id='word_1_46' title='bbox 999 1016 1143 1088; x_wconf 87' lang='lat' dir='ltr'>Rornae</span> <span class='ocrx_word' id='word_1_47' title='bbox 1170 1016 1271 1110; x_wconf 89' lang='lat' dir='ltr'>apud</span> <span class='ocrx_word' id='word_1_48' title='bbox 1300 1014 1476 1088; x_wconf 88' lang='lat' dir='ltr'>Sanctam</span> <span class='ocrx_word' id='word_1_49' title='bbox 1507 1016 1584 1088; x_wconf 92' lang='lat' dir='ltr'>Ma-</span> 
     </span>
     <span class='ocr_line' id='line_1_7' title="bbox 81 1137 1584 1232; baseline 0.001 -20"><span class='ocrx_word' id='word_1_50' title='bbox 81 1142 171 1214; x_wconf 90' lang='lat' dir='ltr'>riam</span> <span class='ocrx_word' id='word_1_51' title='bbox 202 1141 396 1225; x_wconf 85' lang='lat' dir='ltr'>Maiorem,</span> <span class='ocrx_word' id='word_1_52' title='bbox 427 1142 541 1215; x_wconf 85' lang='lat' dir='ltr'>Anno</span> <span class='ocrx_word' id='word_1_53' title='bbox 569 1142 682 1215; x_wconf 89' lang='lat' dir='ltr'>etiam</span> <span class='ocrx_word' id='word_1_54' title='bbox 711 1141 979 1215; x_wconf 86' lang='lat' dir='ltr'>lucamationis</span> <span class='ocrx_word' id='word_1_55' title='bbox 1008 1139 1227 1215; x_wconf 89' lang='lat' dir='ltr'>Dominieae</span> <span class='ocrx_word' id='word_1_56' title='bbox 1254 1161 1435 1215; x_wconf 79' lang='lat' dir='ltr'>unctxxr.</span> <span class='ocrx_word' id='word_1_57' title='bbox 1465 1137 1584 1232; x_wconf 84' lang='lat' dir='ltr'>Quar-</span> 
     </span>
     <span class='ocr_line' id='line_1_8' title="bbox 81 1265 1584 1362; baseline 0.002 -25"><span class='ocrx_word' id='word_1_58' title='bbox 81 1265 268 1339; x_wconf 91' lang='lat' dir='ltr'>todecimo</span> <span class='ocrx_word' id='word_1_59' title='bbox 298 1266 489 1340; x_wconf 86' lang='lat' dir='ltr'>Kalendas</span> <span class='ocrx_word' id='word_1_60' title='bbox 517 1265 674 1340; x_wconf 86' lang='lat' dir='ltr'>Ianuarii</span> <span class='ocrx_word' id='word_1_61' title='bbox 703 1266 942 1340; x_wconf 88' lang='lat' dir='ltr'>Pontificatus</span> <span class='ocrx_word' id='word_1_62' title='bbox 970 1265 1028 1339; x_wconf 93' lang='lat' dir='ltr'>sui</span> <span class='ocrx_word' id='word_1_63' title='bbox 1050 1289 1149 1339; x_wconf 92' lang='lat' dir='ltr'>anno</span> <span class='ocrx_word' id='word_1_64' title='bbox 1175 1267 1351 1352; x_wconf 89' lang='lat' dir='ltr'>secundo,</span> <span class='ocrx_word' id='word_1_65' title='bbox 1374 1265 1584 1362; x_wconf 87' lang='lat' dir='ltr'>respective</span> 
     </span>
     <span class='ocr_line' id='line_1_9' title="bbox 80 1390 1585 1488; baseline 0.001 -26"><span class='ocrx_word' id='word_1_66' title='bbox 80 1390 276 1486; x_wconf 87' lang='lat' dir='ltr'>expeditas</span> <span class='ocrx_word' id='word_1_67' title='bbox 304 1392 466 1479; x_wconf 88' lang='lat' dir='ltr'>litteras;</span> <span class='ocrx_word' id='word_1_68' title='bbox 497 1417 543 1465; x_wconf 89' lang='lat' dir='ltr'>ne</span> <span class='ocrx_word' id='word_1_69' title='bbox 570 1391 631 1466; x_wconf 89' lang='lat' dir='ltr'>illa</span> <span class='ocrx_word' id='word_1_70' title='bbox 660 1393 695 1466; x_wconf 89' lang='lat' dir='ltr'>in</span> <span class='ocrx_word' id='word_1_71' title='bbox 725 1391 876 1465; x_wconf 91' lang='lat' dir='ltr'>dubium</span> <span class='ocrx_word' id='word_1_72' title='bbox 906 1392 1073 1464; x_wconf 90' lang='lat' dir='ltr'>revocari</span> <span class='ocrx_word' id='word_1_73' title='bbox 1101 1407 1250 1487; x_wconf 87' lang='lat' dir='ltr'>queant,</span> <span class='ocrx_word' id='word_1_74' title='bbox 1268 1406 1335 1464; x_wconf 89' lang='lat' dir='ltr'>aut</span> <span class='ocrx_word' id='word_1_75' title='bbox 1353 1416 1467 1488; x_wconf 90' lang='lat' dir='ltr'>super</span> <span class='ocrx_word' id='word_1_76' title='bbox 1486 1393 1585 1487; x_wconf 91' lang='lat' dir='ltr'>ipsa·</span> 
     </span>
     <span class='ocr_line' id='line_1_10' title="bbox 81 1514 1581 1612; baseline 0.003 -27"><span class='ocrx_word' id='word_1_77' title='bbox 81 1539 162 1587; x_wconf 90' lang='lat' dir='ltr'>rum</span> <span class='ocrx_word' id='word_1_78' title='bbox 190 1514 398 1589; x_wconf 89' lang='lat' dir='ltr'>litterarum</span> <span class='ocrx_word' id='word_1_79' title='bbox 436 1517 756 1612; x_wconf 87' lang='lat' dir='ltr'>interpretatione,</span> <span class='ocrx_word' id='word_1_80' title='bbox 786 1533 825 1590; x_wconf 93' lang='lat' dir='ltr'>et</span> <span class='ocrx_word' id='word_1_81' title='bbox 862 1540 931 1589; x_wconf 92' lang='lat' dir='ltr'>usu</span> <span class='ocrx_word' id='word_1_82' title='bbox 969 1515 1094 1610; x_wconf 91' lang='lat' dir='ltr'>aliqua</span> <span class='ocrx_word' id='word_1_83' title='bbox 1131 1517 1346 1590; x_wconf 86' lang='lat' dir='ltr'>suboriatur</span> <span class='ocrx_word' id='word_1_84' title='bbox 1373 1515 1581 1602; x_wconf 90' lang='lat' dir='ltr'>difficultas,</span> 
     </span>
     <span class='ocr_line' id='line_1_11' title="bbox 79 1641 1584 1736; baseline 0.002 -26"><span class='ocrx_word' id='word_1_85' title='bbox 79 1655 280 1734; x_wconf 89' lang='lat' dir='ltr'>utrumque</span> <span class='ocrx_word' id='word_1_86' title='bbox 302 1643 564 1736; x_wconf 88' lang='lat' dir='ltr'>praesentibus</span> <span class='ocrx_word' id='word_1_87' title='bbox 584 1642 720 1714; x_wconf 86' lang='lat' dir='ltr'>nostris</span> <span class='ocrx_word' id='word_1_88' title='bbox 741 1642 872 1715; x_wconf 89' lang='lat' dir='ltr'>litteris</span> <span class='ocrx_word' id='word_1_89' title='bbox 891 1665 1063 1714; x_wconf 85' lang='lat' dir='ltr'>asserere</span> <span class='ocrx_word' id='word_1_90' title='bbox 1082 1657 1121 1713; x_wconf 90' lang='lat' dir='ltr'>et</span> <span class='ocrx_word' id='word_1_91' title='bbox 1140 1641 1341 1726; x_wconf 87' lang='lat' dir='ltr'>declarare,</span> <span class='ocrx_word' id='word_1_92' title='bbox 1363 1641 1451 1736; x_wconf 90' lang='lat' dir='ltr'>quin</span> <span class='ocrx_word' id='word_1_93' title='bbox 1472 1643 1584 1714; x_wconf 90' lang='lat' dir='ltr'>etiam</span> 
     </span>
     <span class='ocr_line' id='line_1_12' title="bbox 78 1764 1584 1863; baseline 0 -26"><span class='ocrx_word' id='word_1_94' title='bbox 78 1766 322 1860; x_wconf 88' lang='lat' dir='ltr'>amplioribus</span> <span class='ocrx_word' id='word_1_95' title='bbox 351 1767 623 1862; x_wconf 80' lang='lat' dir='ltr'>praerogativis</span> <span class='ocrx_word' id='word_1_96' title='bbox 651 1769 936 1863; x_wconf 88' lang='lat' dir='ltr'>potioribusque</span> <span class='ocrx_word' id='word_1_97' title='bbox 964 1764 1150 1839; x_wconf 89' lang='lat' dir='ltr'>beneficiis</span> <span class='ocrx_word' id='word_1_98' title='bbox 1177 1765 1259 1839; x_wconf 91' lang='lat' dir='ltr'>illos</span> <span class='ocrx_word' id='word_1_99' title='bbox 1287 1789 1428 1862; x_wconf 90' lang='lat' dir='ltr'>augere</span> <span class='ocrx_word' id='word_1_100' title='bbox 1455 1765 1584 1838; x_wconf 91' lang='lat' dir='ltr'>volen-</span> 
     </span>
     <span class='ocr_line' id='line_1_13' title="bbox 81 1889 1584 1986; baseline 0.001 -25"><span class='ocrx_word' id='word_1_101' title='bbox 81 1903 159 1976; x_wconf 90' lang='lat' dir='ltr'>tes;</span> <span class='ocrx_word' id='word_1_102' title='bbox 190 1890 285 1986; x_wconf 92' lang='lat' dir='ltr'>Ipsis</span> <span class='ocrx_word' id='word_1_103' title='bbox 314 1891 570 1977; x_wconf 86' lang='lat' dir='ltr'>Auditoribus,</span> <span class='ocrx_word' id='word_1_104' title='bbox 591 1909 631 1965; x_wconf 90' lang='lat' dir='ltr'>et</span> <span class='ocrx_word' id='word_1_105' title='bbox 658 1891 1016 1966; x_wconf 90' lang='lat' dir='ltr'>Locumtenentibus</span> <span class='ocrx_word' id='word_1_106' title='bbox 1044 1889 1245 1974; x_wconf 90' lang='lat' dir='ltr'>modernis,</span> <span class='ocrx_word' id='word_1_107' title='bbox 1267 1907 1305 1964; x_wconf 89' lang='lat' dir='ltr'>et</span> <span class='ocrx_word' id='word_1_108' title='bbox 1323 1915 1393 1986; x_wconf 92' lang='lat' dir='ltr'>pro</span> <span class='ocrx_word' id='word_1_109' title='bbox 1412 1908 1584 1986; x_wconf 89' lang='lat' dir='ltr'>ternpore</span> 
     </span>
     <span class='ocr_line' id='line_1_14' title="bbox 80 2013 1584 2114; baseline -0.001 -28"><span class='ocrx_word' id='word_1_110' title='bbox 80 2015 338 2098; x_wconf 86' lang='lat' dir='ltr'>existentibus,</span> <span class='ocrx_word' id='word_1_111' title='bbox 368 2032 566 2089; x_wconf 89' lang='lat' dir='ltr'>uteorum</span> <span class='ocrx_word' id='word_1_112' title='bbox 596 2017 740 2114; x_wconf 90' lang='lat' dir='ltr'>singuli,</span> <span class='ocrx_word' id='word_1_113' title='bbox 773 2015 874 2090; x_wconf 92' lang='lat' dir='ltr'>domi</span> <span class='ocrx_word' id='word_1_114' title='bbox 902 2017 1076 2111; x_wconf 88' lang='lat' dir='ltr'>propriae</span> <span class='ocrx_word' id='word_1_115' title='bbox 1105 2016 1351 2100; x_wconf 90' lang='lat' dir='ltr'>habitationis,</span> <span class='ocrx_word' id='word_1_116' title='bbox 1382 2014 1519 2088; x_wconf 89' lang='lat' dir='ltr'>nedum</span> <span class='ocrx_word' id='word_1_117' title='bbox 1548 2013 1584 2086; x_wconf 91' lang='lat' dir='ltr'>in</span> 
     </span>
     <span class='ocr_line' id='line_1_15' title="bbox 81 2137 1583 2237; baseline 0.002 -28"><span class='ocrx_word' id='word_1_118' title='bbox 81 2137 195 2222; x_wconf 87' lang='lat' dir='ltr'>Urbe,</span> <span class='ocrx_word' id='word_1_119' title='bbox 226 2140 435 2214; x_wconf 88' lang='lat' dir='ltr'>sedetiam</span> <span class='ocrx_word' id='word_1_120' title='bbox 463 2142 500 2215; x_wconf 92' lang='lat' dir='ltr'>in</span> <span class='ocrx_word' id='word_1_121' title='bbox 528 2142 721 2237; x_wconf 91' lang='lat' dir='ltr'>quibusvis</span> <span class='ocrx_word' id='word_1_122' title='bbox 752 2141 985 2224; x_wconf 87' lang='lat' dir='ltr'>Civitatibus,</span> <span class='ocrx_word' id='word_1_123' title='bbox 1016 2155 1055 2213; x_wconf 91' lang='lat' dir='ltr'>et</span> <span class='ocrx_word' id='word_1_124' title='bbox 1085 2140 1343 2226; x_wconf 84' lang='lat' dir='ltr'>Dioecesibus,</span> <span class='ocrx_word' id='word_1_125' title='bbox 1374 2141 1410 2212; x_wconf 92' lang='lat' dir='ltr'>in</span> <span class='ocrx_word' id='word_1_126' title='bbox 1447 2141 1583 2236; x_wconf 90' lang='lat' dir='ltr'>quibus</span> 
     </span>
     <span class='ocr_line' id='line_1_16' title="bbox 78 2243 1584 2364; baseline 0.003 -28"><span class='ocrx_word' id='word_1_127' title='bbox 78 2287 144 2337; x_wconf 91' lang='lat' dir='ltr'>eos</span> <span class='ocrx_word' id='word_1_128' title='bbox 189 2289 258 2360; x_wconf 90' lang='lat' dir='ltr'>pro</span> <span class='ocrx_word' id='word_1_129' title='bbox 300 2243 471 2362; x_wconf 87' lang='lat' dir='ltr'>tempore</span> <span class='ocrx_word' id='word_1_130' title='bbox 511 2267 735 2340; x_wconf 91' lang='lat' dir='ltr'>commorari</span> <span class='ocrx_word' id='word_1_131' title='bbox 776 2266 985 2364; x_wconf 90' lang='lat' dir='ltr'>contigerit,</span> <span class='ocrx_word' id='word_1_132' title='bbox 1023 2265 1155 2339; x_wconf 87' lang='lat' dir='ltr'>Altare</span> <span class='ocrx_word' id='word_1_133' title='bbox 1193 2291 1299 2339; x_wconf 89' lang='lat' dir='ltr'>sacra</span> <span class='ocrx_word' id='word_1_134' title='bbox 1336 2265 1584 2361; x_wconf 88' lang='lat' dir='ltr'>suppellectili</span> 
     </span>
     <span class='ocr_line' id='line_1_17' title="bbox 79 2387 1583 2472; baseline 0.003 -14"><span class='ocrx_word' id='word_1_135' title='bbox 79 2387 312 2472; x_wconf 88' lang='lat' dir='ltr'>instructum,</span> <span class='ocrx_word' id='word_1_136' title='bbox 342 2391 449 2463; x_wconf 89' lang='lat' dir='ltr'>acin</span> <span class='ocrx_word' id='word_1_137' title='bbox 479 2390 627 2464; x_wconf 89' lang='lat' dir='ltr'>decenti</span> <span class='ocrx_word' id='word_1_138' title='bbox 654 2391 737 2465; x_wconf 91' lang='lat' dir='ltr'>loco</span> <span class='ocrx_word' id='word_1_139' title='bbox 764 2393 813 2465; x_wconf 90' lang='lat' dir='ltr'>ab</span> <span class='ocrx_word' id='word_1_140' title='bbox 849 2391 1022 2464; x_wconf 88' lang='lat' dir='ltr'>omnibus</span> <span class='ocrx_word' id='word_1_141' title='bbox 1060 2390 1275 2464; x_wconf 89' lang='lat' dir='ltr'>domesticis</span> <span class='ocrx_word' id='word_1_142' title='bbox 1310 2390 1439 2463; x_wconf 93' lang='lat' dir='ltr'>usibus</span> <span class='ocrx_word' id='word_1_143' title='bbox 1467 2389 1583 2463; x_wconf 90' lang='lat' dir='ltr'>libero</span> 
     </span>
     <span class='ocr_line' id='line_1_18' title="bbox 79 2513 1583 2611; baseline 0.003 -27"><span class='ocrx_word' id='word_1_144' title='bbox 79 2513 237 2611; x_wconf 90' lang='lat' dir='ltr'>erigere,</span> <span class='ocrx_word' id='word_1_145' title='bbox 267 2530 306 2587; x_wconf 93' lang='lat' dir='ltr'>et</span> <span class='ocrx_word' id='word_1_146' title='bbox 334 2540 448 2609; x_wconf 90' lang='lat' dir='ltr'>supra</span> <span class='ocrx_word' id='word_1_147' title='bbox 476 2514 565 2589; x_wconf 93' lang='lat' dir='ltr'>illud</span> <span class='ocrx_word' id='word_1_148' title='bbox 594 2516 881 2590; x_wconf 90' lang='lat' dir='ltr'>Sacrosanctum</span> <span class='ocrx_word' id='word_1_149' title='bbox 918 2515 1059 2588; x_wconf 88' lang='lat' dir='ltr'>Missae</span> <span class='ocrx_word' id='word_1_150' title='bbox 1094 2514 1330 2602; x_wconf 89' lang='lat' dir='ltr'>Sacrificium,</span> <span class='ocrx_word' id='word_1_151' title='bbox 1362 2515 1418 2589; x_wconf 91' lang='lat' dir='ltr'>bis</span> <span class='ocrx_word' id='word_1_152' title='bbox 1451 2516 1583 2589; x_wconf 89' lang='lat' dir='ltr'>diebus</span> 
     </span>
     <span class='ocr_line' id='line_1_19' title="bbox 79 2637 1583 2736; baseline 0.002 -28"><span class='ocrx_word' id='word_1_153' title='bbox 79 2637 247 2736; x_wconf 88' lang='lat' dir='ltr'>singulis,</span> <span class='ocrx_word' id='word_1_154' title='bbox 278 2639 388 2714; x_wconf 90' lang='lat' dir='ltr'>etiam</span> <span class='ocrx_word' id='word_1_155' title='bbox 418 2641 523 2714; x_wconf 88' lang='lat' dir='ltr'>festis</span> <span class='ocrx_word' id='word_1_156' title='bbox 552 2641 849 2728; x_wconf 90' lang='lat' dir='ltr'>solemnioribus,</span> <span class='ocrx_word' id='word_1_157' title='bbox 879 2657 918 2714; x_wconf 88' lang='lat' dir='ltr'>et</span> <span class='ocrx_word' id='word_1_158' title='bbox 945 2656 1033 2714; x_wconf 90' lang='lat' dir='ltr'>ante</span> <span class='ocrx_word' id='word_1_159' title='bbox 1062 2639 1274 2724; x_wconf 89' lang='lat' dir='ltr'>diluculum,</span> <span class='ocrx_word' id='word_1_160' title='bbox 1303 2656 1342 2713; x_wconf 92' lang='lat' dir='ltr'>et</span> <span class='ocrx_word' id='word_1_161' title='bbox 1365 2664 1434 2735; x_wconf 91' lang='lat' dir='ltr'>per</span> <span class='ocrx_word' id='word_1_162' title='bbox 1452 2639 1583 2712; x_wconf 90' lang='lat' dir='ltr'>horam</span> 
     </span>
     <span class='ocr_line' id='line_1_20' title="bbox 79 2764 1583 2861; baseline 0.002 -27"><span class='ocrx_word' id='word_1_163' title='bbox 79 2778 168 2854; x_wconf 90' lang='lat' dir='ltr'>post</span> <span class='ocrx_word' id='word_1_164' title='bbox 196 2764 398 2848; x_wconf 88' lang='lat' dir='ltr'>meridiem,</span> <span class='ocrx_word' id='word_1_165' title='bbox 428 2768 574 2861; x_wconf 89' lang='lat' dir='ltr'>absque</span> <span class='ocrx_word' id='word_1_166' title='bbox 600 2767 724 2861; x_wconf 88' lang='lat' dir='ltr'>aliqua</span> <span class='ocrx_word' id='word_1_167' title='bbox 754 2764 1035 2838; x_wconf 89' lang='lat' dir='ltr'>Ordinariorum</span> <span class='ocrx_word' id='word_1_168' title='bbox 1063 2765 1275 2838; x_wconf 87' lang='lat' dir='ltr'>visitatione</span> <span class='ocrx_word' id='word_1_169' title='bbox 1303 2781 1342 2838; x_wconf 91' lang='lat' dir='ltr'>et</span> <span class='ocrx_word' id='word_1_170' title='bbox 1369 2764 1524 2851; x_wconf 88' lang='lat' dir='ltr'>licentia,</span> <span class='ocrx_word' id='word_1_171' title='bbox 1547 2765 1583 2837; x_wconf 94' lang='lat' dir='ltr'>in</span> 
     </span>
     <span class='ocr_line' id='line_1_21' title="bbox 79 2889 1584 2986; baseline 0.001 -28"><span class='ocrx_word' id='word_1_172' title='bbox 79 2911 212 2961; x_wconf 87' lang='lat' dir='ltr'>eorum</span> <span class='ocrx_word' id='word_1_173' title='bbox 253 2905 378 2964; x_wconf 90' lang='lat' dir='ltr'>tamen</span> <span class='ocrx_word' id='word_1_174' title='bbox 419 2891 642 2984; x_wconf 88' lang='lat' dir='ltr'>praesentia,</span> <span class='ocrx_word' id='word_1_175' title='bbox 673 2915 742 2986; x_wconf 83' lang='lat' dir='ltr'>per</span> <span class='ocrx_word' id='word_1_176' title='bbox 781 2889 970 2985; x_wconf 87' lang='lat' dir='ltr'>quoslibet</span> <span class='ocrx_word' id='word_1_177' title='bbox 1002 2889 1228 2964; x_wconf 90' lang='lat' dir='ltr'>Sacerdotes</span> <span class='ocrx_word' id='word_1_178' title='bbox 1266 2889 1489 2976; x_wconf 88' lang='lat' dir='ltr'>saeculares,</span> <span class='ocrx_word' id='word_1_179' title='bbox 1519 2904 1584 2962; x_wconf 93' lang='lat' dir='ltr'>aut</span> 
     </span>
     <span class='ocr_line' id='line_1_22' title="bbox 81 3014 1582 3113; baseline 0.003 -29"><span class='ocrx_word' id='word_1_180' title='bbox 81 3015 243 3088; x_wconf 92' lang='lat' dir='ltr'>cuiusvis</span> <span class='ocrx_word' id='word_1_181' title='bbox 272 3014 424 3088; x_wconf 90' lang='lat' dir='ltr'>Ordinis</span> <span class='ocrx_word' id='word_1_182' title='bbox 453 3032 492 3090; x_wconf 91' lang='lat' dir='ltr'>et</span> <span class='ocrx_word' id='word_1_183' title='bbox 519 3017 689 3104; x_wconf 87' lang='lat' dir='ltr'>instituti,</span> <span class='ocrx_word' id='word_1_184' title='bbox 721 3017 971 3090; x_wconf 90' lang='lat' dir='ltr'>annuentibus</span> <span class='ocrx_word' id='word_1_185' title='bbox 999 3041 1129 3090; x_wconf 89' lang='lat' dir='ltr'>eorum</span> <span class='ocrx_word' id='word_1_186' title='bbox 1162 3014 1435 3112; x_wconf 88' lang='lat' dir='ltr'>Superioribus,</span> <span class='ocrx_word' id='word_1_187' title='bbox 1459 3016 1582 3113; x_wconf 90' lang='lat' dir='ltr'>Regu·</span> 
     </span>
     <span class='ocr_line' id='line_1_23' title="bbox 81 3137 1580 3237; baseline 0.003 -28"><span class='ocrx_word' id='word_1_188' title='bbox 81 3137 189 3224; x_wconf 89' lang='lat' dir='ltr'>lares,</span> <span class='ocrx_word' id='word_1_189' title='bbox 219 3138 399 3214; x_wconf 89' lang='lat' dir='ltr'>celebrari</span> <span class='ocrx_word' id='word_1_190' title='bbox 426 3141 560 3228; x_wconf 84' lang='lat' dir='ltr'>iacere,</span> <span class='ocrx_word' id='word_1_191' title='bbox 589 3158 656 3214; x_wconf 89' lang='lat' dir='ltr'>aut</span> <span class='ocrx_word' id='word_1_192' title='bbox 683 3140 899 3215; x_wconf 89' lang='lat' dir='ltr'>eorumdem</span> <span class='ocrx_word' id='word_1_193' title='bbox 922 3141 1121 3215; x_wconf 88' lang='lat' dir='ltr'>Sacrorum</span> <span class='ocrx_word' id='word_1_194' title='bbox 1140 3141 1299 3214; x_wconf 87' lang='lat' dir='ltr'>alterum</span> <span class='ocrx_word' id='word_1_195' title='bbox 1318 3165 1447 3237; x_wconf 89' lang='lat' dir='ltr'>perse</span> <span class='ocrx_word' id='word_1_196' title='bbox 1466 3141 1580 3236; x_wconf 94' lang='lat' dir='ltr'>ipsos,</span> 
     </span>
     <span class='ocr_line' id='line_1_24' title="bbox 80 3263 1582 3362; baseline 0.001 -26"><span class='ocrx_word' id='word_1_197' title='bbox 80 3279 266 3359; x_wconf 88' lang='lat' dir='ltr'>quatenus</span> <span class='ocrx_word' id='word_1_198' title='bbox 309 3265 518 3362; x_wconf 90' lang='lat' dir='ltr'>Presbyteri</span> <span class='ocrx_word' id='word_1_199' title='bbox 560 3267 644 3354; x_wconf 92' lang='lat' dir='ltr'>sint,</span> <span class='ocrx_word' id='word_1_200' title='bbox 674 3267 875 3346; x_wconf 85' lang='lat' dir='ltr'>celebrare,</span> <span class='ocrx_word' id='word_1_201' title='bbox 905 3266 1020 3340; x_wconf 89' lang='lat' dir='ltr'>libere</span> <span class='ocrx_word' id='word_1_202' title='bbox 1061 3281 1099 3339; x_wconf 89' lang='lat' dir='ltr'>et</span> <span class='ocrx_word' id='word_1_203' title='bbox 1135 3265 1231 3340; x_wconf 90' lang='lat' dir='ltr'>licite</span> <span class='ocrx_word' id='word_1_204' title='bbox 1267 3265 1437 3342; x_wconf 88' lang='lat' dir='ltr'>valeant:</span> <span class='ocrx_word' id='word_1_205' title='bbox 1467 3263 1582 3358; x_wconf 83' lang='lat' dir='ltr'>Quod</span> 
     </span>
     <span class='ocr_line' id='line_1_25' title="bbox 80 3389 1582 3488; baseline 0.002 -28"><span class='ocrx_word' id='word_1_206' title='bbox 80 3389 231 3484; x_wconf 91' lang='lat' dir='ltr'>quidem</span> <span class='ocrx_word' id='word_1_207' title='bbox 254 3390 394 3464; x_wconf 90' lang='lat' dir='ltr'>Missae</span> <span class='ocrx_word' id='word_1_208' title='bbox 415 3392 652 3479; x_wconf 88' lang='lat' dir='ltr'>Sacrificium,</span> <span class='ocrx_word' id='word_1_209' title='bbox 674 3391 709 3465; x_wconf 94' lang='lat' dir='ltr'>in</span> <span class='ocrx_word' id='word_1_210' title='bbox 730 3393 921 3488; x_wconf 88' lang='lat' dir='ltr'>praecepti</span> <span class='ocrx_word' id='word_1_211' title='bbox 939 3390 1271 3486; x_wconf 88' lang='lat' dir='ltr'>adimplementum</span> <span class='ocrx_word' id='word_1_212' title='bbox 1289 3393 1403 3465; x_wconf 89' lang='lat' dir='ltr'>etiam</span> <span class='ocrx_word' id='word_1_213' title='bbox 1432 3392 1582 3487; x_wconf 93' lang='lat' dir='ltr'>quibus·</span> 
     </span>
     <span class='ocr_line' id='line_1_26' title="bbox 78 3513 1581 3612; baseline 0.003 -27"><span class='ocrx_word' id='word_1_214' title='bbox 78 3537 241 3609; x_wconf 89' lang='lat' dir='ltr'>cumque</span> <span class='ocrx_word' id='word_1_215' title='bbox 278 3515 451 3588; x_wconf 90' lang='lat' dir='ltr'>Personis</span> <span class='ocrx_word' id='word_1_216' title='bbox 483 3531 571 3590; x_wconf 92' lang='lat' dir='ltr'>tunc</span> <span class='ocrx_word' id='word_1_217' title='bbox 613 3517 875 3612; x_wconf 85' lang='lat' dir='ltr'>praesentibus</span> <span class='ocrx_word' id='word_1_218' title='bbox 917 3513 1081 3611; x_wconf 88' lang='lat' dir='ltr'>plenarie</span> <span class='ocrx_word' id='word_1_219' title='bbox 1124 3515 1360 3612; x_wconf 81' lang='lat' dir='ltr'>suffragetur,</span> <span class='ocrx_word' id='word_1_220' title='bbox 1390 3516 1581 3612; x_wconf 88' lang='lat' dir='ltr'>perpetuis</span> 
     </span>
     <span class='ocr_line' id='line_1_27' title="bbox 78 3639 1096 3740; baseline 0.004 -30"><span class='ocrx_word' id='word_1_221' title='bbox 78 3639 213 3714; x_wconf 88' lang='lat' dir='ltr'>futuris</span> <span class='ocrx_word' id='word_1_222' title='bbox 241 3642 473 3736; x_wconf 90' lang='lat' dir='ltr'>temporibus</span> <span class='ocrx_word' id='word_1_223' title='bbox 501 3642 752 3728; x_wconf 90' lang='lat' dir='ltr'>concedimus,</span> <span class='ocrx_word' id='word_1_224' title='bbox 782 3657 822 3715; x_wconf 89' lang='lat' dir='ltr'>et</span> <span class='ocrx_word' id='word_1_225' title='bbox 848 3640 1096 3740; x_wconf 89' lang='lat' dir='ltr'>indulgemus.</span> 
     </span>
    </p>

    <p class='ocr_par' dir='ltr' id='par_1_3' title="bbox 72 3764 1621 5488">
     <span class='ocr_line' id='line_1_28' title="bbox 162 3764 1581 3861; baseline 0.001 -25"><span class='ocrx_word' id='word_1_226' title='bbox 162 3765 411 3840; x_wconf 86' lang='lat' dir='ltr'>Pariformiter</span> <span class='ocrx_word' id='word_1_227' title='bbox 441 3767 655 3861; x_wconf 88' lang='lat' dir='ltr'>praemissis</span> <span class='ocrx_word' id='word_1_228' title='bbox 680 3765 889 3839; x_wconf 71' lang='lat' dir='ltr'>&#39;Clementis</span> <span class='ocrx_word' id='word_1_229' title='bbox 908 3765 944 3837; x_wconf 91' lang='lat' dir='ltr'>X</span> <span class='ocrx_word' id='word_1_230' title='bbox 967 3766 1273 3838; x_wconf 89' lang='lat' dir='ltr'>Praedecessoris</span> <span class='ocrx_word' id='word_1_231' title='bbox 1300 3764 1432 3838; x_wconf 90' lang='lat' dir='ltr'>litteris</span> <span class='ocrx_word' id='word_1_232' title='bbox 1460 3766 1581 3838; x_wconf 91' lang='lat' dir='ltr'>inhae-</span> 
     </span>
     <span class='ocr_line' id='line_1_29' title="bbox 78 3890 1582 3989; baseline 0.001 -28"><span class='ocrx_word' id='word_1_233' title='bbox 78 3906 218 3976; x_wconf 89' lang='lat' dir='ltr'>rentes,</span> <span class='ocrx_word' id='word_1_234' title='bbox 262 3908 301 3962; x_wconf 89' lang='lat' dir='ltr'>et</span> <span class='ocrx_word' id='word_1_235' title='bbox 336 3908 525 3987; x_wconf 88' lang='lat' dir='ltr'>quatenus</span> <span class='ocrx_word' id='word_1_236' title='bbox 562 3917 659 3988; x_wconf 90' lang='lat' dir='ltr'>opus</span> <span class='ocrx_word' id='word_1_237' title='bbox 693 3893 749 3976; x_wconf 93' lang='lat' dir='ltr'>sit,</span> <span class='ocrx_word' id='word_1_238' title='bbox 790 3917 837 3964; x_wconf 88' lang='lat' dir='ltr'>ex</span> <span class='ocrx_word' id='word_1_239' title='bbox 869 3892 1028 3989; x_wconf 90' lang='lat' dir='ltr'>integro,</span> <span class='ocrx_word' id='word_1_240' title='bbox 1068 3891 1261 3987; x_wconf 88' lang='lat' dir='ltr'>perpetuis</span> <span class='ocrx_word' id='word_1_241' title='bbox 1297 3891 1409 3964; x_wconf 89' lang='lat' dir='ltr'>etiam</span> <span class='ocrx_word' id='word_1_242' title='bbox 1449 3890 1582 3964; x_wconf 88' lang='lat' dir='ltr'>futuris</span> 
     </span>
     <span class='ocr_line' id='line_1_30' title="bbox 74 4015 1582 4115; baseline 0.001 -28"><span class='ocrx_word' id='word_1_243' title='bbox 74 4015 312 4111; x_wconf 89' lang='lat' dir='ltr'>temporibus</span> <span class='ocrx_word' id='word_1_244' title='bbox 352 4017 565 4115; x_wconf 88' lang='lat' dir='ltr'>elargimur,</span> <span class='ocrx_word' id='word_1_245' title='bbox 605 4034 646 4088; x_wconf 94' lang='lat' dir='ltr'>ut</span> <span class='ocrx_word' id='word_1_246' title='bbox 686 4041 948 4113; x_wconf 90' lang='lat' dir='ltr'>quaecumque</span> <span class='ocrx_word' id='word_1_247' title='bbox 990 4015 1215 4102; x_wconf 71' lang='lat' dir='ltr'>collationes</span> <span class='ocrx_word' id='word_1_248' title='bbox 1260 4015 1504 4113; x_wconf 88' lang='lat' dir='ltr'>provisiones,</span> <span class='ocrx_word' id='word_1_249' title='bbox 1543 4029 1582 4088; x_wconf 92' lang='lat' dir='ltr'>et</span> 
     </span>
     <span class='ocr_line' id='line_1_31' title="bbox 76 4139 1621 4238; baseline 0 -26"><span class='ocrx_word' id='word_1_250' title='bbox 76 4139 323 4212; x_wconf 76' lang='lat' dir='ltr'>commendas</span> <span class='ocrx_word' id='word_1_251' title='bbox 362 4141 631 4214; x_wconf 88' lang='lat' dir='ltr'>Beneficiorum</span> <span class='ocrx_word' id='word_1_252' title='bbox 669 4141 1028 4225; x_wconf 87' lang='lat' dir='ltr'>Ecclesiasticorum,</span> <span class='ocrx_word' id='word_1_253' title='bbox 1060 4139 1367 4226; x_wconf 89' lang='lat' dir='ltr'>Canonicatuum,</span> <span class='ocrx_word' id='word_1_254' title='bbox 1408 4139 1582 4238; x_wconf 90' lang='lat' dir='ltr'>Dignita-</span> <span class='ocrx_word' id='word_1_255' title='bbox 1618 4171 1621 4178; x_wconf 67' lang='grc'><strong>’</strong></span> 
     </span>
     <span class='ocr_line' id='line_1_32' title="bbox 75 4262 1578 4361; baseline 0.001 -26"><span class='ocrx_word' id='word_1_256' title='bbox 75 4278 169 4348; x_wconf 91' lang='lat' dir='ltr'>turn,</span> <span class='ocrx_word' id='word_1_257' title='bbox 202 4262 529 4351; x_wconf 90' lang='lat' dir='ltr'>Monasteriorum,</span> <span class='ocrx_word' id='word_1_258' title='bbox 569 4280 608 4339; x_wconf 89' lang='lat' dir='ltr'>et</span> <span class='ocrx_word' id='word_1_259' title='bbox 644 4265 907 4352; x_wconf 86' lang='lat' dir='ltr'>Ecclesiarum,</span> <span class='ocrx_word' id='word_1_260' title='bbox 947 4289 1090 4339; x_wconf 90' lang='lat' dir='ltr'>necnon</span> <span class='ocrx_word' id='word_1_261' title='bbox 1119 4264 1275 4361; x_wconf 89' lang='lat' dir='ltr'>quaevis</span> <span class='ocrx_word' id='word_1_262' title='bbox 1303 4264 1578 4361; x_wconf 91' lang='lat' dir='ltr'>dispositiones,</span> 
     </span>
     <span class='ocr_line' id='line_1_33' title="bbox 74 4386 1579 4485; baseline 0.001 -26"><span class='ocrx_word' id='word_1_263' title='bbox 74 4387 236 4460; x_wconf 90' lang='lat' dir='ltr'>uniones</span> <span class='ocrx_word' id='word_1_264' title='bbox 263 4389 312 4461; x_wconf 89' lang='lat' dir='ltr'>ad</span> <span class='ocrx_word' id='word_1_265' title='bbox 342 4391 466 4476; x_wconf 90' lang='lat' dir='ltr'>vitam,</span> <span class='ocrx_word' id='word_1_266' title='bbox 498 4391 778 4485; x_wconf 82' lang='lat' dir='ltr'>praelectiones,</span> <span class='ocrx_word' id='word_1_267' title='bbox 811 4390 1034 4464; x_wconf 83' lang='lat' dir='ltr'>Pensionum</span> <span class='ocrx_word' id='word_1_268' title='bbox 1065 4389 1348 4476; x_wconf 89' lang='lat' dir='ltr'>reservationes,</span> <span class='ocrx_word' id='word_1_269' title='bbox 1371 4386 1579 4473; x_wconf 83' lang='lat' dir='ltr'>facultates,</span> 
     </span>
     <span class='ocr_line' id='line_1_34' title="bbox 72 4510 1580 4611; baseline 0.001 -27"><span class='ocrx_word' id='word_1_270' title='bbox 72 4510 267 4600; x_wconf 90' lang='lat' dir='ltr'>mandata,</span> <span class='ocrx_word' id='word_1_271' title='bbox 310 4515 462 4597; x_wconf 90' lang='lat' dir='ltr'>indulta,</span> <span class='ocrx_word' id='word_1_272' title='bbox 500 4515 814 4611; x_wconf 70' lang='lat' dir='ltr'>dispensationes</span> <span class='ocrx_word' id='word_1_273' title='bbox 858 4533 897 4588; x_wconf 89' lang='lat' dir='ltr'>et</span> <span class='ocrx_word' id='word_1_274' title='bbox 938 4515 1128 4611; x_wconf 90' lang='lat' dir='ltr'>quaelibet</span> <span class='ocrx_word' id='word_1_275' title='bbox 1163 4515 1310 4589; x_wconf 86' lang='lat' dir='ltr'>litterae</span> <span class='ocrx_word' id='word_1_276' title='bbox 1339 4515 1580 4610; x_wconf 80' lang='lat' dir='ltr'>Apostolicae</span> 
     </span>
     <span class='ocr_line' id='line_1_35' title="bbox 74 4637 1583 4735; baseline 0.001 -27"><span class='ocrx_word' id='word_1_277' title='bbox 74 4637 240 4733; x_wconf 87' lang='lat' dir='ltr'>gratiam</span> <span class='ocrx_word' id='word_1_278' title='bbox 275 4637 333 4711; x_wconf 90' lang='lat' dir='ltr'>vel</span> <span class='ocrx_word' id='word_1_279' title='bbox 369 4639 556 4725; x_wconf 89' lang='lat' dir='ltr'>iustitiam,</span> <span class='ocrx_word' id='word_1_280' title='bbox 586 4657 652 4714; x_wconf 90' lang='lat' dir='ltr'>aut</span> <span class='ocrx_word' id='word_1_281' title='bbox 688 4656 887 4735; x_wconf 88' lang='lat' dir='ltr'>utramque</span> <span class='ocrx_word' id='word_1_282' title='bbox 929 4639 1037 4713; x_wconf 92' lang='lat' dir='ltr'>simul</span> <span class='ocrx_word' id='word_1_283' title='bbox 1070 4655 1347 4722; x_wconf 86' lang='lat' dir='ltr'>concernentes,</span> <span class='ocrx_word' id='word_1_284' title='bbox 1378 4663 1476 4735; x_wconf 87' lang='lat' dir='ltr'>quae</span> <span class='ocrx_word' id='word_1_285' title='bbox 1513 4662 1583 4734; x_wconf 91' lang='lat' dir='ltr'>per</span> 
     </span>
     <span class='ocr_line' id='line_1_36' title="bbox 74 4762 1580 4862; baseline -0.001 -28"><span class='ocrx_word' id='word_1_286' title='bbox 74 4762 173 4848; x_wconf 90' lang='lat' dir='ltr'>Nos,</span> <span class='ocrx_word' id='word_1_287' title='bbox 203 4779 242 4835; x_wconf 88' lang='lat' dir='ltr'>et</span> <span class='ocrx_word' id='word_1_288' title='bbox 269 4789 508 4837; x_wconf 91' lang='lat' dir='ltr'>successores</span> <span class='ocrx_word' id='word_1_289' title='bbox 538 4762 699 4838; x_wconf 91' lang='lat' dir='ltr'>Nostros</span> <span class='ocrx_word' id='word_1_290' title='bbox 729 4765 922 4838; x_wconf 90' lang='lat' dir='ltr'>Romanos</span> <span class='ocrx_word' id='word_1_291' title='bbox 961 4764 1157 4838; x_wconf 88' lang='lat' dir='ltr'>Pontifices</span> <span class='ocrx_word' id='word_1_292' title='bbox 1193 4791 1262 4862; x_wconf 92' lang='lat' dir='ltr'>pro</span> <span class='ocrx_word' id='word_1_293' title='bbox 1298 4779 1469 4860; x_wconf 88' lang='lat' dir='ltr'>tempore</span> <span class='ocrx_word' id='word_1_294' title='bbox 1503 4762 1580 4836; x_wconf 82' lang='lat' dir='ltr'>exi-</span> 
     </span>
     <span class='ocr_line' id='line_1_37' title="bbox 72 4887 1579 4985; baseline 0.002 -29"><span class='ocrx_word' id='word_1_295' title='bbox 72 4902 233 4972; x_wconf 89' lang='lat' dir='ltr'>stentes,</span> <span class='ocrx_word' id='word_1_296' title='bbox 264 4889 375 4962; x_wconf 89' lang='lat' dir='ltr'>etiam</span> <span class='ocrx_word' id='word_1_297' title='bbox 404 4889 661 4984; x_wconf 89' lang='lat' dir='ltr'>promotionis,</span> <span class='ocrx_word' id='word_1_298' title='bbox 691 4907 730 4962; x_wconf 89' lang='lat' dir='ltr'>et</span> <span class='ocrx_word' id='word_1_299' title='bbox 758 4890 1018 4985; x_wconf 86' lang='lat' dir='ltr'>praefectionis</span> <span class='ocrx_word' id='word_1_300' title='bbox 1037 4889 1087 4963; x_wconf 91' lang='lat' dir='ltr'>ad</span> <span class='ocrx_word' id='word_1_301' title='bbox 1115 4889 1301 4964; x_wconf 88' lang='lat' dir='ltr'>Ecclesias</span> <span class='ocrx_word' id='word_1_302' title='bbox 1322 4887 1579 4983; x_wconf 90' lang='lat' dir='ltr'>Episcopales,</span> 
     </span>
     <span class='ocr_line' id='line_1_38' title="bbox 73 5011 1581 5108; baseline -0.001 -24"><span class='ocrx_word' id='word_1_303' title='bbox 73 5011 440 5108; x_wconf 87' lang='lat' dir='ltr'>Archiepiscopales,</span> <span class='ocrx_word' id='word_1_304' title='bbox 482 5013 541 5086; x_wconf 89' lang='lat' dir='ltr'>vel</span> <span class='ocrx_word' id='word_1_305' title='bbox 584 5013 863 5097; x_wconf 85' lang='lat' dir='ltr'>Patriarchales,</span> <span class='ocrx_word' id='word_1_306' title='bbox 908 5040 991 5087; x_wconf 91' lang='lat' dir='ltr'>cum</span> <span class='ocrx_word' id='word_1_307' title='bbox 1025 5014 1169 5088; x_wconf 91' lang='lat' dir='ltr'>indulto</span> <span class='ocrx_word' id='word_1_308' title='bbox 1202 5031 1326 5087; x_wconf 90' lang='lat' dir='ltr'>tamen</span> <span class='ocrx_word' id='word_1_309' title='bbox 1362 5011 1581 5085; x_wconf 90' lang='lat' dir='ltr'>retentionis</span> 
     </span>
     <span class='ocr_line' id='line_1_39' title="bbox 74 5135 1581 5234; baseline -0.001 -24"><span class='ocrx_word' id='word_1_310' title='bbox 74 5135 203 5210; x_wconf 87' lang='lat' dir='ltr'>Officii</span> <span class='ocrx_word' id='word_1_311' title='bbox 231 5139 423 5211; x_wconf 81' lang='lat' dir='ltr'>Auditoris</span> <span class='ocrx_word' id='word_1_312' title='bbox 452 5139 487 5210; x_wconf 92' lang='lat' dir='ltr'>in</span> <span class='ocrx_word' id='word_1_313' title='bbox 516 5137 751 5213; x_wconf 87' lang='lat' dir='ltr'>Consistorio</span> <span class='ocrx_word' id='word_1_314' title='bbox 780 5139 923 5212; x_wconf 90' lang='lat' dir='ltr'>Nostro</span> <span class='ocrx_word' id='word_1_315' title='bbox 951 5140 1103 5215; x_wconf 92' lang='lat' dir='ltr'>concedi</span> <span class='ocrx_word' id='word_1_316' title='bbox 1141 5138 1261 5225; x_wconf 91' lang='lat' dir='ltr'>solito,</span> <span class='ocrx_word' id='word_1_317' title='bbox 1292 5139 1381 5234; x_wconf 90' lang='lat' dir='ltr'>ipsis</span> <span class='ocrx_word' id='word_1_318' title='bbox 1419 5136 1581 5210; x_wconf 82' lang='lat' dir='ltr'>Audito-</span> 
     </span>
     <span class='ocr_line' id='line_1_40' title="bbox 72 5263 1580 5361; baseline -0.002 -22"><span class='ocrx_word' id='word_1_319' title='bbox 72 5265 192 5349; x_wconf 91' lang='lat' dir='ltr'>ribus,</span> <span class='ocrx_word' id='word_1_320' title='bbox 222 5263 282 5337; x_wconf 91' lang='lat' dir='ltr'>vel</span> <span class='ocrx_word' id='word_1_321' title='bbox 309 5263 666 5339; x_wconf 83' lang='lat' dir='ltr'>Locumtenentibus</span> <span class='ocrx_word' id='word_1_322' title='bbox 693 5265 883 5361; x_wconf 86' lang='lat' dir='ltr'>praefatis,</span> <span class='ocrx_word' id='word_1_323' title='bbox 913 5266 1041 5361; x_wconf 92' lang='lat' dir='ltr'>quoad</span> <span class='ocrx_word' id='word_1_324' title='bbox 1069 5289 1222 5338; x_wconf 88' lang='lat' dir='ltr'>munere</span> <span class='ocrx_word' id='word_1_325' title='bbox 1260 5263 1470 5337; x_wconf 90' lang='lat' dir='ltr'>huiusmodi</span> <span class='ocrx_word' id='word_1_326' title='bbox 1499 5263 1580 5336; x_wconf 90' lang='lat' dir='ltr'>sun-</span> 
     </span>
     <span class='ocr_line' id='line_1_41' title="bbox 72 5389 1576 5488; baseline -0.001 -24"><span class='ocrx_word' id='word_1_327' title='bbox 72 5404 230 5488; x_wconf 87' lang='lat' dir='ltr'>guntur,</span> <span class='ocrx_word' id='word_1_328' title='bbox 260 5391 516 5485; x_wconf 89' lang='lat' dir='ltr'>inposterum</span> <span class='ocrx_word' id='word_1_329' title='bbox 546 5391 808 5474; x_wconf 89' lang='lat' dir='ltr'>concedentur,</span> <span class='ocrx_word' id='word_1_330' title='bbox 838 5408 877 5464; x_wconf 91' lang='lat' dir='ltr'>et</span> <span class='ocrx_word' id='word_1_331' title='bbox 905 5389 953 5462; x_wconf 90' lang='lat' dir='ltr'>ad</span> <span class='ocrx_word' id='word_1_332' title='bbox 981 5414 1110 5465; x_wconf 89' lang='lat' dir='ltr'>eorum</span> <span class='ocrx_word' id='word_1_333' title='bbox 1139 5390 1301 5463; x_wconf 84' lang='lat' dir='ltr'>favorem</span> <span class='ocrx_word' id='word_1_334' title='bbox 1321 5389 1576 5486; x_wconf 89' lang='lat' dir='ltr'>expedientur,</span> 
     </span>
    </p>
   </div>
   <div class='ocr_carea' id='block_1_3' title="bbox 0 0 1848 5916">
    <p class='ocr_par' dir='ltr' id='par_1_4' title="bbox 0 0 1848 5916">
     <span class='ocr_line' id='line_1_42' title="bbox 0 0 1848 5916; baseline 0 2"><span class='ocrx_word' id='word_1_335' title='bbox 0 0 1848 5916; x_wconf 95' lang='lat' dir='ltr'> </span> 
     </span>
    </p>
   </div>
  </div>
 </body>
</html>
