3720 5916
882 311 1019 370 Saeculo
1038 311 1144 371 XVII

974 699 1062 778 233.

272 859 440 934 Cubicula
459 861 586 959 Papae
606 861 821 955 Praefectus
838 861 954 934 lacum
972 861 1096 935 cedere
1113 861 1259 935 debebat
1274 861 1438 936 maedus
1456 862 1646 936 Praelatis
1656 833 1768 962 prae·

347 985 472 1059 sarain
501 985 745 1060 Audieram
772 986 900 1060 Rotae.

347 1159 462 1231 (Auen.
482 1158 568 1229 Rom,
593 1157 814 1218 ‹Ertractum
834 1156 954 1216 Dt'arii
971 1157 1146 1218 otthoboni
1157 1160 1191 1229 ι).

741 1374 812 1448 Die
842 1373 980 1449 Vener.
1013 1397 1033 1468 3
1065 1373 1155 1447 Iunii
1190 1380 1301 1465 1644.

356 1545 426 1611 116
432 1592 1766 1613 .....................

355 1684 436 1755 117.
455 1661 596 1737 SSmus
618 1663 664 1736 D.
685 1661 730 1737 N.
749 1664 784 1734 in
803 1663 936 1735 eadem
956 1663 1191 1759 promotione
1210 1661 1349 1735 creavit
1366 1659 1585 1734 Cardinales
1602 1661 1767 1735 Caevam

266 1803 306 1859 et
334 1786 514 1860 Giorium.
538 1784 665 1859 Caeva
693 1800 775 1859 erat
804 1784 1039 1886 Uftriusque]
1066 1783 1321 1886 S[ignaturae]
1351 1784 1653 1871 Referendarius,
1677 1785 1765 1859 Gio

268 1912 345 1984 rius
375 1909 555 1984 Cubiculo
585 1910 810 1996 Praefectus,
831 1908 929 1983 inter
952 1935 1049 2005 quos
1076 1925 1159 1985 orta
1187 1909 1454 1998 controversia,
1475 1909 1512 1984 S.
1535 1908 1583 1984 D.
1606 1907 1653 1985 N.
1676 1909 1768 1985 ordi·

269 2036 380 2120 navit,
410 2035 585 2109 adhibitis
612 2035 724 2108 etiam
754 2035 948 2132 Magistris
977 2034 1318 2120 Caeremoniarum,
1350 2052 1391 2108 ut
1419 2035 1547 2108 Caeva
1575 2049 1768 2133 tamquam

268 2159 463 2234 Praelatus
490 2161 745 2257 praecederet,
775 2175 815 2233 et
843 2159 930 2255 quia
959 2158 1006 2234 D.
1040 2159 1250 2233 Cardinalis
1287 2159 1439 2234 Giorius
1475 2159 1634 2244 dicebat,
1666 2160 1767 2258 quod

267 2284 356 2357 dum
385 2301 468 2359 erat
504 2283 687 2358 Cubiculo
726 2283 952 2368 Praefectus,
984 2307 1058 2358 non
1097 2283 1217 2357 solum
1254 2283 1522 2368 Referendarii,
1550 2282 1619 2358 sed
1656 2282 1768 2356 etiam

267 2409 401 2484 Clerici
430 2409 614 2484 Camerae
642 2425 692 2493 et,
724 2408 828 2504 quod
856 2407 941 2504 plns
970 2424 1040 2492 est,
1072 2407 1280 2483 Auditores
1308 2409 1431 2484 Rotae
1458 2409 1542 2483 loco
1571 2409 1765 2495 cedebant,
1833 2451 1839 2474 .

268 2535 305 2609 S.
338 2535 385 2609 D.
418 2533 464 2608 N.
494 2533 597 2620 dixit,
627 2533 731 2630 quod
760 2533 855 2607 male
884 2534 1059 2619 fecerant,
1091 2549 1130 2606 et
1158 2532 1313 2619 addidit,
1344 2534 1447 2630 quod
1483 2533 1609 2608 forsan
1640 2559 1769 2608 neces-

266 2661 360 2734 sitas
388 2684 501 2755 quam
530 2659 690 2734 Praefati
720 2659 907 2733 habebant
944 2657 1119 2732 audiendi
1147 2684 1169 2732 a
1196 2657 1236 2732 S.
1267 2657 1473 2734 Sanctitate
1501 2660 1550 2733 ad
1578 2658 1649 2733 hoc
1690 2659 1768 2733 illos
1852 2657 1853 2680 ¹

167 2881 169 2886 Ι
266 2784 475 2880 impulerat,
505 2799 545 2858 et
572 2783 677 2885 S[ua]
706 2783 895 2858 Sanctitas
931 2781 1116 2856 ordinavit
1145 2783 1192 2858 D.
1224 2783 1402 2858 Rossiolo
1440 2782 1622 2857 Cubicula
1658 2783 1769 2856 Prae-

266 2911 376 2996 fecto,
406 2928 446 2982 ut
474 2909 556 2984 loco
584 2909 736 2984 cederet
771 2909 944 2983 omnibus
978 2907 1169 2992 Praelatis,
1200 2909 1422 3006 praesertim
1456 2908 1578 2983 Rotae
1607 2909 1769 2982 Audito·

266 3035 378 3120 ribus,
409 3032 512 3131 quod
540 3049 753 3129 exequutus
782 3033 849 3106 fuit
880 3023 970 3106 ‘dum
1000 3058 1088 3108 casu
1119 3034 1240 3106 dictus
1270 3032 1318 3108 D.
1349 3033 1548 3108 Rossiolus
1580 3033 1770 3107 adinvenit
1851 3115 1852 3132 2

267 3159 350 3234 RR.
382 3159 448 3234 ΡΡ.
481 3159 569 3232 DD.
601 3158 803 3256 Pentinger
831 3172 870 3231 et
899 3158 1078 3245 Bichium,
1099 3173 1139 3230 et
1166 3183 1237 3245 me,
1258 3157 1395 3254 quibus
1423 3159 1596 3233 omnibus
1623 3159 1769 3255 absque

267 3283 483 3357 difficultate
511 3282 595 3356 loco
623 3283 747 3358 cessit.
1223 3267 1226 3273 ⁵

977 3605 1066 3685 234.

266 3785 377 3857 Mors
411 3783 558 3858 Urbani
591 3785 698 3858 VIII.
728 3827 746 3840 -
774 3784 986 3864 Auditores.
1016 3788 1084 3884 qai
1116 3788 1245 3861 mortis
1272 3786 1402 3885 Papae
1428 3787 1600 3859 nunciam
1628 3799 1766 3886 accepe-

346 3918 439 3982 rant
463 3911 503 3982 in
530 3909 679 3984 aedibus
707 3909 912 3996 Rotalz'bas,
943 3913 1033 4008 quin
1059 3912 1105 3985 ab
1131 3911 1358 4010 expeditam
1391 3937 1589 3985 causarum
1617 3911 1766 3986 abstinc-

346 4043 439 4120 ranl,
469 4034 583 4108 cidem
611 4034 860 4110 incubuerant.

344 4191 460 4262 (Anca.
480 4190 566 4262 Ror..
591 4189 813 4250 ‹Extractum
833 4188 953 4250 Dt'arii
970 4191 1190 4264 otthobom'»).

802 4425 897 4500 Ven.
932 4449 979 4516 29
1009 4425 1087 4499 Iulii
1118 4435 1227 4519 1644.

347 4602 432 4675 Fuit
460 4602 719 4702 Congregatio
749 4604 1022 4678 Memoriafium
1050 4605 1085 4676 in
1115 4605 1259 4679 Edibus
1295 4606 1414 4680 solitis
1453 4606 1581 4680 Palatii
1618 4607 1653 4680 in
1690 4631 1762 4704 qua

265 4731 543 4804 intervenerunt
579 4755 711 4803 omnes
748 4731 834 4816 Diri,
865 4749 1024 4826 excepto
1061 4731 1108 4806 D.
1140 4731 1277 4806 Carillo
1312 4733 1480 4808 absente.
1513 4733 1597 4806 Hac
1630 4734 1760 4806 eadem

264 4854 324 4930 die
353 4855 444 4930 hora
472 4855 617 4930 circiter
644 4855 699 4928 Xl
727 4855 764 4931 S.
797 4857 845 4932 D.
877 4856 924 4932 N.
950 4856 1126 4931 Urbanus
1156 4861 1210 4930 8¹¹⁸
1238 4857 1330 4932 obiit
1357 4857 1393 4930 in
1422 4857 1566 4932 Edibus
1594 4859 1759 4932 eiusdem

266 4980 394 5054 Palatii
423 4981 610 5066 Vaticani;
641 4980 716 5055 Dni
753 4996 878 5054 tamen
906 4981 954 5054 de
984 4981 1095 5068 Rota,
1126 4983 1189 5078 qui
1218 4983 1290 5056 iam
1318 4999 1556 5058 accesserant
1583 4982 1633 5057 ad
1661 4981 1759 5055 Edes
1847 5011 1848 5083 1

265 5107 395 5180 solitas
423 5131 493 5201 pro
522 5105 695 5179 habenda
724 5105 1041 5204 Congregatione,
1071 5107 1202 5180 audito
1228 5107 1310 5180 eius
1346 5108 1462 5194 obitu,
1497 5131 1570 5182 non
1598 5132 1759 5182 recesse-

265 5247 361 5318 runt,
383 5232 461 5314 sed,
484 5229 613 5304 audito
628 5255 759 5314 sacro,
780 5231 882 5304 iuxta
912 5231 1060 5304 solitum
1083 5230 1428 5329 Congregationem
1448 5231 1669 5318 habuerunt,
1684 5231 1756 5328 plu·

265 5381 326 5430 res
355 5355 564 5430 Causarum
593 5355 875 5450 exspeditiones
901 5355 1131 5431 ordinarunt.
