3688 5924
659 308 835 383 Praefatio
853 309 899 366 ad
917 310 1072 368 lectorem
1536 305 1539 312 ’
1568 325 1614 369 xv
1643 317 1645 321 '

113 503 269 576 traditus
299 503 379 577 suit.
403 504 560 576 -Anno
588 519 715 576 autem
750 510 847 596 1693
869 502 1004 598 Ioseph
1026 503 1198 587 Molines‚
1220 503 1342 575 Rotae
1363 502 1612 587 Camerarius,

110 627 242 702 abhoc
261 628 377 701 alium
397 628 608 724 desumpsit
626 629 760 701 librum
778 643 816 700 et
836 628 887 701 ita
906 627 942 700 in
961 651 1060 700 novo
1081 627 1230 700 nomina
1245 626 1470 701 Auditorum
1490 626 1615 723 dispo·

112 754 193 834 suit,
214 770 258 825 ut
277 756 349 826 sub
369 753 553 828 distinctis
582 751 778 826 duodecim
798 754 921 827 Rotae
941 751 1032 826 locis
1052 751 1200 849 singula
1220 753 1368 824 nomina
1386 752 1613 826 Auditorum

114 879 277 950 iacerent
306 878 369 973 qui
399 879 499 950 illum
523 877 582 948 vel
601 877 714 950 alium
733 876 856 950 Iocum
875 876 1136 951 obtinuissent.
1157 877 1233 949 Ast
1250 876 1287 948 in
1306 876 1377 954 hoc
1395 901 1511 971 opere
1531 901 1614 948 con-

1 989 5 1000 ’
112 1001 270 1076 ficiendo
291 1002 418 1074 nescio
447 1019 571 1075 utrum
600 1017 701 1074 recte
730 1002 878 1075 nomina
906 1001 1115 1097 antiquiora
1144 1001 1327 1096 disposita
1356 1002 1505 1088 suerint;
1528 1025 1613 1072 nam

113 1130 146 1200 in
175 1129 297 1224 prima
325 1128 551 1202 Auditorum
581 1128 677 1201 serie
706 1152 802 1222 quae
835 1129 883 1200 ab
913 1127 1117 1200 Benedicto
1145 1128 1270 1200 Adam
1303 1152 1402 1200 anno
1441 1130 1538 1220 1508
1577 1129 1613 1198 in

114 1252 309 1326 vetustiori
346 1252 440 1326 libro
477 1277 546 1348 per
578 1253 747 1325 ordinem
785 1252 1014 1325 antianitatis
1052 1252 1278 1325 Auditorum
1317 1251 1505 1347 descripta
1543 1267 1613 1336 est,

113 1377 263 1449 nomina
284 1379 510 1450 Auditorum
529 1401 553 1448 a
572 1376 678 1450 Sixto
697 1375 759 1462 IV,
786 1379 835 1450 ab
854 1357 1070 1449 Innocentio
1094 1375 1179 1448 VIII
1198 1391 1237 1449 et
1259 1378 1307 1450 ab
1326 1376 1542 1450 Alexandro
1564 1375 1613 1446 VI

111 1501 318 1574 electorum
349 1501 594 1597 reperiuntur,
626 1502 762 1596 quibus
796 1517 897 1574 certe
926 1517 1051 1574 certus
1079 1500 1184 1574 locus
1216 1501 1432 1598 assignatus
1465 1502 1513 1574 ab
1545 1499 1615 1573 illis

113 1624 353 1698 Pontificibus
388 1650 461 1698 non
491 1625 623 1710 iuerat,
654 1625 791 1698 nedum
821 1625 908 1721 quia
938 1625 1095 1699 sixtinae
1124 1625 1219 1722 legis
1247 1625 1451 1698 admodum
1481 1649 1613 1720 parum

110 1749 392 1824 observantiam
425 1767 612 1835 curarunt,
643 1750 710 1822 sed
743 1751 946 1846 praecipue
978 1750 1065 1846 quia
1097 1748 1178 1823 loca
1207 1747 1267 1820 ilIa
1295 1773 1368 1823 non
1399 1749 1466 1822 nisi
1495 1750 1614 1821 serius

111 1877 222 1948 certis
254 1875 467 1948 nationibus
495 1875 676 1948 attributa
704 1875 862 1947 suerunt.
886 1873 1067 1960 Proiecto,
1089 1874 1243 1946 innovo
1270 1872 1364 1946 libro
1392 1873 1487 1947 circa
1511 1891 1612 1946 vetu-

112 2001 228 2072 stiora
255 2001 480 2072 Auditorum
510 1999 659 2072 nomina
686 1999 818 2094 aliquis
848 2022 953 2071 error
980 1999 1140 2093 irrepsit,
1172 2024 1267 2083 cum,
1293 2021 1328 2070 V.
1352 2023 1402 2094 g.,
1429 1998 1613 2071 Iohannes

108 2123 157 2196 de
190 2123 392 2197 Ceretanis
424 2123 511 2197 inibi
542 2123 781 2219 praedicetur
813 2124 1018 2207 Romanus,
1050 2148 1161 2218 quem
1195 2123 1420 2196 documenta
1450 2124 1613 2221 genuina

111 2247 278 2320 Archivii
307 2251 489 2343 praebent
517 2248 777 2332 interamnen,
807 2273 875 2321 ceu
906 2273 975 2320 suo
995 2248 1078 2320 Ioco
1107 2246 1267 2321 ostendi.

193 2397 255 2466 37.
286 2415 312 2426 -
342 2373 485 2444 Primus
512 2371 617 2444 locus
646 2372 681 2444 in
702 2373 772 2444 hoc
799 2370 893 2445 libro
923 2372 1083 2445 tributus
1103 2371 1169 2444 luit
1190 2371 1436 2444 Auditoribus
1467 2371 1613 2443 Medio·

109 2497 328 2570 lanensibus
366 2513 454 2592 post
491 2520 630 2569 annum
666 2519 785 2589 155o;
817 2521 899 2568 nam
936 2513 1048 2568 antea
1082 2496 1313 2591 praecedunt
1348 2496 1531 2569 Iohannes
1564 2497 1612 2568 de

111 2621 329 2704 Ceretanis:
370 2621 588 2694 Dominicus
626 2623 674 2693 de
708 2620 914 2706 Iacobatiis,
954 2621 1163 2706 Romanus;
1204 2620 1402 2693 Conradus
1438 2619 1609 2706 Manlius,

110 2747 383 2831 Mediolanen.;
415 2745 547 2819 Petrus
576 2745 751 2818 Andreas
772 2743 979 2818 Rambarus
1000 2740 1212 2847 (Gambari)
1233 2743 1402 2831 Imolen.;
1434 2743 1612 2816 Nicolaus

109 2869 413 2953 Piccolomineus,
436 2869 593 2956 Senen.;
616 2868 821 2942 Rainaldus
842 2870 1039 2954 Petrutius‚
1063 2870 1220 2954 Senen.;
1243 2869 1382 2943 Fabius
1410 2869 1614 2942 Accoram·

108 2997 232 3070 bonus
261 2997 309 3068 de
329 2995 519 3090 Augubio
550 3038 575 3048 -
604 2994 810 3067 Auditores
840 3019 999 3089 quorum
1019 2995 1168 3067 nomina
1189 2996 1239 3067 ad
1259 3018 1396 3066 annum
1423 2997 1521 3086 1870
1541 2993 1611 3065 hoc

109 3121 143 3191 in
172 3120 258 3193 loco
286 3119 533 3201 inveniuntur,
565 3143 721 3191 numero
750 3135 837 3191 sunt
868 3116 957 3192 28.¹

193 3248 255 3336 38.
285 3289 312 3300 -
348 3244 543 3318 Secundus
575 3241 680 3318 Iocus
716 3244 752 3316 in
780 3242 873 3318 libro
907 3258 1037 3316 nostro
1074 3259 1270 3316 enumerat
1299 3267 1348 3335 30
1385 3242 1610 3315 Auditorum

109 3369 271 3450 nomina,
293 3385 331 3442 et
360 3383 504 3441 tantum
533 3391 632 3441 anno
667 3389 763 3461 1597
795 3383 974 3441 constans
1002 3367 1123 3441 Iactus
1150 3367 1218 3440 fuit
1246 3367 1426 3474 Romanis
1447 3366 1607 3438 Audito·

109 3495 222 3578 ribus,
255 3519 414 3588 quorum
445 3493 585 3588 primus
614 3508 674 3565 est
706 3491 886 3566 Horatius
915 3491 1182 3566 Lanceliottus.

192 3643 254 3711 39.
270 3662 295 3672 --
311 3618 461 3711 Tertius
482 3617 581 3691 Libri
601 3617 704 3690 locus
723 3618 924 3692 attributus
946 3617 1011 3691 Iuit
1030 3616 1276 3691 Auditoribus
1298 3617 1608 3700 Ferrariensibus

109 3761 147 3815 et
175 3743 343 3817 continet
375 3763 419 3833 25
451 3741 676 3815 Auditorum
706 3743 865 3817 nomina.

191 3890 256 3956 40.
286 3911 312 3919 -
341 3863 527 3958 Quartum
555 3866 678 3938 iocum
706 3883 892 3960 occupant
924 3867 1131 3939 Auditores
1170 3865 1331 3961 Hispani
1359 3889 1428 3960 pro
1461 3865 1613 3937 Corona

110 3993 345 4087 Aragouiae:
376 4008 464 4096 sunt
491 3992 526 4062 in
553 4016 600 4064 eo
629 3991 817 4085 descripta
849 4012 895 4084 27
927 3991 1075 4064 nomina
1103 3991 1341 4065 Auditorum.

192 4141 255 4208 41.
286 4159 312 4170 -
342 4113 505 4207 Quintus
534 4115 637 4188 Iocus
662 4116 726 4210 qui
754 4115 825 4188 dici
855 4131 983 4211 potest
1010 4113 1199 4212 gloriosus
1218 4115 1306 4211 quia
1334 4115 1474 4210 scripta
1502 4117 1536 4186 in
1565 4139 1612 4186 eo

109 4243 349 4314 inveniuntur
374 4239 521 4312 uomina
557 4242 666 4312 trium
703 4241 942 4314 Summorum
973 4239 1200 4325 Pontificum,
1241 4264 1386 4336 nempe,
1428 4239 1611 4334 Hippoliti

108 4363 383 4438 Aldobrandini
403 4364 467 4459 qui
482 4364 548 4436 suit
568 4362 745 4436 Clemens
767 4363 859 4447 VIII,
879 4363 977 4436 Petri
997 4363 1218 4444 Otthoboni,
1240 4363 1304 4459 qui
1324 4379 1473 4436 creatus
1498 4363 1608 4458 Papa,

109 4515 248 4565 nomen
273 4491 340 4562 sibi
370 4467 564 4583 imposuit:
595 4488 812 4562 Alexander
832 4489 925 4574 VIII,
947 4504 986 4561 et
1006 4486 1131 4562 Caroli
1156 4489 1350 4561 Rezzonici
1377 4487 1441 4584 qui
1471 4487 1611 4560 Cathe-

108 4617 217 4688 dram
246 4613 506 4709 Apostolicam
545 4613 640 4686 rexit
677 4615 747 4687 sub
776 4613 925 4686 nomine
955 4614 1160 4686 Clementis
1190 4613 1287 4698 XIII,
1320 4613 1523 4686 attributus
1551 4627 1611 4684 est

188 4943 197 4973 ¹
220 4939 296 4999 Post
314 4939 401 4998 diem
418 4939 455 4999 20
473 4941 666 5015 septembris
686 4941 756 5001 1870
773 4942 844 5000 -ad
863 4959 961 5018 quem
978 4943 1209 5015 tantummodo,
1222 4951 1254 5002 et
1272 4958 1337 5001 non
1350 4943 1444 5014 ultra,
1456 4959 1612 5017 praesens

109 5047 201 5090 meus
220 5035 375 5088 tractatus
388 5031 538 5103 pervenit
549 5059 568 5073 -
580 5032 693 5090 tamin
707 5031 769 5090 isto
789 5031 903 5106 prim0,
915 5047 1014 5106 quam
1033 5031 1068 5090 in
1086 5032 1207 5106 aliquot
1225 5032 1298 5090 aliis
1316 5032 1394 5090 locis
1413 5031 1509 5091 huius
1528 5032 1612 5105 libri,
1669 5103 1672 5108 Δ

106 5123 228 5194 aliquot
246 5119 423 5178 Auditores
441 5119 566 5178 silentis
590 5120 692 5179 Rotae
716 5135 789 5180 sese
813 5121 1002 5195 signarunt:
1029 5120 1146 5180 horum
1165 5121 1298 5180 nomina
1317 5129 1486 5195 praetereo
1505 5129 1612 5195 utpote

108 5209 146 5268 ad
165 5225 221 5268 me
240 5223 307 5267 non
325 5207 528 5282 pertinentia.
546 5207 754 5267 Memorabor
772 5217 898 5268 tantum
917 5209 1059 5284 Philippi
1083 5209 1234 5282 Giustini,
1253 5209 1348 5268 hodie
1363 5209 1402 5269 R.
1411 5209 1443 5270 S.
1454 5209 1489 5268 E.
1499 5210 1612 5269 Cardi-

109 5297 303 5370 mlis,cuius
321 5297 356 5354 in
375 5311 427 5354 me
445 5297 691 5357 benevolentiae
709 5297 811 5357 debeo
829 5298 926 5357 huius
944 5299 1008 5357 mei
1027 5298 1135 5373 operis
1154 5298 1411 5372 publicationem,
1429 5299 1522 5373 eique
1541 5298 1613 5357 heic
1728 5297 1732 5306 '

109 5386 335 5460 gratissimum
358 5385 448 5458 duco,
468 5385 619 5445 meritam
637 5385 779 5461 gratiam
797 5386 866 5461 iugi
886 5385 1069 5446 testimonio
1087 5385 1278 5460 rependere.
