3708 5918
552 354 705 414 Iohanne
724 353 829 414 XXII
844 391 855 402 ·
874 355 1053 414 Benedicta
1071 354 1143 415 XII
1556 353 1595 412 79

109 542 279 628 beneficia,
311 569 425 640 quam
455 545 687 618 cathedrales
707 543 884 618 ecclesias
912 545 1109 640 qualisbet,
1131 545 1370 630 monasteria,
1391 545 1589 638 prioratus,

108 669 434 742 administrationes
462 685 501 741 et
528 668 646 742 officia
690 695 937 766 quecumque,
967 695 1041 766 que
1083 670 1186 764 apud
1221 669 1350 742 sedem
1379 684 1502 766 apost.
1533 694 1591 742 va-

108 809 227 874 carent,
250 793 455 888 provisioni
474 791 681 890 apostolice
701 795 772 867 sub
791 795 902 868 certis
935 795 1129 867 tenoribus
1154 811 1454 878 reservaverunt,
1483 793 1591 867 vesti-

108 920 166 1015 giis
205 917 444 992 inherentes:
481 919 560 990 Nos
581 975 643 994 .....
683 917 887 1013 provisioni
924 935 1053 992 nostre
1095 919 1143 991 de
1177 919 1332 992 sratrum
1378 935 1592 992 nostrorum

108 1042 254 1126 consilio,
285 1043 509 1118 auctoritate
537 1043 756 1138 apostolica,
778 1067 1029 1117 reservamus.
1047 1100 1108 1119 .....
1132 1043 1182 1116 Et
1208 1043 1279 1117 hoc
1298 1043 1396 1116 idem
1415 1044 1451 1116 in
1472 1045 1592 1140 digni-

28 1205 29 1216 *
109 1168 230 1240 tatibus
260 1185 299 1239 et
328 1166 516 1240 beneficiis
545 1167 775 1262 quibuslibet
811 1169 868 1265 (ut
903 1170 952 1241 de
993 1167 1074 1242 aliis
1103 1169 1344 1265 premittitur)
1380 1167 1590 1242 officialium

27 1271 28 1274 Ἴ
106 1309 330 1366 nostrorum:
361 1290 531 1364 videlicet
558 1292 858 1376 vicecancellarii,
879 1293 1046 1366 eiusdem
1076 1292 1232 1366 ecclesie
1251 1293 1454 1378 camerarii,
1486 1312 1594 1367 nota-

107 1417 239 1502 riorum,
272 1416 455 1490 auditoris
482 1417 811 1500 contradictarum,
833 1434 1100 1500 correctorum,
1132 1417 1355 1513 scriptorum
1389 1418 1589 1504 literarum,

105 1567 142 1612 ac
165 1541 509 1636 penitentiariorum
538 1559 765 1628 nostrorum,
797 1566 941 1616 necnon
970 1543 1271 1616 abbreviatorum
1292 1544 1392 1616 curie
1421 1544 1594 1618 Romane

101 1665 210 1740 locum
253 1665 324 1738 sibi
360 1648 532 1740 volumus
569 1667 782 1741 vendicare.
818 1667 976 1753 Rursus,
1019 1668 1129 1741 huius
1158 1683 1287 1742 nostre
1324 1670 1592 1742 reservationis

103 1791 252 1863 edictum
281 1793 331 1864 ad
359 1791 573 1889 dignitates,
603 1808 672 1867 etc.

816 2129 879 2208 52.

98 2305 314 2381 Benedictus
331 2309 378 2382 X
377 2307 428 2382 ll
439 2309 452 2405 (
462 2333 473 2380 ι
484 2330 598 2401 334-ι
610 2311 700 2402 342)
718 2307 948 2406 dispositioni
963 2307 1176 2408 apostolicae
1194 2335 1388 2382 reservans
1421 2309 1591 2400 beneficia

174 2432 386 2505 Carz'aliam
412 2441 447 2506 a*
471 2435 632 2506 alz'orum
659 2432 713 2506 ad
740 2433 893 2507 Cariam
930 2435 1171 2508 accedentiam
1197 2435 1393 2508 velabro
1421 2435 1587 2508 receden-

170 2557 262 2630 tium
291 2557 327 2630 si
349 2559 564 2630 moriantur
590 2583 662 2632 naa
689 2557 792 2631 ultra
819 2558 915 2630 duas
942 2559 1059 2632 duitas
1097 2559 1232 2656 legales
1258 2559 1304 2632 ab
1342 2561 1426 2658 ipsa
1456 2559 1588 2647 Caria,

171 2681 388 2778 Capellanas
415 2681 618 2754 Auditares
644 2707 843 2756 causarum
872 2682 984 2756 Sacri
1019 2683 1165 2756 Palatii
1194 2685 1397 2782 Apasialz'ci
1433 2695 1594 2757 accenset

167 2807 269 2879 inter
299 2805 483 2901 Officzales
511 2807 740 2906 Apostolicac
766 2806 880 2888 Sedis,
911 2807 1113 2905 eisdemque
1140 2810 1179 2880 in
1200 2807 1430 2881 hierarchiis
1451 2809 1587 2882 Cariae

165 2941 308 3004 certum
334 2931 450 3004 lacum
477 2931 658 3027 assignat.

163 3122 286 3192 (Anca.
305 3120 392 3194 Rom,
423 3121 555 3180 «Liber
579 3122 742 3196 antr'quus
767 3123 998 3198 iuramenti»,
1016 3129 1095 3198 pag.
1114 3123 1173 3189 12,·
1198 3122 1296 3183 Cone.
1315 3123 1381 3183 Iun.
1399 3123 1488 3198 Cam,
1513 3125 1590 3183 edit.

87 3207 148 3282 cit,
160 3207 303 3268 Extrav.
315 3225 495 3280 commun„
509 3209 562 3268 lab.
576 3209 639 3284 III,
652 3211 701 3269 tit.
712 3209 759 3285 II,
772 3227 796 3269 c.
810 3208 899 3285 XII).

1101 3369 1178 3444 1335,
1193 3371 1331 3430 ianuarii
1352 3372 1393 3446 10,
1406 3371 1604 3431 Avenione.'

163 3535 237 3608 Aa'
276 3535 438 3630 regimm
480 3534 646 3608 Ecclesie
692 3533 889 3632 generalis,
935 3559 1162 3630 quamquam
1206 3537 1389 3622 immeriti,
1428 3561 1590 3633 superna

86 3663 335 3758 dispositione
362 3659 495 3743 vocati,
525 3661 691 3757 gerimus
720 3659 754 3732 in
786 3660 923 3732 nostris
962 3659 1167 3743 desideriis,
1205 3679 1244 3732 et
1280 3661 1473 3746 debemus,
1513 3688 1590 3758 que

85 3813 149 3882 per
177 3803 315 3861 nostre
344 3785 536 3882 diligentie
565 3786 728 3858 studium
758 3786 806 3858 ad
834 3785 1086 3880 quarumlibet
1113 3784 1353 3858 ecclesiarum
1392 3803 1430 3860 et
1462 3811 1586 3860 mona-

84 3914 286 3986 steriorum
318 3910 499 4007 regimina
525 3927 564 3983 et
592 3909 665 3982 alia
701 3908 875 3984 benefitia
893 3907 1146 3982 ecclesiastica
1164 3911 1265 3984 iuxta
1294 3911 1456 3984 divinum
1478 3913 1587 3986 bene-

81 4035 264 4130 placitum
294 4050 334 4109 et
362 4050 489 4108 nostre
518 4033 732 4108 intentionis
759 4033 944 4118 eflectum,
976 4035 1042 4106 viri
1078 4053 1321 4108 assumantur
1360 4037 1497 4130 ydonei
1524 4037 1587 4132 qui

80 4162 227 4254 presint
257 4176 299 4234 et
326 4161 474 4256 prosint
501 4158 778 4234 committendis
808 4160 861 4232 eis
880 4158 1058 4244 ecclesiis,
1081 4160 1319 4234 monasteriis
1338 4177 1378 4232 et
1405 4161 1589 4234 benefitiis

80 4286 292 4378 prelibatis.
324 4285 595 4358 Premissorum
623 4282 750 4378 itaque
779 4283 1078 4357 consideratione
1107 4283 1255 4368 inducti,
1277 4301 1316 4357 et
1344 4284 1588 4360 suadentibus

80 4411 186 4484 nobis
215 4408 304 4510 aliis
342 4406 622 4482 rationabilibus
651 4407 784 4494 causis,
816 4406 1073 4480 nonnullorum
1105 4409 1414 4502 predecessorum
1444 4428 1588 4484 nostro·

78 4559 157 4608 rum
190 4537 462 4632 Romanorum¹
477 4530 694 4605 Pontificum
723 4532 893 4629 vestigiis
907 4532 1132 4616 inherentes
1154 4558 1286 4606 omnes
1307 4534 1587 4629 patriarchales,

77 4657 440 4755 archiepiscopales
468 4671 507 4730 et
535 4654 782 4752 Episcopales
809 4657 988 4730 ecclesias
1017 4671 1055 4730 et
1083 4657 1194 4730 etiam
1217 4659 1459 4744 Monasteria,
1490 4661 1585 4755 prio-

77 4803 193 4868 ratus,
229 4785 449 4879 dignitates,
479 4798 704 4878 personatus
732 4798 771 4856 et
798 4781 925 4864 offitia,
957 4807 1099 4856 necnon
1139 4783 1393 4860 Canonicatus
1426 4802 1463 4858 et
1500 4811 1583 4882 pre-

76 4910 223 4984 bendas
256 4925 298 4981 et
324 4907 514 4993 ecclesias,
544 4923 746 5002 ceteraque
776 4905 949 4981 benefitia
990 4907 1243 4982 ecclesiastica
1285 4935 1366 4982 cum
1409 4934 1498 4984 cura
1526 4909 1585 4984 vel

76 5037 155 5108 sine
186 5058 299 5118 cura,
329 5033 511 5108 secularia
537 5031 597 5105 vel
626 5032 821 5129 regularia,
852 5055 1090 5129 quecumque
1119 5049 1157 5105 et
1185 5033 1471 5130 qualiacumque
1507 5037 1585 5108 lue·

74 5160 156 5246 rint,
170 5161 296 5234 etiam
312 5158 343 5230 si
356 5156 403 5232 ad
419 5157 478 5230 illa
499 5181 659 5253 persone
679 5159 952 5238 consueverint,
970 5183 1038 5230 seu
1054 5157 1261 5240 debuerint,
1280 5183 1348 5253 per
1366 5159 1582 5233 electionem

74 5307 140 5358 seu
171 5283 354 5380 quemvis
394 5281 505 5354 alium
543 5283 694 5356 modum
732 5282 883 5364 assumi,
921 5305 1018 5353 nunc
1052 5282 1155 5376 apud
1182 5280 1310 5354 sedem
1339 5283 1582 5378 apostolicam

71 5431 329 5506 quocumque
348 5407 461 5480 modo
478 5407 646 5480 vacantia
666 5422 705 5479 et
733 5408 979 5500 imposterum
1000 5421 1187 5490 vacatura,
1210 5429 1352 5479 necnon
1373 5393 1442 5503 per
1461 5407 1585 5502 dispo-
