3720 5914
266 331 322 394 228
906 335 1043 396 Soeculo
1061 335 1094 397 X
1102 335 1131 397 V

267 545 306 605 et
320 530 536 617 officiorum,
554 555 697 608 necnon
716 531 875 608 aliorum
895 533 1159 609 beneficiorum
1181 531 1521 608 ecclesiasticorum
1541 556 1617 628 que
1635 533 1763 632 vigore

267 658 474 754 gratiarum
501 657 821 754 expectativarum
849 682 918 755 per
946 682 1017 732 nos
1044 657 1100 732 eis
1129 658 1305 734 subdat.
1335 657 1508 732 videlicet
1539 656 1612 732 kal.
1642 657 1765 732 Martii

269 781 509 856 Pontificatus
537 782 654 856 nostri
695 783 809 858 Anno
837 779 986 876 Quarto
1013 807 1289 869 concessarum,
1319 797 1359 857 et
1395 783 1431 856 in
1469 797 1664 880 posterum
1698 785 1764 856 sub

266 905 400 980 eadem
429 903 489 979 vel
517 905 650 1003 quavis
677 907 750 982 alia
776 905 866 982 data
894 905 1229 993 comedendarum,
1250 923 1288 980 ct
1307 907 1569 982 extensionum
1596 932 1641 982 ac
1661 932 1764 980 reva-

268 1029 496 1119 lidationum,
528 1055 595 1105 seu
624 1031 885 1120 mutationum,
915 1031 1157 1107 collationum
1184 1031 1415 1120 earumdem,
1437 1033 1467 1105 si
1495 1057 1593 1129 quas
1612 1058 1683 1130 per
1701 1056 1764 1106 nos

268 1157 304 1229 ln
330 1170 442 1231 antea
471 1153 550 1228 fieri
577 1156 822 1255 contingeret,
843 1172 1098 1252 acceptarent,
1118 1155 1369 1241 assecutione,
1387 1172 1492 1230 motu
1511 1157 1666 1254 proprio
1686 1180 1763 1229 con-

269 1279 462 1366 cessimus,
491 1295 605 1376 prout
632 1281 669 1353 in
696 1279 839 1354 eisdem
867 1279 1002 1355 litteris
1029 1306 1189 1379 quarum
1218 1295 1389 1355 tenorem
1421 1305 1465 1354 ac
1502 1281 1533 1355 si
1567 1282 1616 1354 de
1650 1281 1764 1356 verbo

269 1405 318 1479 ad
345 1404 500 1479 verbum
529 1405 768 1499 presentibus
795 1405 1051 1480 insererentur
1077 1405 1207 1480 haberi
1233 1404 1407 1481 volumus
1438 1429 1509 1502 pro
1543 1405 1767 1480 sufficienter

269 1552 463 1624 expresso,
494 1526 642 1625 plenius
670 1527 892 1606 continetur.

352 1653 449 1727 Cum
477 1669 615 1740 autem,
637 1653 734 1727 sicut
760 1653 992 1750 experientia
1018 1654 1150 1728 efficax
1177 1677 1302 1728 rerum
1321 1654 1501 1751 magistra
1520 1654 1768 1739 demonstrat,

270 1779 320 1852 ad
348 1778 479 1852 sedem
506 1779 714 1875 predictam
743 1779 791 1852 de
819 1777 1005 1854 universis
1032 1777 1162 1853 mundi
1189 1779 1360 1875 partibus
1387 1804 1500 1854 cause
1536 1779 1573 1852 in
1614 1780 1770 1876 copioso

272 1927 428 1976 numero
456 1901 683 1990 deferantur,
713 1917 753 1976 et
786 1901 823 1977 in
857 1900 1003 1977 illarum
1031 1902 1220 1977 audientia
1252 1918 1292 1978 et
1334 1903 1523 1978 decisione
1558 1903 1772 1978 ministran-

272 2028 397 2124 daque
424 2025 565 2100 iustitia
601 2042 804 2124 propterea
844 2027 895 2102 ad
936 2015 1068 2102 sedem
1104 2027 1225 2124 ipsam
1253 2027 1525 2103 confluentibus
1553 2027 1680 2102 dilecti
1713 2026 1771 2100 filii

274 2151 483 2250 Collegium
514 2176 712 2226 causarum
742 2151 873 2228 Palatii
900 2150 1098 2250 apostolici
1124 2152 1364 2240 Auditorum,
1382 2152 1702 2251 Cappellanorum
1730 2177 1773 2226 ac

274 2302 449 2352 verorum
476 2292 515 2351 et
542 2275 835 2381 indubitatorum
866 2293 1083 2352 nostrorum
1110 2291 1149 2352 et
1177 2277 1279 2352 sedis
1307 2276 1452 2373 prefate
1482 2277 1716 2352 familiarium
1736 2291 1774 2350 et

275 2404 536 2478 continuorum
576 2400 894 2486 commensalium,
940 2400 1132 2478 indefesso
1164 2401 1300 2490 animo,
1340 2400 1445 2476 firma
1486 2401 1701 2477 constantia
1736 2418 1773 2476 et
1845 2461 1846 2466 ,

273 2551 437 2624 operosa
463 2524 667 2625 diligentia,
696 2551 835 2624 graves
862 2525 1067 2601 admodum
1108 2542 1149 2600 et
1183 2527 1380 2601 continuos
1419 2525 1568 2601 labores
1605 2526 1773 2623 perferre

274 2652 460 2749 nobisque
487 2667 527 2726 et
554 2650 652 2726 dicte
681 2639 763 2725 sedi
789 2651 826 2724 in
856 2675 902 2724 ea
930 2675 1005 2746 que
1023 2649 1221 2747 potissima
1248 2649 1374 2724 oneris
1393 2651 1645 2749 Apostolatus
1663 2651 1774 2724 officii

274 2802 364 2876 pars
392 2801 479 2851 esse
507 2775 739 2874 dignoscitur
761 2774 964 2874 'suflragari
1001 2799 1076 2850 non
1104 2789 1265 2864 cessant,
1301 2775 1572 2871 Romanusque
1605 2776 1774 2871 pontifex

274 2927 437 3000 percos
466 2925 662 2976 causarum
692 2901 823 2975 merita
851 2900 991 2988 videat,
1020 2900 1207 2974 examinet
1234 2914 1274 2973 et
1301 2899 1460 2987 decidat,
1490 2923 1534 2975 ac
1570 2915 1774 2996 propterea

212 3063 215 3072 ⁷
275 3053 350 3104 non
377 3027 512 3102 minori
538 3025 783 3125 prerogativa
809 3042 898 3100 sunt
924 3024 1027 3124 digni
1054 3050 1131 3121 qua
1158 3025 1219 3100 alii
1247 3025 1445 3100 familiares
1479 3025 1597 3100 nostri
1632 3026 1699 3123 qui
1739 3026 1773 3098 in

275 3155 356 3230 aliis
397 3179 440 3228 se
474 3166 654 3228 exercent
693 3151 898 3249 obsequiis,
942 3151 1025 3226 Nos
1065 3153 1259 3252 cupientes
1297 3150 1508 3249 Collegium
1543 3151 1773 3226 Auditorum

276 3278 490 3354 huiusmodi
516 3303 561 3352 ac
588 3300 720 3350 omnes
739 3291 779 3351 et
797 3275 967 3376 singulos
986 3276 1203 3362 Auditores,
1228 3299 1327 3372 quos
1345 3301 1456 3350 veros
1474 3291 1515 3351 et
1542 3276 1774 3351 indubitatos

275 3403 476 3479 familiares
504 3416 656 3476 nostros
674 3401 873 3475 continuos
891 3400 1164 3476 commensales
1182 3425 1270 3474 esse
1297 3416 1447 3475 constat
1464 3425 1508 3474 ac
1536 3400 1775 3478 decernimus

276 3552 345 3626 per
372 3543 583 3624 presentes,
612 3549 820 3621 eorumque
839 3524 963 3598 locum
986 3539 1170 3611 tenentes,
1192 3539 1299 3597 tanto
1326 3524 1447 3621 magis
1475 3525 1576 3600 sedis
1603 3525 1775 3600 eiusdem

278 3651 527 3727 munificentia
545 3648 727 3724 extollere
747 3665 785 3722 et
804 3647 1045 3746 amplioribus
1063 3649 1253 3722 favoribus
1272 3649 1461 3747 prosequi,
1482 3664 1626 3745 quanto
1644 3650 1775 3746 exqui-

278 3777 370 3851 sita·
390 3800 521 3849 eorum
551 3771 836 3870 circumspectio
864 3787 903 3846 et
930 3771 1123 3859 industria,
1161 3773 1330 3847 eminens
1367 3773 1519 3846 scientia
1555 3772 1774 3856 litterarum,

278 3924 425 3975 summa
453 3898 650 3996 integritas
680 3915 719 3971 et
746 3913 925 3970 constans
966 3894 1140 3970 iudicium
1169 3897 1266 3970 circa
1294 3921 1418 3971 rerum
1460 3898 1777 3996 negotiorumque

277 4027 480 4100 varietates
508 4024 645 4120 quibus
674 4021 878 4118 premimur
912 4023 948 4095 in
976 4021 1197 4095 universalis
1231 4020 1388 4095 ecclesie
1424 4022 1614 4120 regimine,
1652 4024 1777 4120 reipu-

277 4150 371 4226 blice
400 4148 601 4224 christiane
628 4145 812 4221 salubrior
838 4160 878 4220 et
905 4146 1030 4220 utilior
1047 4170 1134 4220 esse
1162 4145 1379 4232 dinoscitur,

362 4274 470 4348 Motu
501 4272 662 4374 proprio,
694 4296 768 4344 non
796 4269 844 4345 ad
873 4270 1039 4368 ipsorum
1067 4251 1295 4346 Auditorum
1313 4287 1379 4345 aut
1406 4272 1560 4346 alterius
1588 4297 1658 4370 pro
1686 4273 1775 4371 ipsis

279 4400 386 4474 nobis
416 4421 532 4495 super
559 4397 630 4469 hoc
657 4396 783 4470 oblate
802 4395 995 4491 petitionis
1014 4394 1241 4482 instantiam,
1262 4396 1330 4470 sed
1349 4397 1398 4469 de
1418 4412 1547 4471 nostra
1565 4421 1669 4472 mera
1687 4399 1775 4472 libe-

279 4522 425 4597 ralitate
452 4536 493 4594 et
520 4546 567 4594 ex
595 4536 700 4596 certa
728 4519 893 4604 scientia,
924 4521 1194 4615 premissorum
1222 4521 1522 4594 consideratione
1549 4521 1698 4619 impulsi
1739 4536 1776 4595 et

279 4651 315 4722 in
344 4646 541 4742 aliqualem
571 4669 724 4720 suorum
752 4645 923 4720 laborum
952 4659 991 4718 et
1009 4645 1226 4717 meritorum
1245 4669 1529 4742 recompensam
1547 4671 1591 4720 ac
1610 4672 1679 4744 pro
1699 4646 1776 4719 illo-

280 4797 363 4845 rum
405 4773 441 4845 in
483 4795 553 4844 nos
589 4786 630 4845 et
666 4771 796 4844 sedern
833 4769 1042 4866 predictam
1083 4770 1333 4857 benemeritis,
1365 4771 1581 4845 satisfacere
1616 4786 1656 4844 et
1696 4795 1776 4870 gra-

278 4896 418 4971 tificare
463 4897 714 4981 intendentes,
758 4919 968 4990 eorumque
995 4894 1108 4970 fidem
1150 4911 1189 4968 et
1222 4896 1485 4969 auctoritatem
1522 4893 1702 4970 extollere
1730 4895 1775 4969 ad

281 5037 451 5096 nostrum
480 5036 519 5095 et
547 5022 664 5118 ipsius
693 5019 794 5096 sedis
822 5019 999 5094 decorem
1027 5045 1071 5094 ac
1098 5019 1247 5093 laudem
1277 5020 1457 5106 volentes,
1493 5020 1607 5094 felicis
1642 5043 1773 5094 recor:

281 5147 485 5222 Alexandri
515 5147 558 5235 V,
581 5146 756 5220 Iohannis
784 5143 923 5232 XXIII,
943 5145 1094 5218 Martini
1121 5145 1234 5218 etiam
1263 5144 1583 5244 V,Eugenii1111‚
1614 5146 1715 5219 Pauli
1733 5145 1772 5228 II,

216 5310 222 5320 ·
282 5273 375 5348 Sixti
403 5273 516 5346 etiam
545 5271 619 5356 1111,
650 5286 689 5343 et
716 5269 919 5344 Innocentii
948 5268 1042 5354 VIII,
1073 5271 1385 5367 predecessorum
1414 5287 1627 5345 nostrorum
1669 5273 1775 5345 vesti·

284 5397 355 5498 giis
384 5399 607 5484 inherentes,
638 5395 861 5469 auctoritate
888 5395 1108 5491 apostolica,
1130 5412 1260 5470 tenore
1279 5395 1512 5492 presentium
1545 5396 1775 5470 decernimus
