3748 5914
606 746 621 781 ο
840 716 924 795 146.

124 875 221 950 Iulio
259 876 314 953 ΙΙ.
352 919 404 934 -
445 877 575 951 Mense
609 877 699 951 titlz'o
737 879 841 973 1508,
879 877 924 951 de
960 877 1134 951 mandato
1171 876 1422 951 Thesaurnrii
1453 875 1623 978 Capellae

204 1002 332 1086 Rotae,
354 1002 468 1076 scribi
490 1002 619 1101 incipit
635 1001 765 1080 Liber
783 1000 941 1096 Rotae,
959 1027 1064 1100 quem
1082 1027 1184 1076 voco:
1203 999 1332 1081 Liber
1352 1005 1486 1082 vetus
1505 1002 1622 1082 iura·

205 1125 358 1205 menti.

205 1279 321 1353 (Auen.
339 1279 430 1354 Ron,
448 1279 642 1355 praedictus
665 1279 951 1350 «Liternum»,
969 1287 1002 1354 p..
1021 1279 1088 1352 25).

1288 1425 1367 1498 1508,
1385 1425 1472 1496 iulio,
1491 1423 1624 1484 Romae.

208 1569 368 1644 Presens
395 1568 488 1644 liber
516 1570 678 1666 scriptus
713 1588 786 1659 est,
823 1572 1026 1648 mandante
1059 1574 1106 1651 R.
1135 1598 1171 1670 p.
1202 1587 1241 1647 et
1272 1573 1434 1659 domino,
1474 1572 1625 1647 domino

129 1693 335 1769 Benedicto
362 1694 499 1780 Adam,
528 1693 674 1793 gallico,
701 1697 897 1793 utriusque
925 1697 1018 1772 luris
1047 1699 1211 1786 doctore,
1242 1697 1435 1773 Auditore
1458 1697 1558 1771 Rote
1585 1712 1625 1770 et

125 1819 379 1894 Thesaurario
422 1818 578 1916 Capelle
616 1819 727 1908 Rote,
768 1846 814 1895 ac
851 1821 1048 1918 Preposito
1085 1822 1223 1898 Sancte
1261 1823 1418 1897 ecclesie
1455 1821 1622 1898 Anicien.

131 1945 242 2019 Anno
268 1945 344 2022 dni.
375 1951 616 2022 ncccccv111⁰.
646 1946 686 2019 ln
714 1947 849 2021 Mense
875 1948 966 2038 Iulii,
999 1949 1278 2046 presidentibus
1307 1948 1352 2024 R.
1382 1948 1551 2045 patribus
1586 1962 1627 2021 et

17 2163 18 2168 Ἰ
127 2069 288 2145 dominis
311 2070 559 2146 Auditoribus
588 2087 627 2146 et
653 2072 991 2149 locumtenentibus
1014 2074 1114 2148 Rote
1142 2097 1189 2150 eo
1216 2089 1400 2172 tempore,
1429 2089 1469 2148 et
1495 2073 1626 2148 ordine

133 2211 175 2271 ut
202 2198 392 2293 sequitur:
587 2212 601 2252 ·

17 2303 18 2324 ³
208 2320 456 2396 Reverendus
483 2345 520 2418 p.
551 2336 592 2396 et
618 2320 715 2408 diis,
746 2323 829 2400 dns.
862 2323 1080 2399 Dominicus
1107 2325 1156 2398 de
1184 2323 1390 2412 lacobatiis,
1419 2323 1624 2406 Romanus,

128 2474 164 2522 u.
185 2446 207 2522 i.
238 2447 382 2532 doctor,
413 2445 591 2521 Decanus
618 2446 858 2524 Auditorum.

208 2572 255 2649 R.
284 2570 322 2644 in
351 2569 502 2644 Christo
530 2595 585 2667 pr.
616 2585 655 2645 et
681 2570 779 2659 diis„
814 2574 900 2648 dns.
932 2573 1152 2648 Franciscus
1181 2572 1316 2648 Brevin
1343 2573 1420 2672 (sic)
1455 2587 1624 2655 venetus,

129 2695 221 2794 Eps.
253 2694 450 2783 Ceneten.‚
482 2722 517 2772 u.
546 2695 569 2772 i.
599 2697 743 2784 doctor,
773 2695 1062 2774 Locumtenens.

210 2819 256 2896 R.
286 2820 323 2895 in
352 2818 505 2896 Christo
533 2847 570 2918 p.
599 2836 649 2896 et.
679 2819 728 2908 d.‚
760 2822 797 2897 d.
828 2821 1007 2898 Matheus
1034 2823 1083 2896 de
1111 2822 1282 2910 Ubaldis,
1312 2823 1526 2908 Perusinus,
1545 2846 1581 2897 ιι.
1602 2820 1625 2894 i.
1761 2917 1763 2924 Α
1843 2827 1847 2836 ’

128 2946 273 3033 doctor,
304 2945 395 3042 Eps.
428 2945 616 3030 Nucerin.
646 2945 934 3024 Locumtenens.

209 3069 255 3146 R.
286 3069 323 3142 in
344 3067 499 3144 Christo
517 3093 555 3165 p.
576 3086 615 3144 et
633 3069 682 3155 d.‚
704 3067 740 3144 d.
762 3071 897 3145 Petrus
916 3073 964 3145 de
978 3070 1157 3158 Accoltis,
1177 3071 1368 3159 Aretinus,
1389 3097 1424 3147 u.
1441 3070 1464 3145 i.
1481 3071 1625 3154 doctor,

129 3195 223 3292 Eps.
253 3193 490 3280 Anconitan,
523 3193 813 3271 Locumtenens.

210 3318 255 3392 R.
277 3317 315 3390 in
335 3315 488 3392 Christo
507 3342 543 3415 p.
564 3332 605 3391 et
622 3317 671 3405 d.‚
693 3318 729 3393 d.
752 3317 917 3392 Achilles
936 3318 985 3393 de
1001 3317 1165 3405 Grassis,
1184 3319 1377 3395 Bononien
1394 3374 1402 3404 ‚
1419 3345 1455 3392 ιι.
1472 3319 1496 3394 i.
1515 3318 1627 3404 doct,

129 3440 221 3540 Eps.
253 3439 595 3528 Civitatiscastelle,
625 3441 914 3518 Locumtenens.

211 3567 330 3642 Rrirus
359 3567 456 3652 dtis,
487 3565 571 3640 dtis.
601 3567 791 3641 Antonius
819 3569 867 3642 de
895 3568 1038 3656 Monte,
1070 3565 1319 3652 Florentinus,
1350 3594 1388 3643 u.
1415 3569 1437 3642 i.
1468 3567 1627 3653 doctor..

128 3690 451 3789 Archiepiscopus
479 3690 665 3787 Sipontin.
693 3707 734 3766 et
760 3691 925 3766 Auditor
954 3692 1126 3769 Camere.

211 3816 257 3892 R.
288 3841 345 3912 pr.
374 3830 414 3889 et
442 3817 540 3902 dns..
570 3815 655 3891 diis.
684 3816 868 3890 Iohannes
895 3817 1115 3901 Vannulius,
1145 3818 1277 3900 lucen,
1307 3817 1503 3913 utriusque
1540 3815 1629 3889 iuris

129 3941 273 4027 doctor,
305 3939 478 4016 Auditor.

210 4065 257 4140 R.
276 4089 333 4160 pr.
354 4079 394 4138 et
415 4063 511 4150 dns..
534 4064 618 4139 diis.
639 4064 832 4140 Marianus
852 4066 900 4140 de
920 4065 1131 4153 Bartolinis,
1152 4065 1364 4153 Perusinus,
1385 4091 1422 4141 u.
1439 4066 1460 4140 i.
1481 4064 1628 4151 doctor,

128 4188 307 4264 Auditor.

211 4313 257 4388 R.
287 4339 345 4410 pr.
383 4328 423 4388 et
459 4314 555 4400 dns..
595 4314 678 4388 dtis
716 4314 945 4389 Benedictus
972 4314 1109 4400 Adam,
1140 4312 1318 4400 Gallicus,
1347 4341 1384 4390 u.
1423 4315 1444 4388 i.
1483 4313 1627 4396 doctor,

127 4438 295 4513 Auditor
322 4453 361 4514 et
391 4438 667 4513 Thesaurarius
696 4439 805 4516 Rote.

211 4562 256 4638 R.
273 4562 595 4661 pr.etd1“1s.‚df1s.
614 4563 822 4638 Mercurius
836 4563 885 4638 de
899 4561 1049 4660 Vipera,
1068 4561 1366 4643 Beneventanus.
1388 4587 1424 4638 ιι.
1440 4561 1462 4638 i.
1484 4560 1627 4646 doctor,

129 4687 306 4764 Auditor.

212 4810 259 4886 R.
288 4838 345 4910 pr.
375 4829 415 4888 et
442 4814 540 4898 dtis..
571 4815 654 4890 dns.
685 4814 1046 4888 Iohannesantonius
1070 4812 1118 4886 de
1141 4809 1342 4899 Trivultiis,
1363 4809 1627 4896 Mediolanen„

131 4963 168 5013 u.
198 4935 222 5012 i.
252 4939 398 5026 doctor,
427 4938 602 5017 Auditor.
