3718 5918
247 323 303 383 486
652 337 655 344 “
857 327 994 386 Soeculo
1012 325 1136 387 XVIII

327 515 367 587 ln
395 515 530 611 quibus
558 517 682 590 causis
709 517 946 613 gravioribus
975 518 1046 592 hoc
1074 543 1190 592 unum
1218 521 1469 595 certissimum
1495 538 1566 606 est,
1588 522 1621 594 si
1648 537 1753 596 recte

248 640 516 727 consideretur,
537 640 642 738 quod
669 642 790 715 minor
807 640 916 715 fieret
942 644 1122 738 impensa,
1143 659 1183 718 et
1202 645 1325 718 minus
1344 660 1494 741 tempus
1513 649 1549 720 in
1567 646 1754 745 litigando

247 783 516 851 contereretur,
538 768 570 839 si
596 790 620 839 a
647 765 829 864 principio
855 769 1179 842 committerentur
1196 769 1233 843 in
1252 769 1363 856 Rota,
1386 797 1499 867 quam
1524 771 1609 846 siin
1631 774 1753 868 prima

244 890 305 964 vel
334 889 499 965 secunda
535 891 715 966 Instantia
751 907 1031 990 cognoscantur
1057 894 1106 967 ab
1133 895 1182 967 A.
1212 894 1257 969 C.
1289 895 1398 981 Nam,
1427 895 1491 970 ubi
1519 897 1554 970 in
1584 898 1685 972 Rota
1713 896 1753 968 in

246 1017 375 1112 paucis
402 1017 525 1090 dubiis
553 1033 634 1092 tota
662 1041 776 1092 causa
804 1017 1002 1092 discutitur
1039 1035 1078 1093 et
1114 1020 1325 1106 resoluitur,
1356 1035 1396 1094 et
1432 1021 1683 1096 resolutiones
1713 1022 1753 1093 in

247 1165 361 1216 causa
389 1142 510 1216 factae
546 1142 764 1216 deserviunt
799 1143 836 1216 in
872 1144 1042 1240 qualibet
1068 1145 1259 1232 instantia,
1291 1145 1321 1218 si
1349 1169 1463 1219 causa
1490 1147 1595 1244 pn’us
1622 1171 1754 1221 coram

248 1266 295 1340 A.
319 1265 363 1340 C.
384 1282 646 1364 cognoscatur,
667 1281 707 1340 et
735 1284 870 1362 postea
897 1267 1109 1342 devolvitur
1135 1270 1184 1342 ad
1213 1270 1364 1357 Rotam,
1385 1285 1466 1343 tota
1492 1269 1554 1343 illa
1580 1271 1755 1366 impensa

248 1407 287 1466 et
314 1407 437 1482 totum
465 1389 554 1464 illud
583 1408 733 1488 tempus
761 1392 864 1487 quod
893 1417 1019 1466 coram
1049 1395 1095 1467 A.
1117 1392 1161 1467 C.
1189 1409 1453 1491 consumptum
1481 1393 1561 1481 luit,
1581 1393 1754 1490 partibus

248 1516 364 1590 servit
391 1517 440 1591 de
467 1533 593 1602 vento,
613 1515 702 1614 quia
730 1541 907 1612 suprema
934 1515 1149 1592 Tribunalia
1177 1542 1252 1591 non
1279 1534 1517 1615 exequuntur
1544 1518 1756 1593 sententias

246 1639 404 1715 aliorum
432 1640 597 1714 Iudicum
634 1642 858 1728 inferiorum,
890 1642 958 1715 nisi
994 1656 1150 1738 grrstato
1186 1643 1287 1718 bono
1323 1644 1414 1729 iure,
1444 1659 1485 1716 et
1517 1665 1632 1738 saepe
1669 1640 1755 1716 illas
1842 1639 1843 1668 l

248 1789 428 1840 revocare
455 1765 589 1852 solent,
620 1782 800 1862 tanquam
828 1768 998 1840 iniustas.

331 1888 439 1962 Ultra
467 1891 581 1986 quod,
604 1906 647 1964 ut
665 1915 781 1986 supra
799 1890 969 1976 diximus,
990 1893 1039 1966 ab
1057 1891 1341 1966 immemorabili
1361 1905 1531 1989 tempore
1550 1893 1653 1977 citra,
1676 1916 1753 1965 ser·

247 2029 376 2090 vatum
405 2014 483 2102 luit,
513 2031 552 2090 et
587 2015 624 2087 in
653 2014 996 2090 Constitutionibus
1033 2016 1158 2090 Rotae
1195 2030 1345 2090 cautum
1382 2031 1453 2103 est,
1484 2031 1525 2089 ut
1561 2041 1754 2114 pauperes

249 2139 441 2239 litigantes
469 2141 504 2212 io
534 2140 635 2214 Rota
664 2162 737 2212 non
766 2139 915 2213 solvant
942 2141 991 2214 ad
1018 2141 1194 2238 rigorem,
1215 2141 1283 2214 sed
1302 2141 1617 2226 extraordinarie;
1647 2142 1755 2237 quod

249 2281 375 2339 tamen
406 2289 523 2362 penes
552 2251 732 2340 Notarios
759 2266 806 2340 A.
839 2263 883 2340 C.
914 2289 1102 2363 nunquam
1131 2280 1324 2362 receptum
1355 2265 1432 2340 fuit.

331 2391 390 2476 Et,
426 2389 670 2475 nihilominus
711 2412 777 2462 nec
813 2393 927 2463 etiam
967 2393 1001 2463 in
1041 2406 1184 2464 tantum
1221 2391 1365 2465 attendi
1403 2390 1518 2464 debet
1554 2388 1754 2462 modicitas

248 2539 511 2612 expensarum,
530 2532 571 2589 et
589 2515 714 2589 brevis
733 2539 871 2589 causae
889 2516 1088 2612 expeditio,
1110 2515 1199 2613 quin
1218 2515 1345 2611 potius
1364 2514 1581 2612 praevalere
1600 2513 1752 2601 debeat,

249 2639 393 2737 inquo
420 2640 547 2737 potius
575 2639 766 2714 Tribunali
803 2665 941 2714 causae
979 2640 1111 2714 melius
1149 2655 1435 2737 cognoscantur,
1464 2653 1504 2712 et
1530 2653 1751 2724 tractentur,

247 2765 425 2862 precipue
452 2763 644 2863 loquendo
671 2764 720 2839 de
747 2765 1000 2862 gravioribus;
1031 2766 1133 2839 iuxta
1160 2763 1259 2851 illud,
1283 2766 1387 2861 quod
1415 2764 1547 2838 melius
1575 2780 1635 2838 est
1662 2789 1753 2860 pec-

248 2915 334 2964 care
362 2890 398 2961 in
426 2904 611 2984 tempore,
641 2913 755 2984 quam
784 2891 818 2962 in
848 2890 1044 2964 sententia

331 3015 455 3100 Prout,
492 3037 615 3110 neque
652 3014 765 3088 etiam
802 3015 945 3088 attendi
982 3012 1096 3088 debet
1132 3015 1307 3089 voluntas
1343 3030 1382 3089 et
1418 3037 1627 3088 consensus
1665 3037 1753 3110 par-

248 3139 358 3226 tium3
388 3139 456 3213 sed
477 3139 652 3236 Princeps
671 3138 885 3213 discernere
904 3139 1002 3214 solet
1019 3165 1042 3214 a
1062 3165 1104 3214 se
1123 3141 1207 3236 ipso
1225 3141 1289 3215 ubi
1307 3163 1421 3213 causa
1439 3139 1617 3234 cognosci
1636 3163 1753 3235 opor·
1842 3155 1843 3234 ξ

249 3279 347 3340 teat:
368 3264 598 3360 quandoque
616 3264 714 3338 enim
733 3265 769 3336 in
789 3263 859 3336 hoc
879 3280 1007 3359 partes
1025 3262 1198 3338 laborant
1215 3280 1346 3338 contra
1367 3264 1520 3360 propria
1539 3263 1750 3336 commoda.
1842 3267 1843 3304 l

330 3390 479 3464 Causae
507 3414 660 3487 quoque
688 3389 1002 3463 Reservationum
1039 3389 1225 3464 fructuum
1254 3391 1313 3463 vel
1341 3389 1574 3484 pensionum,
1606 3411 1752 3462 necnon

247 3515 478 3588 executionis
496 3513 702 3586 litterarum
722 3511 1038 3608 Apostolicarum,
1055 3514 1092 3587 in
1107 3513 1242 3609 quibus
1257 3512 1457 3609 requiritur
1475 3535 1612 3587 causae
1627 3509 1755 3607 cogni·

249 3639 312 3723 tio,
334 3661 468 3712 omnes
487 3651 660 3732 spectant
687 3635 736 3708 ad
764 3637 915 3723 Rotam,
936 3650 1016 3710 tum
1033 3637 1122 3732 quia
1141 3637 1367 3733 participant
1383 3635 1433 3709 de
1454 3632 1751 3717 Beneficialibus,

249 3783 328 3840 tum
351 3763 477 3844 etiam,
497 3761 586 3858 quia
613 3774 702 3833 sunt
728 3785 865 3836 causae
893 3787 1032 3859 graves
1059 3761 1211 3857 quasin
1231 3760 1331 3836 Rota
1358 3760 1535 3858 cognosci
1563 3758 1753 3842 convenit,

248 3913 332 3962 cum
361 3886 561 3985 praecipue
590 3885 627 3957 in
655 3884 937 3961 Reformatione
966 3886 1018 3960 Pii
1045 3884 1177 3979 Quinti
1204 3888 1253 3960 A.
1280 3883 1322 3962 C.
1345 3885 1588 3982 prohibeatur
1614 3879 1754 3977 exequi

245 4013 392 4087 litteras
421 4007 660 4106 Apostolicas
689 4009 724 4083 in
753 4011 890 4107 quibus
918 4012 1000 4108 ipse
1029 4011 1240 4108 specialiter
1269 4036 1343 4086 non
1362 4025 1423 4084 est
1441 4010 1647 4106 deputatus
1667 4031 1754 4080 exe

245 4155 371 4225 cutor;
401 4150 526 4232 prout,
556 4157 623 4209 nec
651 4135 764 4210 etiam
793 4153 922 4232 potest
948 4135 1055 4212 alicui
1085 4138 1246 4234 partium
1278 4135 1498 4209 beneficium
1534 4131 1752 4207 adiudicare

245 4262 349 4360 quod
377 4261 499 4334 solum
527 4281 750 4333 concessum
777 4276 838 4335 est
866 4262 989 4336 Rotae
1017 4261 1226 4346 Auditorio,
1258 4261 1360 4334 iuxta
1397 4271 1541 4332 textum
1576 4255 1612 4328 in
1640 4255 1750 4328 clem.

250 4385 421 4459 Auditor.
452 4385 499 4458 de
527 4384 695 4480 rescript.
726 4385 815 4461 Rot.
844 4385 959 4459 decis.
990 4409 1014 4477 4
1042 4387 1078 4458 in
1106 4385 1168 4460 fin.
1196 4385 1245 4458 de
1273 4385 1352 4457 iure
1380 4398 1525 4479 patron.
1557 4382 1593 4452 in
1629 4379 1749 4453 novis.

247 4511 297 4584 Et
324 4509 496 4604 quamvis
533 4509 580 4583 A.
613 4508 656 4581 C.
687 4533 730 4582 se
766 4524 877 4583 vocet
913 4525 1153 4584 executorem
1189 4509 1397 4582 litterarum
1427 4503 1751 4602 Apostolicarum,

245 4635 327 4729 ipse
373 4649 498 4708 tamen
536 4657 663 4707 merus
699 4648 759 4706 est
793 4650 982 4719 executor,
1023 4657 1098 4707 non
1135 4635 1294 4720 mixtus;
1330 4645 1370 4704 et
1404 4631 1441 4704 in
1477 4629 1668 4704 indIviduo
1703 4651 1753 4700 se

245 4783 388 4832 merum
415 4772 656 4832 executorem
685 4758 861 4854 appellat,
893 4758 1034 4832 Mixtus
1062 4773 1189 4832 autem
1217 4773 1367 4832 tenetur
1393 4777 1588 4828 assumere
1616 4769 1752 4848 partes
1842 4839 1843 4850 χ

246 4883 379 4957 Iudicis
407 4901 446 4958 et
472 4885 521 4957 ab
548 4883 629 4956 eius
658 4885 843 4957 sententia
869 4883 980 4957 datur
1008 4884 1222 4980 appellatio
1254 4882 1358 4979 quod
1386 4883 1434 4954 A.
1456 4879 1500 4956 C.
1521 4879 1643 4952 facere
1671 4899 1750 4948 non
1842 4929 1843 4940 .

299 5023 384 5081 test.

246 5033 297 5105 1³0
328 5130 552 5206 Pensionum
580 5153 732 5227 quoque
761 5153 907 5216 causae,
931 5129 991 5204 ubi
1019 5155 1093 5204 non
1121 5131 1246 5229 agitur
1272 5127 1466 5205 executive
1493 5127 1624 5224 vigore
1651 5121 1752 5197 obli-

245 5255 409 5355 gationis
438 5254 654 5341 Cameralis,
686 5270 859 5350 spectant
885 5255 934 5328 ad
964 5256 1113 5342 Rotam,
1134 5255 1222 5352 quia
1249 5254 1506 5352 percipiuntur
1531 5275 1580 5325 ex
1607 5247 1752 5338 benefi-

246 5380 323 5465 ciis,
353 5380 401 5453 de
429 5403 589 5476 quorum
618 5377 753 5453 iudicio
780 5381 828 5453 A.
861 5376 904 5453 C.
935 5405 1008 5452 non
1037 5396 1096 5453 est
1124 5405 1253 5476 capax.
