3708 5918
258 275 294 333 94
883 281 1019 341 Soeculo
1038 281 1093 342 XI
1096 281 1125 342 V

339 473 357 568 ᾗ
378 477 413 547 6.
434 469 454 513 *
482 473 532 546 Et
560 474 715 570 insuper
742 497 873 548 omnes
901 491 940 548 et
969 474 1105 572 singuli
1133 475 1267 548 notarii
1286 473 1374 548 dicti
1393 473 1522 570 palatii
1539 500 1609 572 pro
1628 476 1754 550 officiis

258 595 308 669 ad
336 597 572 674 scribendum
602 623 729 671 coram
757 598 990 672 auditoribus
1027 598 1241 675 obtinendis
1272 616 1339 673 aut
1375 599 1591 687 retinendis,
1620 601 1680 674 vel
1716 617 1757 675 ut

258 723 390 795 notarii
410 723 479 819 ipsi
499 722 534 795 in
554 721 722 818 pluribus
741 749 808 796 seu
829 723 1085 822 pinguioribus
1105 725 1228 797 causis
1248 746 1318 820 per
1335 723 1549 798 huiusmodi
1567 725 1757 800 auditores

255 849 305 920 ad
320 848 554 922 scribendum
569 849 809 945 deputentur,
822 875 890 946 per
905 875 958 935 se,
974 848 1033 923 vel
1052 850 1316 946 interpositam·
1327 874 1527 946 personam
1542 851 1653 926 nichil
1667 852 1756 926 dent
1848 829 1849 838 ἵ

255 971 407 1060 directe,
436 973 548 1048 etiam
576 975 636 1047 vel
664 975 845 1047 indirecte
878 974 1110 1048 esculentum
1138 974 1197 1047 vel
1225 975 1478 1070 poculentum,
1509 991 1575 1048 aut
1602 977 1757 1072 promit-

256 1113 347 1184 tant,
371 1121 435 1171 seu
456 1123 586 1172 eorum
615 1099 764 1174 nomine
783 1099 912 1172 datum
932 1099 991 1172 vel
1010 1099 1236 1196 promissum
1256 1097 1485 1196 persolvant,
1507 1125 1575 1174 seu
1594 1101 1757 1197 persolvi

256 1222 401 1305 saciant,
432 1223 491 1296 vel
519 1223 775 1321 procurent*

336 1347 354 1439 ξ
386 1369 418 1436 7.
449 1347 552 1433 ltem,
583 1347 688 1442 quod
716 1347 900 1435 advocati,
939 1363 1204 1443 procuratores
1240 1364 1280 1420 et
1316 1347 1460 1432 notarii,
1499 1365 1652 1422 servent
1687 1373 1758 1446 per
1820 1400 1823 1408 -

256 1471 381 1542 omnia
417 1471 693 1546 ordinationem
721 1471 895 1546 Iohannis
935 1488 975 1545 et
1016 1469 1223 1557 Benedicti,
1263 1472 1577 1568 predecessorum
1614 1491 1758 1547 nostro-

257 1619 337 1666 rum
358 1596 627 1692 predictorum,
656 1612 695 1670 et
722 1599 769 1670 de
798 1597 993 1671 servandis
1021 1615 1098 1670 tam
1128 1597 1213 1672 istis
1241 1620 1355 1692 quam
1373 1597 1559 1670 contentis
1579 1596 1617 1672 in
1636 1601 1757 1696 predi·

257 1720 326 1791 ctis
355 1720 687 1796 constitutionibus
714 1723 919 1796 eorundem
948 1721 1126 1796 Iohannis
1153 1735 1193 1795 et
1222 1721 1414 1794 Benedicti
1443 1721 1756 1818 predecessorum

256 1859 483 1933 nostrorum,
500 1848 723 1942 prestabunt
751 1847 787 1920 in
815 1847 996 1944 principio
1024 1847 1082 1919 sui
1108 1845 1218 1920 officii
1246 1863 1285 1920 et
1305 1846 1462 1944 singulis
1481 1847 1600 1932 annis
1623 1871 1759 1920 secun-

144 1987 147 1992 ·
257 1967 346 2041 dum
375 1969 532 2044 formam
560 1973 688 2045 datam
717 1973 751 2045 in
779 1972 845 2055 eis,
877 1969 1122 2068 corporaliter
1150 1971 1368 2048 iuramenta.

337 2096 355 2190 ᾗ
385 2098 420 2168 8.
460 2095 563 2183 Item,
603 2101 635 2168 si
668 2114 893 2194 procurator
927 2122 951 2170 a
983 2113 1091 2194 parte
1126 2096 1344 2170 mandatum
1382 2096 1555 2171 habuerit
1587 2098 1635 2172 de
1673 2099 1759 2171 reti·

257 2218 381 2294 nendo
407 2220 645 2309 advocatum,
674 2223 796 2318 ipsum
830 2221 989 2296 retinere
1026 2237 1065 2296 et
1101 2221 1297 2318 pecuniam
1325 2245 1439 2318 quarn
1467 2246 1490 2294 a
1517 2237 1637 2317 parte,
1677 2221 1759 2295 sive

256 2344 431 2418 clientulo
454 2369 536 2432 suo,
557 2371 628 2442 pro
645 2347 830 2420 advocato
849 2345 1033 2434 habuerit,
1054 2348 1176 2420 eidem
1195 2348 1382 2421 advocato
1402 2347 1553 2420 tradere
1571 2362 1757 2422 teneatur.

254 2469 296 2543 Si
323 2496 415 2544 vero
444 2473 524 2545 sine
551 2473 738 2548 advocato
769 2497 922 2546 causam
956 2472 1166 2568 susceperit
1198 2461 1516 2570 prosequendam,
1556 2495 1631 2546 non
1668 2475 1759 2548 reci·

257 2596 335 2692 piat
365 2595 431 2668 nisi
451 2613 635 2691 quantum
654 2597 889 2694 procuratori
907 2597 916 2632 ¹
939 2621 1009 2694 per
1027 2597 1332 2672 constitutionem
1359 2597 1530 2671 eiusdem
1564 2597 1761 2672 Benedicti

255 2721 539 2816 predecessoris
567 2738 626 2795 est
655 2739 833 2797 taxatum.
867 2721 917 2794 Et
945 2723 975 2796 si
1003 2737 1134 2796 contra
1161 2721 1301 2820 aliquid
1324 2723 1595 2818 premissorum
1615 2723 1758 2810 lecerit,

256 2844 402 2920 dehoc
431 2847 660 2934 convinctus,
691 2873 761 2944 per
787 2848 997 2922 auditorem
1033 2847 1156 2921 officio
1187 2847 1462 2944 procurationis
1499 2847 1677 2943 privetur,
1718 2863 1760 2922 et

256 2970 513 3044 nichilominus
541 2986 714 3046 teneatur
742 2972 940 3046 restituere
968 2972 1072 3068 quod
1098 2971 1255 3068 accepit.

334 3097 353 3190 ᾗ
383 3118 418 3186 9.
448 3095 554 3182 ltem,
583 3095 686 3192 quod
715 3121 788 3168 non
818 3095 1066 3192 impetrentur
1094 3119 1162 3190 per
1188 3093 1423 3192 principales,
1444 3094 1502 3168 vel
1521 3117 1652 3170 eorum
1672 3119 1758 3191 pro-

255 3237 458 3305 curatores,
489 3221 773 3294 commissiones
807 3245 921 3316 super
956 3219 1113 3293 articulo
1148 3218 1385 3318 gravaminis,
1427 3217 1495 3292 nisi
1523 3219 1628 3315 prius
1655 3219 1758 3293 datis

253 3345 436 3442 apostolis
464 3368 533 3440 per
560 3345 719 3420 iudicem
746 3369 768 3418 a
796 3370 872 3441 quo
900 3344 1010 3417 luerit
1037 3344 1286 3442 appellatum
1314 3360 1355 3417 et
1382 3343 1414 3417 si
1446 3360 1579 3417 contra
1613 3343 1756 3422 feeerit.

125 3455 127 3462 ’
253 3469 468 3544 commissio
497 3471 545 3543 sit
572 3468 683 3553 nulla,
712 3484 752 3543 et
779 3493 983 3566 processus
1011 3469 1163 3544 habitus
1190 3493 1260 3566 per
1287 3468 1457 3543 eandem.

334 3597 353 3691 ᾗ
389 3619 445 3670 ιο.
477 3596 582 3680 ltem,
600 3594 716 3691 ·quod
745 3617 820 3668 non
852 3592 1030 3668 credatur
1065 3619 1134 3692 per
1168 3593 1379 3668 auditorem
1415 3593 1649 3689 procuratori
1687 3617 1759 3668 nec

254 3720 363 3816 parti,
402 3721 432 3794 si
465 3717 694 3816 pretendant
727 3745 768 3794 se
804 3719 1030 3794 advocatum
1058 3719 1235 3794 habuisse
1268 3720 1304 3790 in
1337 3743 1461 3804 causa,
1497 3715 1566 3790 nisi
1597 3716 1646 3790 de
1683 3717 1758 3791 hoc

253 3845 366 3918 fidem
402 3845 512 3919 saciat
540 3844 797 3928 sufficientem,
830 3868 900 3940 per
927 3843 1145 3918 relationem
1182 3843 1366 3928 advocati,
1394 3842 1562 3917 adhibito
1600 3843 1757 3940 proprio

255 3969 482 4056 iuramento;
511 3985 553 4043 et
579 3985 668 4043 tunc
695 3969 809 4043 etiam
837 3971 1027 4042 examinet
1053 3969 1143 4066 quid
1171 3993 1241 4065 per
1272 3991 1360 4040 eum
1394 3967 1534 4041 iactum
1571 3965 1683 4040 luerit
1718 3968 1757 4040 in

254 4119 378 4180 causa,
414 4111 456 4168 ut
482 4119 553 4190 per
580 4094 651 4167 hoc
679 4095 817 4168 sciatur
845 4091 1027 4191 quantum
1054 4094 1089 4166 ei
1117 4093 1165 4166 de
1192 4091 1328 4166 salario
1357 4094 1550 4167 debeatur.

333 4222 351 4317 ξ
384 4217 473 4294 rt*
492 4221 596 4306 ltem,
614 4221 643 4294 si
658 4235 882 4315 procurator
899 4218 1052 4314 aliquod
1072 4218 1367 4314 calumpniosum
1386 4219 1549 4292 scienter
1567 4235 1758 4315 proponat

253 4347 289 4419 in
318 4344 483 4442 negotio,
513 4358 553 4417 et
580 4359 737 4441 propter
764 4344 835 4418 hoc
871 4342 951 4418 fieri
988 4344 1128 4418 debeat
1162 4340 1452 4439 condempnatio
1489 4365 1754 4437 expensarum,

257 4469 360 4567 quod
387 4469 469 4565 ipse
497 4485 717 4564 procurator
745 4468 781 4540 in
810 4469 987 4565 expensis
1024 4467 1236 4542 huiusmodi
1268 4467 1569 4564 condempnetur
1604 4482 1658 4558 et,
1680 4489 1757 4540 non
1848 4555 1849 4566 χ

254 4595 427 4670 dominus
455 4619 581 4676 cause,
613 4594 681 4667 nisi
710 4593 747 4668 in
777 4594 995 4680 subsidium,
1025 4594 1107 4690 ipso
1134 4593 1320 4666 existente
1350 4615 1422 4667 non
1452 4591 1645 4667 solvendo.

335 4721 354 4816 ᾖ
388 4743 444 4793 12.
462 4719 564 4805 Item,
582 4716 602 4760 '¹‘
617 4719 720 4815 quod
739 4717 888 4792 auditor
902 4733 1185 4814 procuratorem
1200 4715 1496 4814 calumpniosum
1511 4715 1652 4813 aliquid
1666 4743 1759 4813 pro-

255 4859 458 4943 ponentem
486 4843 644 4939 repellat
672 4867 720 4916 ex
747 4842 880 4929 officio,
915 4857 953 4915 et
986 4843 1108 4916 eidem
1144 4867 1280 4940 penam
1313 4843 1491 4940 imponat,
1523 4845 1758 4918 removendo

255 4972 378 5066 ipsum
407 4970 456 5042 ab
482 4967 606 5043 officio
633 4968 922 5064 imperpetuum,
953 4966 1012 5040 vel
1041 4969 1091 5041 ad
1119 4984 1281 5064 tempus,
1302 4983 1416 5065 prout
1436 4993 1505 5042 suo
1524 4967 1642 5041 libero
1661 4967 1759 5041 arbi·

257 5095 330 5167 trio
356 5091 543 5166 videbitur
569 5087 832 5168 laciendum*

336 5373 345 5408 ¹
364 5369 464 5431 Liber
482 5371 533 5429 cit.
551 5369 664 5430 habet:
683 5369 953 5445 procuratoribus.
