3748 5914
821 710 908 790 199.

112 884 216 958 Orda
243 883 385 959 Sacrae
412 889 539 976 Ratae,
569 898 612 962 ut
634 898 733 962 certa
760 889 922 987 quadam
949 889 1007 964 die
1037 892 1231 963 annuatim
1266 891 1490 965 celebrentur
1523 916 1608 963 exe-

189 1009 299 1106 quiae
320 1013 514 1108 generales
532 1023 608 1112 pra
636 1011 718 1088 Sar.
747 1015 867 1088 Ratae
893 1014 1138 1088 auditoribus
1155 1015 1346 1104 deficeretis,
1367 1024 1403 1088 et
1426 1016 1527 1114 quad
1536 1026 1608 1113 per

187 1134 349 1208 eiusdem
376 1135 496 1210 Rotae
529 1139 567 1210 T
561 1135 826 1212 hesaurare'um
851 1137 906 1212 ad
931 1138 1167 1238 prastaam
1193 1137 1358 1237 effectum
1394 1143 1517 1214 amaea
1540 1150 1606 1237 pa-

187 1267 334 1334 rentur.

188 1431 305 1500 (Aaou.
324 1431 411 1505 Ros„
435 1433 567 1495 «Liber
584 1433 619 1493 S.
637 1435 752 1504 Ratae,
769 1451 803 1494 n.
821 1435 846 1494 2
865 1439 902 1505 ι).

520 1653 592 1726 Die
620 1653 781 1741 veneris,
816 1679 860 1748 13
890 1654 1057 1741 ianuarii,
1092 1662 1203 1730 1612.

189 1831 272 1906 RR.
305 1832 373 1907 PP.
405 1833 493 1908 DD.
525 1833 608 1908 Sac.
639 1833 763 1907 Rotae
792 1834 1010 1922 Auditores‚
1039 1835 1076 1907 in
1104 1836 1205 1936 Rota
1234 1849 1321 1908 tunc
1340 1861 1409 1932 pro
1437 1836 1608 1910 deciden-

110 1957 167 2030 dis
194 1956 320 2031 causis
348 1955 580 2056 congregati,
610 1956 803 2033 videlicet:
834 1957 1056 2032 Franciscus
1093 1959 1231 2033 Poenia
1270 1959 1458 2045 Deeanus.
1491 1959 1609 2034 Fran-

112 2081 230 2156 ciscus
260 2081 450 2169 Sacratus,
468 2083 518 2157 lo:
542 2081 677 2178 Bapta
697 2082 892 2170 Cominus,
915 2083 1132 2158 Alexander
1159 2083 1396 2166 Ludovisius‚
1427 2082 1608 2158 Alsonsus

113 2189 369 2281 Maneanedus
397 2210 445 2280 de
474 2205 680 2300 Quinones,
703 2209 759 2282 Io:
789 2207 910 2304 Bapta
944 2205 1180 2304 Pamphilius,
1197 2208 1354 2283 lacobus
1375 2207 1605 2294 Cavalerius,

110 2329 301 2430 Philippus
330 2333 534 2406 Pirovanus
561 2348 600 2407 et
629 2332 849 2407 Franciscus
877 2333 925 2405 de
954 2332 1123 2420 Ubaldis,
1154 2349 1196 2405 ut
1227 2333 1383 2430 singulis
1423 2335 1542 2420 annis
1571 2336 1607 2407 in

111 2472 317 2552 posterum,
348 2455 507 2531 officium
537 2456 615 2531 sive
643 2457 826 2554 exequiae
855 2457 1044 2532 solemnes
1071 2472 1176 2531 certo
1216 2458 1382 2553 quodam
1419 2457 1479 2531 die
1516 2457 1609 2532 cele-

112 2582 309 2655 brarentur
336 2606 406 2678 pro
433 2581 629 2656 animabus
655 2581 883 2657 Auditorum
911 2583 975 2678 qui
1002 2583 1051 2656 ab
1079 2581 1151 2655 hoc
1168 2580 1319 2655 saeculo
1339 2583 1605 2681 migraverunt,

113 2730 184 2780 uno
212 2731 399 2780 consensu
429 2707 686 2794 decreverunt,
709 2722 750 2780 ut
777 2705 878 2782 finita
906 2708 1026 2804 prima
1055 2705 1156 2780 Rota
1175 2705 1449 2780 Memorialium
1478 2706 1607 2781 haberi

113 2829 219 2904 solita
248 2847 339 2928 post
367 2830 508 2931 Reges,
537 2832 588 2905 ad
615 2831 827 2928 praedictas
855 2833 1035 2929 exequias
1064 2831 1309 2905 celebrandas
1337 2831 1465 2905 statim
1501 2857 1609 2906 acce-

110 2953 238 3032 datur:
270 2971 310 3030 et
337 2955 448 3030 Drius
485 2955 759 3031 Thesaurarius
797 2956 931 3042 Rotae,
953 2957 1017 3054 qui
1054 2981 1123 3052 pro
1156 2973 1328 3052 tempore
1361 2955 1481 3043 fuerit,
1503 2973 1608 3030 curet

113 3081 256 3177 absque
285 3106 382 3155 novo
409 3081 541 3156 ordine
569 3097 611 3154 ut
638 3084 762 3155 omnia
788 3083 837 3155 ad
865 3082 1098 3180 praedictum
1135 3081 1310 3155 effectum
1352 3081 1426 3156 sint
1462 3097 1605 3178 parata.

998 3273 1220 3350 Franciseus
1250 3273 1388 3348 Poenia
1417 3274 1604 3351 Decanus

819 3628 908 3710 200.

115 3807 287 3882 Decanus
319 3809 431 3881 Ratae
471 3808 566 3882 duas
601 3807 773 3882 candelas
807 3808 866 3882 die
903 3805 1185 3898 Purefitatianis
1221 3807 1271 3884 B.
1303 3809 1360 3885 M.
1402 3811 1441 3885 V.
1476 3807 1608 3884 habere

189 3933 343 4019 debebat,
373 3958 467 4032 qaas
493 3935 688 4032 reapiebat
712 3933 756 4006 de
782 3959 896 4008 manu
925 3934 1063 4031 Papae.

185 4107 303 4180 (Aaou.
320 4106 408 4181 Rom,
432 4132 444 4157 «
464 4105 663 4166 Extractum
682 4105 801 4166 Dr'are'e'
816 4106 948 4166 Cocce'm‘
962 4107 998 4180 ι).

623 4321 696 4396 Die
727 4347 745 4395 2
777 4321 950 4396 februarii
984 4328 1095 4398 1612.

191 4527 255 4594 91.
286 4503 372 4576 Fuit
407 4500 591 4600 Cappella
630 4501 820 4576 Pontificia
849 4501 891 4576 B.
922 4501 974 4578 M.
1006 4501 1067 4588 V..
1097 4503 1132 4576 in
1175 4529 1221 4578 ea
1259 4503 1424 4578 interfuit
1466 4501 1608 4576 Orator

115 4626 231 4725 Regis
260 4625 434 4702 Poloniae
462 4628 526 4724 qui
554 4627 653 4700 sedit
680 4651 795 4722 supra
823 4649 955 4701 omnes
983 4627 1301 4725 Archiepiscopos
1328 4642 1368 4701 et
1396 4627 1607 4724 Episcopos

113 4773 186 4824 non
212 4751 445 4840 assistentes,
463 4767 551 4826 ante
580 4750 804 4825 Auditorem
834 4749 1018 4826 Camerae
1046 4767 1085 4826 et
1112 4751 1325 4826 immediate
1353 4768 1442 4847 post
1467 4752 1608 4849 guber-

113 4893 282 4952 natorem
311 4877 436 4954 Urbis.
469 4935 477 4952 .
509 4938 517 4954 .
550 4936 596 4984 .·.

193 5026 254 5094 92.
298 5003 386 5102 Ego
420 5003 580 5077 Ioannes
623 5003 796 5100 Baptista
832 5003 1016 5077 Coccinus
1057 5018 1251 5098 tamquam
1280 5003 1403 5075 Rotae
1443 5002 1609 5075 Auditor

116 5125 291 5202 Decanus
327 5127 500 5202 inservivi
537 5128 584 5202 de
625 5127 735 5200 mitra
771 5142 810 5200 et
846 5127 971 5226 accepi
1010 5125 1220 5202 Candelas:
1261 5127 1299 5201 S.
1331 5125 1378 5202 D.
1411 5125 1457 5200 N:
1493 5125 1604 5202 dixit:

115 5249 285 5326 Decanus
312 5253 430 5328 Rotae
456 5251 557 5328 debet
581 5251 713 5326 habere
739 5252 834 5326 duas
864 5249 1045 5326 Candelas
1071 5277 1165 5350 quas
1191 5251 1236 5324 de
1261 5273 1376 5324 manu
1394 5249 1493 5325 Suae
1510 5249 1606 5324 San-

113 5374 245 5450 etz'tate's
269 5385 324 5450 est
348 5375 475 5452 salitus
501 5377 672 5474 aca'Jtere.
