3720 5916
775 321 942 382 Clemente
960 321 994 382 X
1582 323 1638 384 423

132 517 222 593 lium
251 518 441 593 iaciendas
474 517 511 592 in
538 517 866 599 Abbreviatorum,
896 518 1119 614 scriptorum
1157 517 1346 592 Bullarum
1382 541 1428 592 ac
1456 517 1634 617 Registri,

135 669 204 719 nec
241 669 325 732 non,
355 643 421 740 qui
455 643 568 716 etiam
603 642 651 716 de
688 641 766 716 seis
794 641 1028 737 Apostolicis
1068 641 1200 740 gratiis
1236 643 1482 740 expectativis
1510 659 1636 716 taxam

134 769 365 866 recipiebant
392 766 673 842 sollicitatorum
701 765 909 840 litterarum
938 764 1258 861 Apostolicarum,
1278 791 1347 840 nec
1375 792 1450 842 non
1478 783 1638 842 secreta-

135 895 275 968 riorum
303 908 343 967 et
370 893 657 968 Procuratorem
686 890 912 965 Audientiae
940 915 1031 966 suae
1059 889 1267 964 litterarum
1297 889 1637 974 Contradictarum,

132 1045 177 1094 ac
203 1019 285 1094 aliis
312 1018 506 1116 quibusvis
534 1015 730 1090 Romanae
759 1013 897 1090 Curiae
924 1015 1079 1103 Officiis,
1109 1015 1228 1113 gratis
1256 1041 1341 1090 cum
1360 1017 1637 1113 subscriptione

133 1142 306 1218 videlicet
328 1143 455 1240 gratis
474 1152 549 1240 pro
576 1139 761 1214 Audt'lere
785 1163 848 1213 seu
877 1139 1151 1214 Locumeimue
1176 1140 1296 1215 Rotae
1322 1164 1393 1237 per
1411 1141 1638 1216 Rescriben-

133 1267 279 1342 darium
306 1268 511 1342 litterarum
538 1263 755 1340 earumdem
782 1263 961 1351 iacienda,
990 1263 1169 1361 expedire
1197 1279 1356 1361 possent
1381 1280 1422 1340 et
1438 1264 1635 1352 deberent,

133 1393 344 1490 apostolica
370 1391 593 1466 auctoritate
621 1390 730 1464 Motu
757 1389 838 1486 pari
866 1389 1008 1486 pariter
1034 1389 1240 1476 indulserit,
1270 1389 1454 1464 mandans
1482 1405 1571 1464 tunc
1598 1403 1639 1464 et

132 1543 205 1614 pro
233 1535 405 1614 tempore
430 1515 680 1592 existentibus
712 1513 920 1588 litterarum
957 1513 1210 1610 praefatarum
1248 1513 1562 1589 Rescribendario
1597 1529 1639 1589 et

132 1642 214 1716 aliis
240 1641 485 1740 scriptoribus
502 1656 542 1714 et
560 1638 907 1724 Abbreviatoribus,
930 1635 1244 1724 sollicitatoribus,
1266 1638 1496 1726 Secretariis,
1516 1638 1639 1714 dictae

132 1766 360 1840 Audientiae
388 1763 708 1850 Procuratoribus,
739 1779 779 1838 et
805 1762 1001 1860 quibusvis
1027 1763 1109 1838 aliis
1136 1761 1260 1837 dictae
1288 1759 1482 1839 Romanae
1501 1762 1639 1840 Curiae

135 1891 380 1974 Officialibus,
410 1887 640 1987 expeditioni
667 1888 875 1962 litterarum
904 1886 1119 1962 huiusmodi
1146 1912 1217 1986 pro
1244 1903 1416 1985 tempore
1443 1889 1640 1986 presiden-

133 2017 245 2104 tibus,
276 2032 316 2089 et
344 2013 537 2100 Ministris,
558 2015 631 2088 sub
656 2011 1051 2088 excommunicationis
1078 2010 1177 2088 latae
1196 2015 1406 2089 sententiae
1423 2013 1640 2111 privationis

133 2158 175 2218 et
211 2138 469 2245 suspensionis
510 2162 664 2213 suorum
698 2137 906 2212 officiorum
943 2153 983 2212 et
1013 2137 1267 2235 perceptionis
1300 2136 1638 2215 emolumentorum

132 2268 355 2343 eorumdem
382 2263 525 2362 poenis,
556 2288 625 2361 per
650 2286 720 2338 eos
745 2262 796 2338 ad
822 2285 921 2360 quos
948 2263 1138 2360 pertinent
1164 2276 1206 2337 et
1232 2263 1297 2358 qui
1325 2287 1393 2338 eas
1411 2265 1530 2363 gratis
1548 2265 1639 2340 sub·

132 2393 297 2470 scribere
323 2389 383 2467 vel
410 2389 619 2464 concedere
646 2387 831 2462 noluerint
857 2411 906 2462 eo
933 2387 1018 2483 ipso
1045 2387 1276 2462 incurrendis
1302 2389 1448 2484 absque
1475 2389 1549 2464 alio
1568 2413 1638 2464 suo

131 2532 174 2594 et
202 2539 462 2592 successorum
488 2539 535 2588 ac
560 2511 671 2588 Sedis
698 2511 892 2610 praelatae
920 2510 1084 2587 ulteriori
1111 2511 1301 2599 mandato,
1327 2535 1394 2587 eas
1411 2513 1530 2611 gratis
1549 2516 1639 2588 sub·

134 2642 352 2726 scriberent,
386 2655 427 2714 et
453 2663 524 2736 per
549 2637 674 2712 omnia
701 2661 824 2733 usque
850 2635 900 2710 ad
928 2635 1123 2734 plumbum
1142 2650 1182 2710 et
1198 2635 1272 2711 alia
1290 2638 1503 2712 necessaria
1528 2637 1639 2712 inclu-

133 2767 226 2854 sive,
256 2765 357 2841 omni
385 2763 681 2840 contradictione
706 2777 747 2838 et
773 2759 952 2836 dilatione
979 2777 1163 2848 cessante,
1193 2760 1425 2859 expedirent,
1456 2778 1569 2859 prout
1600 2762 1638 2836 in

131 2892 267 2967 litteris
294 2889 465 2966 eiusdem
493 2886 701 2964 Clementis
727 2887 893 2984 desuper
920 2886 1105 2984 expeditis
1132 2884 1279 2982 plenius
1307 2887 1527 2964 continetur.

215 3015 297 3092 Nos
323 3013 543 3090 eorumdem
571 3011 798 3086 Auditorum
826 3028 1014 3086 eteorum
1034 3010 1384 3086 Locumtenentium
1403 3010 1639 3087 indemnitati

131 3140 330 3218 consulere
348 3163 493 3235 eosque
510 3135 700 3233 amplioris
720 3136 866 3235 gratiae
892 3133 1021 3210 favore
1049 3135 1229 3232 prosequi
1250 3135 1436 3219 volentes,
1457 3136 1637 3234 ipsosque

132 3265 342 3341 Auditores
368 3280 409 3339 et
435 3263 753 3338 Locumtenentes
787 3260 1001 3336 huiusmodi
1037 3260 1203 3358 dictique
1232 3258 1394 3360 Collegii
1426 3260 1637 3361 singulares

132 3413 320 3488 personas
351 3413 375 3464 a
401 3387 596 3486 quibusvis
629 3385 1033 3472 excommunicationis,
1073 3385 1330 3483 suspensionis
1363 3401 1403 3462 et
1439 3387 1636 3474 interdicti,

131 3514 292 3612 aliisque
321 3511 593 3588 Ecclesiasticis
619 3511 827 3597 sententiis,
847 3511 1017 3586 censuris
1035 3524 1075 3584 et
1093 3511 1240 3618 poenis¹
1254 3511 1302 3608 (si
1321 3511 1459 3608 quibus
1477 3535 1638 3608 quomo-

132 3639 276 3716 dolibet
303 3637 471 3713 innodati
497 3634 682 3738 existunt)
702 3634 752 3710 ad
770 3635 943 3710 effectum
963 3637 1219 3732 praesentium
1239 3651 1385 3712 mutum
1405 3659 1638 3734 consequeu-

131 3765 236 3850 dum,
265 3764 397 3838 harum
425 3762 522 3836 serie
548 3760 790 3856 absolventes
818 3775 857 3835 et
883 3760 1080 3835 absolutas
1107 3759 1187 3835 iore
1214 3776 1425 3848 censentes,
1461 3783 1530 3836 nec
1563 3785 1637 3838 non

133 3887 427 3989 Privilegiorum,
456 3888 748 3982 exemptionum,
768 3885 997 3972 facultatum,
1018 3883 1253 3982 aliorumque
1272 3885 1577 3983 praemissorum,
1597 3904 1639 3963 et

131 4014 221 4088 inde
253 4013 418 4111 legitime
456 4027 703 4110 sequutorum
739 4031 1062 4106 quorumcunque,
1091 4009 1214 4084 'etiam
1247 4012 1426 4098 veriores,
1461 4025 1502 4085 et
1533 4025 1638 4086 totos

131 4157 285 4215 tenores
312 4140 426 4213 etiam
455 4138 565 4211 datas
593 4159 815 4233 causasque,
834 4135 1052 4210 occasiones
1070 4149 1111 4208 et
1128 4134 1330 4231 qualitates
1350 4135 1463 4210 etiam
1482 4135 1638 4211 circum-

131 4262 303 4350 stantias,
332 4286 377 4336 ac
405 4259 523 4335 litium
551 4259 583 4334 si
611 4284 710 4356 quae
738 4259 813 4335 sint
840 4259 985 4346 merita,
1015 4274 1155 4334 statum
1184 4285 1268 4334 cum
1296 4261 1470 4336 omnibus
1488 4259 1570 4334 aliis
1589 4262 1638 4336 de

132 4388 359 4464 necessitate
385 4385 651 4484 exprimendis,
681 4385 943 4482 praesentibus
971 4409 1041 4482 pro
1068 4385 1259 4482 expressis
1292 4385 1489 4472 habentes,
1528 4385 1638 4460 Motu

133 4512 253 4599 simili,
285 4539 329 4587 ac
365 4537 414 4587 ex
448 4525 551 4585 certa
588 4511 752 4594 scientia,
788 4525 828 4584 et
864 4509 1110 4607 Apostolicae
1152 4511 1354 4607 potestatis
1394 4509 1636 4606 plenitudine,

133 4637 335 4736 praedictis
362 4637 546 4711 indultum
575 4635 673 4710 circa
699 4635 882 4709 dictarum
910 4634 1118 4710 litterarum
1146 4618 1424 4732 expeditionem
1444 4635 1573 4733 gratis,
1596 4653 1639 4710 ut

132 4763 356 4862 praefertur,
375 4761 581 4836 taciendam
598 4785 622 4834 a
641 4760 742 4835 dicto
762 4759 958 4835 Clemente
976 4774 1019 4834 ut
1043 4759 1254 4856 praefertur
1271 4782 1503 4844 concessum,
1522 4759 1637 4834 etiam

133 4889 262 4986 quoad
289 4885 551 4984 expeditiones
579 4886 785 4984 gratiarum
813 4884 1091 4982 praedictarum
1120 4887 1155 4958 in
1184 4885 1390 4959 eorundem
1410 4884 1638 4960 Auditorum

130 5027 172 5089 et
200 5012 549 5088 Locumtenentium
585 5009 765 5096 favorem,
795 5033 864 5106 per
902 5009 1001 5083 viam
1029 5009 1234 5095 Secretam,
1274 5009 1393 5107 gratis
1429 5009 1635 5084 faciendam

130 5135 288 5236 perinde
315 5160 360 5210 ac
388 5137 419 5210 si
438 5137 473 5211 in
493 5136 603 5210 dictis
620 5134 753 5208 litteris
772 5135 940 5208 eiusdem
960 5131 1168 5208 Clementis
1186 5135 1235 5208 de
1252 5134 1387 5208 eadem
1410 5133 1471 5207 via
1490 5147 1636 5208 secreta

130 5263 230 5337 circa
256 5260 394 5336 dictam
423 5259 700 5356 expeditionem
728 5283 910 5355 expressa
936 5272 976 5334 et
1003 5256 1191 5332 individua
1210 5259 1350 5366 mentio
1373 5255 1472 5332 lacta
1489 5257 1634 5347 suisset,

131 5402 238 5462 motu
267 5387 359 5482 pari,
388 5385 625 5461 extendimus
653 5399 692 5458 et
718 5383 952 5481 ampliamus.
