3720 5914
257 315 309 375 176
898 309 1036 370 soeculo
1054 309 1122 370 XV

251 469 408 582 bitatem
443 503 656 590 attendens,
686 502 769 577 illos
797 502 1008 600 potioribus
1035 502 1225 576 favoribus
1259 502 1498 600 persequitur
1526 503 1590 598 qui
1616 501 1757 599 iugiter

251 632 329 704 suis
370 628 587 704 insistentes
629 627 823 723 obsequiis
858 627 1009 700 labores
1051 625 1249 700 continuos
1285 643 1325 700 et
1365 629 1560 725 graviores
1587 627 1756 722 perferre

254 770 469 829 noscuntur.

334 877 490 952 Dudum
509 877 696 972 siquidem
715 875 903 950 nonnullis
922 875 1162 950 familiaribus
1182 875 1322 950 nostris
1351 875 1537 951 continuis
1565 899 1756 952 commen-

252 1002 405 1090 salibus,
425 1003 524 1076 inter
542 1025 641 1098 quos
661 1001 805 1098 primus
824 1001 1015 1096 quondam
1035 999 1221 1074 lohannes
1236 1001 1283 1076 de
1299 1000 1578 1087 Condulmerio‚
1595 1001 1757 1076 Subdia-

251 1151 370 1202 conus
399 1143 537 1214 noster,
569 1140 608 1200 et
635 1123 805 1199 nonnulli
831 1123 892 1198 alii
926 1124 1105 1198 nominati
1132 1141 1250 1211 erant,
1274 1123 1458 1221 quasdam
1485 1126 1755 1200 antelationum

252 1251 515 1348 prerogativas
540 1251 575 1324 in
598 1249 896 1324 Canonicatuum
924 1263 964 1321 et
991 1247 1269 1345 prebendarum
1297 1273 1340 1324 ac
1368 1249 1604 1347 dignitatum,
1627 1273 1758 1346 perso

251 1369 419 1462 natuum,
435 1375 703 1450 admissionum
718 1391 758 1448 et
777 1373 994 1457 officiorum,
1016 1396 1159 1446 necnon
1179 1373 1444 1448 beneficiorum
1461 1371 1619 1448 aliorum
1636 1375 1759 1448 eccle-

190 1582 203 1607 χ
252 1502 490 1576 siasticorum
517 1524 593 1596 que
612 1500 743 1599 vigore
761 1499 967 1598 gratiarum
987 1499 1310 1594 expectativarum
1329 1499 1561 1595 pernoscis
1587 1500 1758 1599 gratiose

250 1649 517 1714 concessarum
544 1639 788 1720 acceptarent
815 1624 1064 1712 assecutione,
1093 1638 1198 1698 motu
1226 1624 1381 1720 proprio
1408 1623 1576 1722 gratiose
1602 1649 1761 1698 conces-

255 1753 383 1836 simus,
404 1766 518 1846 prout
552 1750 588 1822 in
618 1750 760 1824 nostris
797 1749 884 1822 inde
911 1747 1091 1822 confectis
1111 1748 1253 1833 litteris,
1284 1771 1443 1844 quarum
1472 1763 1643 1823 tenorem
1672 1773 1761 1846 pre-

251 1875 423 1950 sentibus
450 1874 579 1949 haberi
605 1874 778 1947 volumus
806 1895 878 1970 pro
904 1897 1100 1969 expresso,
1130 1873 1277 1970 plenius
1306 1874 1529 1948 continetur.

334 1997 431 2072 Cum
461 2001 587 2094 itaque
616 1997 872 2094 postmodum,
904 1998 1001 2071 sicut
1021 1997 1107 2070 facti
1135 1998 1372 2071 demonstrat
1398 1999 1597 2086 evidentia,
1619 2023 1691 2074 nos
1711 2021 1759 2072 ex

254 2123 345 2220 ipsis
371 2123 570 2222 descriptis
602 2121 853 2210 familiaribus,
884 2122 1081 2218 quosdam,
1111 2146 1242 2196 eorum
1269 2123 1410 2196 meritis
1428 2125 1678 2221 exigentibus
1710 2124 1759 2196 ad

255 2247 504 2322 Cathedrales
518 2246 696 2322 ecclesias
709 2247 927 2321 duxerimus
945 2247 1238 2342 promovendos,
1259 2246 1320 2321 alii
1336 2272 1425 2322 vero
1440 2247 1609 2322 ultimum
1623 2267 1760 2344 peten-

254 2388 313 2447 tes
331 2372 430 2446 diem
448 2373 499 2448 ab
517 2371 587 2446 hac
606 2374 688 2448 luce
707 2371 960 2471 migraverint,
978 2387 1018 2446 et
1035 2371 1201 2445 nonnulli
1219 2373 1298 2445 vice
1317 2387 1357 2446 et
1374 2371 1505 2446 officiis
1523 2396 1654 2448 eorum
1676 2373 1758 2448 fun-

252 2512 389 2596 gentes
418 2497 556 2572 nostris
593 2497 768 2572 insistant
807 2496 999 2593 obsequiis
1032 2510 1073 2570 et
1107 2495 1294 2592 aliquibus
1321 2497 1429 2570 annis
1460 2497 1683 2585 insteterint,
1715 2522 1759 2571 ac

252 2621 432 2719 plerique,
470 2623 668 2719 presertim
696 2648 780 2695 cum
810 2621 992 2695 nonnullis
1021 2619 1175 2718 prelatis
1203 2623 1240 2694 in
1267 2621 1407 2717 palatio
1439 2639 1571 2696 nostro
1589 2623 1759 2696 residen-

253 2746 355 2822 tibus
395 2771 462 2820 seu
501 2746 730 2843 quibusdam
768 2745 1008 2821 familiaribus
1045 2745 1186 2820 nostris
1222 2747 1404 2820 continuis
1442 2745 1759 2822 commensalibus

250 2887 529 2946 commorantes
556 2887 596 2946 et
622 2887 733 2970 grata
761 2872 870 2946 nobis
898 2871 1050 2944 assidue
1077 2871 1296 2966 impendant
1322 2872 1515 2969 obsequia,
1537 2871 1619 2946 Nos
1643 2871 1759 2970 igitur

251 2995 450 3092 cupientes
477 3012 554 3070 tam
582 2997 686 3092 ipsos
714 2994 915 3070 familiares
943 3012 1096 3070 nostros
1120 2997 1317 3070 continuos
1336 2997 1619 3082 commensales,
1641 3022 1756 3095 quam

253 3121 484 3217 prelatorum
516 3137 556 3195 et
592 3121 749 3196 aliorum
788 3122 1046 3218 predictorum
1082 3145 1153 3218 per
1188 3146 1257 3196 eos
1289 3122 1337 3196 ad
1369 3122 1440 3196 hoc
1477 3124 1692 3197 nominatos
1720 3139 1758 3197 et

252 3269 514 3344 quoscumque
540 3246 634 3322 alios
671 3245 824 3320 inferius
858 3247 1079 3344 descriptos,
1119 3272 1217 3344 quos
1246 3246 1414 3321 similiter
1443 3271 1556 3322 veros
1586 3263 1627 3322 et
1652 3249 1758 3322 indu·

253 3371 394 3446 bitatos
422 3371 621 3446 familiares
650 3387 803 3448 nostros
831 3375 1029 3448 continuos
1057 3373 1331 3448 commensales
1358 3398 1445 3448 esse
1465 3372 1700 3448 decernimus
1719 3390 1757 3446 et

252 3496 391 3591 pariter
417 3498 662 3582 declaramus,
693 3521 764 3593 pro
793 3497 934 3572 meritis
964 3499 1187 3595 specialibus
1214 3498 1335 3572 attolli
1367 3498 1628 3596 prerogativis,
1650 3513 1754 3573 motu

252 3621 372 3706 simili,
393 3646 468 3697 non
485 3621 535 3697 ad
553 3622 724 3719 ipsorum
753 3621 812 3696 vel
839 3623 994 3697 alicuius
1017 3648 1148 3698 eorum
1168 3623 1276 3697 nobis
1295 3647 1411 3719 super
1429 3622 1500 3697 hoc
1518 3624 1645 3698 oblate
1665 3623 1755 3720 peti-

252 3747 365 3822 tionis
397 3749 623 3834 instantiam,
654 3747 724 3822 sed
764 3746 812 3821 de
838 3764 968 3821 nostra
996 3774 1100 3823 mera
1127 3747 1350 3822 liberalitate
1383 3765 1422 3822 et
1458 3763 1560 3822 certa
1588 3748 1767 3838 scientia,¹

249 3872 475 3946 auctoritate
501 3872 711 3969 apostolica
738 3887 870 3946 tenore
889 3873 1121 3968 presentium
1142 3873 1352 3958 statuimus,
1374 3873 1608 3946 decernimus
1635 3890 1676 3948 et
1694 3872 1751 3946 de·

250 3995 447 4082 claramus,
477 3996 647 4092 ipsisque
674 3996 917 4093 infrascriptis
944 3998 1118 4072 omnibus
1146 4012 1186 4072 et
1213 3996 1368 4095 singulis
1396 4022 1440 4071 ac
1458 4021 1589 4071 eorum
1607 3997 1754 4072 cuilibet

252 4119 506 4206 concedimus,
523 4121 627 4216 quod
647 4121 683 4194 in
702 4119 939 4196 assecutione
954 4145 1277 4218 quorumcumque
1297 4121 1593 4196 Canonicatuum
1612 4137 1651 4196 et
1669 4147 1751 4220 pre-

254 4244 474 4331 bendarum,
504 4268 651 4319 necnon
670 4246 906 4344 dignitatum,
928 4262 1209 4342 personatuum,
1231 4247 1513 4333 admissionum,
1533 4243 1750 4330 officiorum,

253 4369 596 4466 prestimoniorum,
613 4371 948 4466 prestimonialium
978 4369 1191 4467 portionum
1215 4388 1254 4445 et
1273 4369 1492 4468 simplicium
1511 4395 1556 4445 ac
1574 4395 1752 4469 quorum·

251 4519 415 4590 cumque
432 4494 590 4569 aliorum
610 4493 948 4570 ecclesiasticorum
968 4495 1230 4571 beneficiorum
1255 4521 1577 4594 quarumcumque
1600 4497 1751 4592 qualita·

253 4636 334 4694 tum
352 4620 499 4709 fuerint,
521 4645 597 4716 que
625 4621 756 4720 vigore
787 4622 970 4696 dictarum
1002 4622 1209 4721 gratiarum
1228 4647 1272 4696 ac
1300 4621 1560 4697 extensionum
1588 4638 1627 4695 et
1654 4645 1750 4696 reva-

253 4743 473 4820 lidationum
500 4747 731 4833 earumdem,
763 4771 907 4820 necnon
941 4749 1200 4834 mutationum,
1229 4745 1467 4822 collationum
1496 4772 1564 4844 per
1591 4746 1674 4820 Nos
1700 4744 1749 4819 eis

251 4894 518 4943 concessarum
537 4885 577 4944 et
591 4873 836 4967 imposterum
853 4871 1190 4956 concedendarum,
1211 4871 1490 4968 acceptaverint
1503 4887 1542 4945 et
1556 4872 1603 4944 de
1618 4871 1749 4968 quibus

252 4995 324 5068 sibi
351 4993 439 5068 olim
466 4995 526 5070 vel
547 4995 726 5091 deinceps
754 4995 944 5094 provideri
964 4995 1128 5082 fecerint,
1148 4997 1291 5070 eisdem
1310 5019 1468 5092 prorsus
1485 4995 1748 5070 antelationum

253 5119 517 5218 prerogativis,
560 5119 885 5205 declarationibus,
930 5120 1239 5218 exemptionibus,
1270 5121 1486 5219 privilegiis,
1528 5121 1679 5195 indultis
1714 5133 1749 5192 et

256 5243 388 5342 gratiis
428 5267 496 5340 per
532 5269 601 5319 nos
628 5244 771 5319 eisdem
801 5244 1041 5320 familiaribus
1069 5246 1267 5343 descriptis
1294 5247 1329 5321 in
1360 5247 1467 5321 simili
1489 5245 1746 5321 beneficiorum

253 5369 492 5445 assecutione
511 5369 700 5486 coqcessis
729 5385 767 5445 et
794 5370 842 5443 de
861 5370 996 5466 quibus
1023 5369 1095 5467 ipsi
1114 5370 1292 5468 descripti
1310 5372 1480 5468 gaudent
1498 5397 1564 5446 seu
1585 5371 1747 5470 gaudere
