3688 5924
707 324 899 384 Innocentio
918 325 938 383 I
945 325 973 384 V

103 521 243 602 Coton„
273 520 471 592 sacristam
500 519 776 604 Lodovensem,
807 542 854 590 ex
882 534 991 612 parte
1020 543 1104 602 una,
1135 532 1174 590 et
1202 517 1353 591 Petrum
1392 518 1592 592 Raimundi

101 645 141 716 de
167 643 298 717 Monte
331 643 497 741 Rrun(o),
527 643 745 716 canonicum
765 641 1042 741 Agathensem,
1071 667 1120 715 ex
1147 641 1277 726 altera,
1300 668 1417 738 super
1434 641 1593 718 ecclesia

100 769 140 842 de
158 767 357 865 Cognati0,
389 767 623 864 Agathensis
649 766 821 851 diocesis,
852 767 1081 852 vertebatur,
1112 765 1280 863 prelatus
1309 781 1440 862 petrus
1464 791 1590 840 coram

99 893 269 989 magistro
299 892 474 978 Martino,
507 889 713 988 Capeliano
733 891 885 965 Domini
914 916 1012 986 pape
1040 907 1080 964 et
1106 891 1275 965 eiusdem
1304 893 1405 966 curie
1424 891 1591 990 generali

101 1017 274 1090 Auditore
303 1041 512 1102 causarum,
535 1039 632 1088 nunc
660 1018 841 1112 episcopo
862 1015 1079 1102 Mantuano,
1096 1014 1260 1090 libellum
1285 1016 1421 1090 obtulit
1439 1017 1473 1090 in
1493 1017 1592 1090 huuc

99 1140 263 1214 modum:
297 1139 474 1212 “Coram
504 1138 612 1212 vobis
640 1139 824 1236 magistro
844 1139 1020 1224 Martin0,
1052 1138 1190 1212 domini
1211 1139 1311 1235 Pape
1340 1138 1534 1234 capellano
1553 1155 1593 1213 et

98 1265 258 1336 eiusdem
277 1265 378 1336 curie
399 1261 565 1362 generali
585 1264 772 1338 Auditore
800 1287 1009 1346 causarum,
1031 1264 1209 1361 proponit
1233 1263 1490 1361 Berengarius
1509 1288 1591 1361 pro·

99 1405 241 1462 curator
296 1445 1511 1466 ...................
1581 1446 1589 1462 .

97 1695 634 1714 .........
693 1635 774 1710 Nos
803 1637 927 1732 igitur,
959 1662 1075 1732 super
1103 1637 1173 1711 hiis
1201 1655 1240 1712 et
1267 1639 1346 1712 aliis
1366 1664 1441 1734 que
1460 1655 1592 1734 partes

95 1785 302 1857 proponere
337 1761 547 1848 voluerunt,
576 1775 781 1859 postquam
809 1762 927 1836 suita
956 1764 1125 1857 partibus
1154 1762 1190 1834 in
1218 1789 1333 1837 causa
1360 1763 1589 1850 conclusum,

92 1886 183 1960 sacta
209 1885 366 1960 domino
394 1911 494 1983 pape
523 1887 703 1962 relatione
731 1885 898 1973 fideliter,
921 1887 968 1961 de
989 1887 1107 1984 ipsius
1135 1887 1275 1962 domini
1295 1913 1393 1986 pape
1413 1888 1592 1963 mandato

93 2035 156 2106 per
180 2009 282 2084 viam
310 2011 545 2107 providentie
581 2036 625 2085 ac
661 2013 906 2086 ordinationis
945 2014 1152 2108 procedere
1185 2013 1433 2099 intendentes,
1471 2013 1591 2109 provi·

93 2135 234 2222 demus,
266 2135 466 2210 statuimus
494 2151 533 2210 et
560 2135 672 2210 etiam
701 2135 919 2210 ordinamus
950 2153 990 2208 ut
1018 2138 1117 2211 dicta
1140 2137 1298 2211 ecclesia
1317 2139 1421 2235 apud
1441 2137 1591 2212 Petrum

93 2260 277 2357 prelatum
305 2260 444 2334 debeat
471 2285 676 2348 remanere,
705 2261 901 2336 ecclesiam
928 2261 1050 2358 ipsam
1080 2287 1164 2334 cum
1192 2263 1366 2338 omuibus
1389 2263 1530 2338 iuribus
1553 2279 1592 2336 et

93 2384 329 2480 pertinentiis
364 2385 442 2458 suis
473 2383 543 2459 sibi
581 2400 621 2457 et
657 2387 891 2480 procuratori
929 2409 1000 2460 suo
1035 2385 1116 2458 eius
1145 2386 1295 2460 nomine
1322 2387 1591 2472 adiudicantes,

92 2511 318 2584 auctoritate
353 2526 393 2583 et
429 2511 609 2585 mandato
645 2511 815 2584 eiusdem
852 2509 992 2584 domini
1024 2510 1279 2606 providemus,
1320 2512 1517 2586 statuimus
1552 2528 1593 2586 et

90 2634 198 2710 etiam
227 2635 450 2710 ordinamus
478 2636 579 2732 quod
610 2637 732 2710 dictus
762 2637 923 2734 Pletrus)
952 2652 992 2710 et
1020 2637 1247 2732 quicumque
1274 2637 1369 2711 alter
1395 2636 1590 2711 ecclesiam

91 2759 273 2853 prefatam
304 2761 474 2846 tenuerit,
505 2760 606 2835 dicto
634 2760 818 2836 Durando
838 2761 995 2835 sacriste
1024 2760 1103 2834 XX
1132 2761 1244 2836 libras
1264 2764 1522 2837 turonensium
1541 2763 1590 2836 de

91 2887 334 2979 proventibus
362 2886 480 2982 ipsius
516 2888 673 2962 ecclesie
705 2887 958 2962 indominica
993 2912 1069 2983 qua
1105 2903 1278 2962 cantatur
1308 2889 1445 2963 Letoce
1482 2889 1591 2962 Iern-

90 3009 210 3096 solaem,
240 3011 427 3085 dominica
456 3013 625 3108 proxima
652 3013 826 3107 sequenti
854 3029 1025 3108 excepta,
1061 3012 1217 3110 singulis
1249 3014 1356 3086 annis
1385 3013 1589 3108 persolvat,

92 3137 326 3231 sepedictum
356 3135 551 3210 sacristam
580 3153 761 3231 quantum
798 3137 847 3210 ad
876 3135 1095 3231 petitionem
1124 3137 1309 3210 fructuum
1337 3136 1590 3214 absolventes

92 3259 213 3358 Super
251 3259 434 3358 petitione
470 3287 563 3336 vero
598 3263 764 3358 episcopi
798 3261 1043 3359 Agathensis‚
1087 3287 1163 3360 qua
1200 3263 1355 3358 petebat
1386 3263 1594 3337 sententias

92 3387 487 3462 excommunicationis
514 3387 551 3460 in
579 3387 718 3460 dictum
747 3388 944 3461 sacristam
971 3386 1069 3461 latas
1089 3411 1211 3484 usque
1230 3387 1279 3460 ad
1298 3387 1590 3461 satisfactionem

92 3511 318 3608 condignam
346 3511 605 3586 inviolabiliter
631 3511 833 3596 observari,
865 3513 952 3607 quia
980 3513 1028 3585 de
1056 3513 1260 3586 intentione
1288 3513 1405 3607 ipsius
1424 3512 1593 3608 episcopi

91 3637 194 3710 nobis
231 3635 347 3732 plene
385 3660 460 3711 non
496 3636 647 3722 costitit,
686 3638 849 3709 eundem
886 3636 1082 3710 sacristam
1115 3635 1388 3712 sententialiter
1415 3637 1590 3710 duximus

90 3759 375 3844 absolvendum,
405 3760 529 3856 ipsum
557 3761 606 3834 ab
633 3761 807 3835 omnibus
834 3761 1030 3834 sententiis
1058 3762 1094 3834 in
1122 3787 1208 3836 eum
1237 3761 1434 3836 occasione
1467 3761 1591 3836 huius-

91 3886 186 3960 modi
215 3885 361 3982 negotii
389 3911 459 3982 per
485 3885 700 3960 iamdictum
717 3888 938 3982 episcopum
958 3885 1208 3984 promulgatis
1226 3888 1276 3960 ad
1295 3887 1479 3960 cautelam
1500 3886 1593 3960 nihi-

89 4009 250 4084 lominus
285 4010 542 4096 absolventes
572 4025 718 4084 retenta
755 4010 861 4084 nobis
899 4027 1102 4106 potestate,
1132 4011 1236 4084 iuxta
1273 4012 1488 4086 mandatum
1523 4012 1592 4084 do-

91 4135 174 4207 mini
203 4159 309 4232 papa
336 4136 421 4208 viva
448 4159 542 4208 voce
580 4135 687 4209 nobis
723 4135 926 4210 iniunctum
964 4135 1186 4230 providendi
1217 4135 1406 4234 episcop0,
1437 4135 1593 4210 sacriste

91 4277 125 4330 et
162 4259 282 4334 Petro
320 4257 511 4354 predictis
542 4275 581 4332 et
621 4259 764 4333 eisdem
798 4259 1078 4344 adherentibus
1113 4259 1242 4355 quoad
1279 4261 1486 4333 sententias
1522 4283 1593 4356 per

91 4385 269 4458 eumdem
310 4383 530 4482 episcopum
568 4385 628 4458 vel
665 4383 872 4482 quemlibet
907 4383 1019 4458 alium
1056 4385 1091 4457 in
1129 4411 1197 4459 eos
1233 4387 1431 4459 occasione
1468 4386 1592 4458 huius-

91 4508 188 4582 modi
228 4531 344 4582 cause
386 4505 492 4583 latas.
533 4509 573 4581 ln
610 4509 714 4582 cuius
752 4509 805 4582 rei
842 4509 1097 4583 testimonium
1127 4526 1324 4606 presentes
1351 4510 1495 4583 litteras
1523 4533 1592 4606 per

91 4633 288 4708 Matheum
318 4634 503 4707 notarium
531 4631 804 4730 infrascriptum
833 4633 912 4707 fieri
940 4633 1094 4708 lecimus
1122 4651 1161 4707 et
1189 4635 1307 4709 nostri
1333 4634 1444 4731 sigilli
1473 4635 1592 4707 muni·

90 4758 185 4832 mine
235 4759 417 4835 roborari.
467 4760 605 4832 Actum
651 4759 836 4845 Laterani,
885 4781 985 4831 anno
1027 4757 1179 4832 Domini
1225 4759 1417 4833 MCCL1111⁰3
1461 4783 1591 4832 mense

90 4883 291 4968 februario,
327 4883 388 4958 die
415 4891 537 4970 xv111⁸,
577 4885 775 4958 indictione
809 4891 890 4970 x11⁸,
929 4885 1168 4981 pontificatus
1210 4883 1348 4957 domini
1385 4883 1592 4960 Innocentii

90 5033 185 5104 pape
216 5007 368 5102 Quarti,
396 5035 496 5082 anno
524 5019 588 5098 x1⁰,
619 5010 861 5107 presentibus
888 5009 959 5085 hiis
988 5010 1163 5084 testibus:
1193 5009 1345 5083 domino
1373 5009 1513 5105 Jacopo
1545 5009 1592 5081 de

92 5133 232 5208 Sancto
266 5132 430 5220 Donato,
453 5131 658 5230 Capellano
687 5134 826 5209 domini
854 5159 971 5231 pape;
992 5133 1176 5232 magistro
1205 5133 1368 5207 iohanne
1388 5134 1588 5218 Cambora‚

92 5261 277 5332 canonico
305 5257 536 5346 Lodovensi;
565 5259 718 5334 domino
745 5260 916 5334 Arnaldo
945 5258 1118 5346 Morlan.,
1147 5257 1326 5334 canonico
1358 5257 1591 5355 Agathensi;

92 5385 263 5460 Roberto
293 5401 534 5480 procuratore
562 5383 847 5482 Archiepiscopi
876 5383 1143 5469 Narbonensis,
1174 5398 1213 5456 et
1249 5383 1400 5457 domino
1433 5381 1593 5455 Alberto
