3718 5918
683 433 686 440 y
730 354 897 415 Clemente
915 354 970 415 XI

847 583 868 625 tlt

817 644 898 688 ἡ*

622 764 781 839 Veneris
812 789 831 837 2
865 765 1085 840 Decembris

185 927 221 1000 in
251 927 351 1000 Rota
380 925 429 1000 D.
459 926 641 1001 Lancetta
669 926 837 1001 recitavit
874 928 1058 1002 Mirmtam
1097 930 1249 1004 Decreti
1283 930 1463 1028 praedicti
1500 931 1603 1027 quod

104 1073 249 1134 omnes,
271 1052 417 1126 nemine
445 1052 694 1148 discrepante,
713 1054 981 1150 approbarunt,
1002 1053 1078 1128 imo
1098 1054 1249 1129 Domini
1278 1054 1432 1130 Scottus
1450 1073 1490 1130 et
1508 1057 1604 1132 Lan·

103 1189 205 1246 cetta
233 1175 503 1250 subiunxerunt
530 1199 572 1248 se
600 1175 672 1249 iam
703 1177 1016 1285 praecedentibus
1053 1177 1186 1253 diebus
1221 1180 1272 1254 ita
1305 1205 1479 1254 servasse
1516 1206 1600 1255 cum

106 1297 305 1374 Advocato
333 1298 504 1376 Sardino.
539 1299 807 1376 Aldrovandus
840 1301 906 1397 qui
933 1303 1161 1377 Advocatum
1188 1303 1467 1378 Lambertinum
1499 1305 1602 1380 iuxta

102 1423 254 1497 solitum
282 1441 495 1520 exceperat,
525 1427 719 1499 excusavit
744 1451 787 1502 se
814 1428 864 1501 ob
891 1427 977 1502 sacti
1005 1429 1264 1526 ignorantiam.

810 1762 899 1842 390.

267 1927 450 2000 Advocati
478 1925 753 2000 Consistorioles
781 1952 852 1998 uon
879 1927 1063 1999 zittersunt
1087 1927 1286 2024 aperitioni
1311 1929 1438 2001 Rotae.

187 2083 303 2155 (Aaou.
322 2082 409 2155 Rem,
433 2081 559 2140 «Liber
577 2082 611 2141 S.
630 2081 744 2154 Rotae,
762 2097 796 2138 n.
816 2080 881 2154 2»,
896 2090 974 2155 pag.
993 2081 1058 2140 108
1075 2084 1158 2155 ssa).

473 2283 546 2358 Die
574 2283 749 2357 Mercurii
776 2283 896 2380 prima
926 2281 1103 2358 Octobris
1129 2306 1240 2377 ¹7¹0·

187 2445 344 2520 Effluxis
371 2443 610 2544 generalibus
638 2445 895 2518 vacationibus
923 2461 1097 2542 apertum
1125 2444 1194 2519 suit
1220 2445 1409 2533 Tribunal,
1437 2447 1605 2542 equitan-

103 2573 206 2646 tibus
235 2571 317 2646 RR.
339 2571 408 2644 ΡΡ.
431 2569 520 2646 DD.
542 2567 762 2643 Falconerio
790 2585 830 2643 et
858 2569 996 2666 Crispo
1023 2571 1168 2668 absque
1196 2571 1446 2645 associatione
1473 2570 1605 2646 Advo-

101 2714 274 2772 catorum
304 2694 628 2771 Concistorialium
656 2694 720 2790 qui
749 2719 817 2767 nec
836 2695 1117 2770 intervenerunt
1134 2696 1389 2770 mansionibus
1409 2696 1606 2770 Rotalibus

102 2823 142 2896 in
170 2821 308 2917 quibus
337 2821 384 2894 dc
412 2845 518 2894 more
545 2819 672 2893 habita
699 2816 767 2893 fuit
794 2818 917 2893 oratio
943 2821 992 2895 ab
1021 2818 1067 2895 R.
1090 2819 1127 2892 P.
1150 2819 1198 2893 D.
1222 2819 1377 2916 Crispo:
1407 2820 1459 2894 llli
1478 2836 1605 2895 autem

101 2971 180 3022 non
209 2946 488 3021 intervenerunt
514 2971 562 3018 ex
589 2969 666 3040 quo
695 2944 795 3018 Rota
822 2943 891 3018 iuit
908 2942 1030 3019 adhuc
1048 2960 1236 3032 constans,
1260 2962 1300 3019 ut
1318 2945 1468 3019 ultimus
1487 2945 1606 3019 Audi-

101 3089 167 3147 tor
197 3071 263 3168 qui
298 3071 503 3168 equitabat,
533 3068 623 3144 dum
661 3070 711 3144 ad
744 3094 831 3144 eum
868 3067 1132 3144 associandum
1167 3070 1270 3144 ibant
1306 3071 1383 3144 duo
1421 3070 1606 3144 Advocati

101 3196 411 3283 Concistoriales,
443 3196 580 3270 nedum
608 3193 677 3268 illis
706 3219 781 3268 non
809 3195 956 3269 obviam
985 3195 1067 3280 iret,
1097 3195 1166 3269 sed
1195 3219 1262 3269 nec
1291 3195 1450 3292 primum
1482 3192 1606 3270 locum

101 3325 140 3395 in
172 3321 323 3418 propria
350 3319 464 3393 domo
492 3317 728 3395 concederet.

812 3602 903 3681 391.

98 3769 268 3842 Domino
288 3765 490 3865 Cofforello
509 3766 577 3863 qui
600 3764 686 3838 obiit
703 3764 868 3838 Auditor
886 3766 1004 3839 Rotae
1027 3774 1063 3838 et
1086 3763 1196 3839 Urbis
1217 3767 1461 3849 Gubernator,
1486 3766 1606 3840 solem·

186 3919 248 3966 nes
274 3893 448 3991 exequiae
478 3891 708 3964 celebrantur
734 3916 815 3963 cum
851 3891 1055 3964 zitterocutu
1085 3892 1133 3964 R.
1168 3891 1354 3977 Cameroe,
1383 3918 1454 3965 nou
1488 3901 1607 3965 auum

187 4017 315 4100 Rotae,
344 4033 381 4090 et
405 4041 532 4115 quare.

187 4175 303 4249 (Auen.
322 4174 408 4248 Rom,
433 4172 559 4232 «Liber
577 4171 611 4231 S.
630 4170 745 4240 Rotae,
763 4188 796 4230 n.
814 4172 879 4244 2»,
895 4179 972 4244 pag.
992 4173 1045 4231 111
1063 4175 1145 4245 ssu).

445 4399 447 4404 ’
519 4373 591 4447 Die
620 4372 754 4447 Martis
784 4375 805 4446 8
836 4373 1058 4447 Decembris
1084 4395 1194 4466 1711.

188 4538 293 4613 Obiit
316 4538 408 4610 hora
427 4535 571 4611 decima
590 4534 701 4608 tertia
721 4534 767 4610 R.
780 4533 827 4612 ,Ρ.
850 4533 898 4606 D.
921 4530 1152 4620 Cafiarellus,
1175 4533 1310 4608 Almae
1331 4534 1444 4608 Urbis
1465 4535 1608 4609 Guber-

94 4679 226 4749 nator,
248 4662 306 4736 cui
333 4659 544 4737 celebratae
571 4659 721 4732 suerunt
746 4661 928 4754 exequiae
947 4658 982 4730 in
1003 4656 1171 4732 Ecclesia
1197 4656 1238 4734 B.
1260 4659 1312 4734 M.
1336 4684 1451 4755 super
1470 4660 1609 4734 Miner-

90 4813 190 4865 vam
219 4788 364 4884 absque
392 4784 604 4859 interventu
633 4785 751 4858 nostri
778 4782 990 4857 Tribunalis
1009 4797 1049 4856 et
1069 4781 1217 4870 Curiae,
1240 4782 1308 4858 sed
1332 4781 1452 4856 solum
1474 4782 1610 4857 Clerici

94 4917 200 4990 Rev.
224 4911 407 4986 Camerac
435 4935 469 4984 n.
492 4909 529 4982 X
559 4909 778 4983 sedentibus
805 4933 829 4983 a
857 4909 995 4983 destris
1023 4923 1113 5003 post
1140 4908 1269 4982 sedem
1290 4907 1374 4980 Emi
1395 4907 1508 4984 Card.
1529 4909 1609 5005 Spi-

91 5038 217 5117 nolae
244 5036 283 5113 S.
314 5037 359 5110 R.
391 5035 434 5112 E.
467 5033 720 5110 Camerarii...
750 5035 1013 5108 Abstinuimus
1049 5034 1099 5107 ab
1126 5033 1411 5108 interveniendo
1438 5034 1474 5106 in
1501 5033 1610 5108 dictis

89 5161 288 5258 exequiis,
319 5177 360 5235 ut
385 5161 617 5234 evitarentur
643 5158 881 5233 difficultates
909 5183 1008 5254 quae
1036 5157 1122 5231 oriri
1151 5175 1311 5256 possent
1338 5157 1480 5232 ratione
1508 5183 1612 5255 prae·

91 5288 332 5368 eminentiae
360 5312 443 5359 cum
472 5299 554 5358 toto
583 5299 692 5358 coetu
723 5283 954 5358 Camerae...
975 5281 1178 5357 Intervenit
1204 5297 1331 5357 autem
1351 5297 1432 5356 tota
1452 5281 1613 5357 Camere

92 5415 198 5515 quia
227 5411 468 5486 Gubernator
496 5409 611 5484 Urbis
639 5423 699 5483 est
718 5408 1069 5482 Vico-Camerarius
1088 5424 1128 5482 et
1144 5410 1327 5504 exequiae
1347 5424 1385 5482 et
1402 5409 1611 5505 asportatio
