3684 5920
792 319 857 380 Pio
874 320 926 380 IX
1557 321 1612 380 659

187 519 227 591 ln
256 517 317 592 die
345 517 564 614 aperitionis
586 518 720 600 Rotae,
751 517 800 590 de
829 541 945 602 more,
967 516 1221 589 invitabuntur
1244 515 1477 603 Cardinales,
1498 516 1612 588 Exte-

109 670 235 718 rorum
265 646 473 741 Principum
503 644 651 741 Legati,
683 643 875 739 Principes
906 641 1111 736 Ducesque
1144 642 1313 728 Romani,
1345 641 1615 714 Procuratores

111 788 190 844 tum
220 795 241 844 e
272 767 457 866 Collegi0,
488 786 566 842 tum
594 767 632 842 S.
665 767 703 844 P.
734 766 954 863 Apostolici,
985 783 1100 862 atque
1137 792 1183 840 ex
1218 767 1341 839 Rotae
1367 764 1614 840 Auditoribus

111 877 303 968 novissimi
331 896 413 970 RR.
446 895 513 969 ΡΡ.
546 893 634 966 DD.
666 891 804 966 Mertel
831 917 875 965 ac
904 892 1072 976 Serafini,
1103 894 1205 965 domi
1234 891 1377 965 nobiles
1400 893 1500 966 viros
1528 917 1614 990 gra-

106 1019 293 1095 tulaturos
322 1019 406 1095 Sac.
439 1018 573 1093 Ordini
604 1017 804 1113 excipient,
834 1018 977 1114 eiisque
1005 1017 1236 1090 exhibebunt
1264 1017 1403 1090 calidas
1426 1017 1612 1112 potiones,

112 1172 182 1219 ceu
213 1170 364 1240 semper
391 1145 506 1217 moris
535 1149 667 1218 luerat.

195 1271 285 1344 Inde
312 1269 494 1366 equitatio
525 1269 638 1368 (quae
659 1268 770 1341 variis
790 1268 923 1342 abhinc
942 1268 1049 1339 annis
1070 1269 1137 1339 tuit
1152 1267 1349 1339 immutata
1363 1267 1415 1339 ita
1431 1283 1471 1338 ut
1487 1265 1617 1340 Patres

110 1421 221 1468 curru
242 1395 441 1489 vehantur)
457 1419 524 1467 seu
541 1394 721 1467 solemnis
737 1393 908 1466 incessus
926 1393 974 1464 ad
995 1393 1130 1477 aulam,
1153 1391 1419 1465 comitantibus
1438 1391 1617 1465 Procura-

112 1519 268 1604 toribus‚
288 1543 360 1592 non
377 1517 451 1602 fiet,
469 1533 509 1591 et
524 1518 706 1614 praedicti
722 1520 798 1591 duo
813 1517 1020 1590 Auditores
1034 1517 1167 1600 Rotae,
1184 1534 1300 1612 atque
1314 1517 1426 1588 etiam
1443 1517 1618 1590 Procura·

111 1662 217 1717 tores
246 1643 419 1740 privatim
447 1644 495 1717 ad
524 1643 746 1716 Vaticanum
774 1666 817 1714 se
845 1643 1040 1714 conserant
1069 1666 1113 1714 ac
1141 1656 1344 1736 propterea
1366 1642 1618 1715 removebitur

110 1795 133 1845 a
171 1768 402 1842 Kalendario
432 1769 558 1842 Rotali
586 1767 742 1841 verbum
779 1766 1078 1864 «equitabunt».
1109 1769 1290 1840 Attamen
1320 1792 1393 1839 non
1422 1791 1553 1840 omnes
1572 1791 1620 1838 ex

113 1896 289 1968 Patribus
319 1895 353 1966 in
383 1894 452 1967 hac
481 1895 668 1968 sententia
697 1894 903 1966 concordes
931 1891 1045 1966 suere.
1077 1890 1153 1964 Sed
1172 1916 1303 1965 eorum
1322 1893 1448 1988 opinio
1468 1894 1620 1988 probari

113 2020 265 2114 placuit,
297 2021 360 2114 qui
389 2020 425 2092 iu
455 2035 560 2092 tanta
590 2035 804 2113 temporum
832 2017 1050 2113 asperitate,
1082 2019 1117 2089 in
1147 2033 1204 2089 tot
1232 2017 1423 2112 tantisque
1443 2017 1619 2090 vicissitu-

116 2145 279 2229 dinibus,
313 2142 530 2235 prudentius
566 2143 754 2215 duxerunt
791 2140 997 2236 quamlibet
1025 2159 1199 2214 avertere
1235 2143 1416 2214 tumultus
1455 2166 1617 2224 causam,

113 2296 161 2344 ac
190 2268 315 2365 pravis
344 2267 555 2340 hominibus
584 2267 806 2364 praepedire
834 2269 932 2339 viam
962 2291 1009 2340 ne
1038 2267 1165 2339 decori
1197 2264 1301 2341 Sacri
1336 2266 1490 2340 Ordinis
1526 2291 1622 2362 quo-

114 2393 396 2489 modocumque
425 2393 592 2465 iniuriam
614 2392 802 2467 inferrent.
828 2392 968 2465 Verum
999 2392 1090 2465 haec
1119 2416 1193 2463 uua
1220 2391 1383 2465 omnium
1413 2416 1518 2464 meus
1539 2391 1616 2476 fuit,

114 2537 235 2616 atque
249 2519 487 2614 apertissime
507 2517 712 2614 significata
727 2514 900 2590 voluntas
920 2533 961 2590 ut
981 2517 1162 2601 nimirum,
1182 2517 1266 2589 Deo
1281 2517 1493 2599 adiuvante,
1512 2517 1622 2590 rebus

118 2645 172 2718 ad
194 2643 387 2738 pristinum
409 2660 549 2716 statum
570 2642 765 2728 restitutis,
786 2644 968 2738 equitatio
996 2643 1032 2714 in
1060 2643 1120 2715 die
1138 2641 1357 2737 aperitionis
1376 2643 1500 2714 Rotae
1519 2667 1622 2714 revo-

116 2788 227 2844 cetur
256 2770 291 2840 in
321 2795 428 2841 usum
458 2786 497 2841 et
525 2769 557 2840 si
585 2767 663 2840 fieri
692 2768 832 2862 poterit
858 2768 971 2840 etiam
1000 2769 1036 2840 in
1064 2769 1237 2864 sequenti
1274 2792 1383 2852 anno,
1423 2791 1500 2863 quo
1533 2791 1621 2840 casu
1712 2773 1714 2780 ’

115 2896 256 2968 iterum
287 2891 516 2966 Kalendario
544 2896 699 3000 verbum
738 2893 1019 2990 «equitabunt»
1057 2891 1244 2966 sublatum
1274 2893 1503 2966 restituetur.

821 3192 912 3270 564.

117 3337 383 3436 Supprimz'tur
411 3337 509 3410 Rota
526 3311 626 3430 fieri
650 3344 817 3409 consueta
848 3334 1070 3412 immediatas
1080 3345 1168 3435 post
1187 3335 1316 3432 ferias
1348 3336 1557 3411 Natalitias
1592 3345 1627 3408 ct

204 3463 412 3536 instituitur
438 3487 531 3535 nova
561 3463 659 3536 Rota
685 3471 770 3534 ante
796 3461 939 3535 easdem
964 3463 1085 3550 fcrz'as
1101 3461 1297 3558 facienda.

205 3599 319 3669 (Auca.
338 3597 428 3672 Ror„
452 3597 642 3658 ‹Dr‘arium
663 3598 885 3668 Camerata»).

823 3752 932 3842 1850.

208 3886 391 3981 Quamvis
411 3889 483 3961 huc
498 3915 618 3986 usque
636 3915 769 3962 novem
787 3891 1098 3986 praecedentibus
1113 3890 1245 3965 diebus
1259 3889 1498 3964 festivitatem
1512 3889 1626 3962 Nata·

120 4015 244 4092 litiam
273 4014 380 4088 SSriri
403 4015 458 4090 vD.
490 4015 537 4089 N.
567 4015 650 4088 lesu
692 4015 832 4090 Christi
866 4042 1017 4113 semper
1044 4041 1114 4112 pro
1143 4015 1180 4090 S.
1212 4016 1312 4089 Rota
1340 4015 1453 4088 seriae
1481 4015 1623 4100 tuerint,

123 4139 366 4214 nihilominus
394 4139 620 4234 quibusdam
649 4165 696 4212 ex
723 4140 971 4214 Auditoribus
998 4139 1147 4236 placuit.
1179 4156 1221 4212 ut
1248 4157 1343 4232 ante,
1368 4141 1478 4214 ferias
1511 4141 1629 4215 Nata·

122 4266 226 4338 litias
254 4263 372 4337 altera
401 4263 502 4337 Rota
530 4265 702 4339 addatur.
735 4265 812 4338 Sed
840 4265 1031 4340 auferetur
1057 4267 1219 4340 vicissim
1247 4265 1366 4361 prima
1404 4265 1504 4339 Rota
1539 4283 1628 4362 post

124 4389 284 4462 easdem
323 4387 432 4462 serias
467 4387 666 4461 Natalitias
704 4413 802 4483 quae
839 4388 911 4461 huc
948 4414 1070 4485 usque
1107 4415 1226 4486 prope
1263 4391 1361 4462 diem
1396 4389 1628 4486 Epiphaniae

127 4511 439 4608 habitatsemper
466 4512 544 4584 tuit.
575 4512 693 4606 quue
723 4539 770 4586 ne
798 4513 834 4584 iu
862 4539 907 4587 ea
936 4513 1137 4588 testivitate
1162 4515 1292 4588 Patres
1321 4515 1421 4587 domi
1444 4515 1492 4587 ad
1522 4515 1627 4588 insor-

124 4637 309 4709 mandum
330 4639 578 4712 detineantur.

839 4849 930 4928 565.

355 4993 597 5064 «lstruat'rme
616 5001 691 5089 per
717 4993 803 5078 fare
828 4991 1038 5090 lopertum
1066 4995 1162 5068 della
1190 4993 1229 5070 S.
1260 4997 1414 5070 Rota».

93 5159 94 5164 κ
213 5128 330 5202 (Atreu.
348 5128 435 5202 Ros,
454 5129 491 5188 r'n
509 5129 598 5190 calce
615 5129 663 5189 'ad
686 5128 837 5188 «Praxr's
855 5129 999 5206 Rotae»,
1017 5131 1103 5207 de.
1121 5131 1232 5191 Iacobr‘
1247 5131 1407 5206 Emerix).

215 5258 291 5332 Tre
319 5257 442 5356 giorni
468 5259 610 5332 innanzi
637 5285 660 5335 a
689 5258 815 5353 quello
842 5259 1113 5356 dell'apertura
1140 5259 1192 5358 gli
1222 5263 1390 5336 niutanti
1427 5266 1463 5338 di
1498 5267 1630 5342 Studio

127 5383 196 5460 dei
224 5383 298 5458 due
328 5381 472 5468 Prelati,
502 5383 590 5458 uniti
624 5391 660 5465 in
701 5407 774 5457 una
812 5384 891 5457 sola
929 5410 1111 5471 carrozza,
1141 5395 1252 5461 verso
1281 5387 1315 5460 le
1350 5412 1395 5462 10
1417 5387 1472 5492 ¹s,
1502 5391 1629 5466 antim.
