3748 5914
256 272 313 332 320
883 267 1020 327 Soeculo
1038 265 1144 327 XVII

1464 365 1552 373 ———-

256 492 280 540 a
310 463 515 561 Republica
538 462 748 549 nominatis,
770 485 905 556 nempe
925 460 1048 535 Zonca
1067 461 1132 556 qui
1151 461 1304 559 legebat
1322 458 1383 532 lus
1403 455 1633 530 Canonicum
1655 457 1765 529 Pata·

258 589 319 676 vii,
347 603 387 664 et
415 589 497 664 RR.
529 586 595 662 ΡΡ.
622 587 711 661 DD.
734 585 921 673 Prezzato‚
944 585 1184 682 Martinengo
1202 599 1242 658 et
1260 583 1435 668 Coccino,
1456 581 1514 654 hic
1541 598 1765 678 postremus

259 713 296 786 in
324 710 507 787 electione
534 712 706 786 obtinuit.

968 940 1054 1018 185.

260 1105 308 1178 lu
331 1105 459 1202 pruina
488 1103 587 1177 Rota
607 1111 695 1201 pest
718 1102 921 1175 vaceu'oues
948 1100 1143 1199 generales
1169 1099 1323 1175 solemne
1350 1123 1423 1172 uon
1457 1107 1542 1171 erat
1566 1097 1764 1169 relaliemes

342 1237 487 1302 actuum
528 1255 554 1302 a
594 1227 740 1302 neutris
780 1226 1026 1301 Auditoritus
1059 1235 1309 1323 peractorum,
1343 1221 1543 1320 ‚faueua'as
1575 1219 1762 1316 Poulffia',

342 1357 512 1428 tractari.

340 1491 456 1564 (Auen.
475 1491 562 1565 Rom,
586 1489 810 1550 ‹Extraclum
828 1489 951 1549 Dr'arr'r'
967 1489 1098 1549 Coccr'm'
1107 1491 1143 1560 »).

748 1675 888 1759 Lunae,
922 1699 941 1748 2
973 1673 1138 1748 octobris
1172 1679 1283 1748 1600.

346 1841 406 1927 56.
439 1835 524 1906 Fuit
553 1835 755 1909 iniunctum
786 1833 1033 1935 DD[ominis]
1065 1834 1273 1908 Iunioribus
1300 1850 1342 1907 ut
1370 1859 1417 1906 ex
1452 1831 1604 1929 speciali
1641 1833 1765 1932 gratia

264 1959 481 2034 relationem
509 1959 675 2033 lacerent
701 1957 832 2046 SSmo,
863 1983 978 2056 super
1005 1984 1186 2056 processu
1216 1957 1264 2035 D.
1297 1957 1507 2032 Hermanni
1544 1957 1765 2032 Ortember-

263 2085 340 2184 ghi,
370 2086 458 2180 quia
487 2084 579 2158 haec
606 2109 679 2158 non
709 2083 833 2158 solent
861 2083 896 2158 in
925 2085 994 2158 hac
1023 2085 1142 2180 prima
1170 2083 1270 2157 Rota
1298 2084 1458 2158 tractari.

315 2485 320 2496 .
974 2416 1059 2494 186.

266 2575 429 2650 Clemens
465 2577 570 2652 VIII
588 2577 681 2676 slylo
707 2577 815 2652 inette
842 2579 910 2652 dal
926 2579 1172 2654 Audz'toribus
1191 2581 1309 2654 Rotae
1319 2577 1527 2678 praebendi
1550 2578 1764 2652 donatiuum
1855 2599 1856 2606 ’

345 2725 511 2776 aunuum
539 2725 610 2777 100
636 2712 821 2777 scutorum
848 2705 887 2776 iu
906 2682 990 2798 fine
1009 2703 1175 2803 praudri'
1197 2703 1298 2802 quod
1321 2704 1449 2780 inum
1476 2703 1591 2778 dubet
1606 2705 1647 2777 in
1666 2707 1765 2802 Ape·
1855 2791 1856 2818 χ

344 2827 466 2902 slelr'co
494 2827 643 2903 Palatio
672 2829 888 2904 Reverendo
918 2828 1074 2903 Camere
1101 2827 1322 2928 Apostolum
1353 2873 1369 2886 -
1400 2829 1550 2903 Decano
1586 2828 1764 2902 tribulum
1855 2823 1856 2874 ³

345 2962 399 3026 est
423 2952 586 3052 duplum.
617 2997 643 3010 -
671 2953 828 3049 Infirmi
850 2954 1020 3028 donativo
1046 2963 1081 3028 el
1097 2954 1172 3052 ipsi
1185 2953 1426 3050 fruebantur.

347 3108 462 3176 (Arcu.
480 3107 567 3180 Rom,
591 3107 815 3168 ‹Extractum
833 3107 955 3167 Diarr'r'
971 3108 1146 3178 Caecubo).

791 3290 931 3376 Lunae,
964 3313 986 3381 9
1017 3288 1096 3363 Iulii
1131 3296 1243 3365 1601.

348 3457 411 3524 62.
442 3451 481 3524 ln
509 3450 582 3524 fine
612 3449 758 3524 Prandii
787 3454 960 3527 omnibus
988 3453 1235 3530 Auditoribus
1264 3454 1330 3528 luit
1358 3455 1507 3528 nomine
1538 3452 1638 3527 Ssriri
1658 3479 1767 3550 prae-

265 3592 437 3651 sentatus
467 3574 683 3650 Fasciculus
703 3575 854 3650 Florum
884 3577 920 3651 in
950 3577 1154 3675 Paropside
1180 3594 1375 3676 argentea,
1409 3579 1467 3653 cui
1504 3594 1587 3652 erat
1613 3577 1767 3678 alligata
1854 3633 1855 3636 ,

264 3702 481 3776 crumenula
514 3701 634 3777 serica
667 3702 773 3776 rubei
805 3701 941 3776 coloris
973 3719 1154 3798 cooperta
1186 3704 1274 3778 lolio
1305 3705 1449 3792 vineae,
1485 3704 1521 3778 in
1555 3722 1766 3799 quaerant

264 3843 372 3902 scuta
406 3849 478 3900 100
506 3826 587 3900 auri
614 3827 651 3900 in
679 3851 783 3914 auro,
812 3843 853 3901 et
880 3827 916 3900 in
944 3827 1159 3902 crumenula
1189 3829 1235 3904 D.
1269 3830 1412 3904 Decani
1443 3854 1531 3905 200.

348 3957 410 4044 63.
441 3949 570 4043 Quare
601 3951 688 4028 DD.
719 3952 956 4027 iniunxerunt
985 3953 1032 4029 D.
1065 3954 1220 4028 Decano
1249 3972 1288 4029 et
1315 3954 1521 4052 Pamphilio
1548 3973 1590 4031 ut
1619 3959 1767 4030 nomine

270 4078 394 4151 Rotae
422 4076 542 4152 SSmo
568 4079 713 4177 gratias
741 4078 934 4163 referrent,
964 4095 1078 4174 prout
1105 4079 1320 4153 eodemmet
1348 4078 1408 4153 die
1437 4082 1614 4168 lecerunt,
1655 4099 1695 4155 et
1727 4097 1767 4155 ut

267 4201 403 4285 audivi,
434 4202 568 4277 eadem
596 4203 736 4278 habuit.
769 4204 816 4279 D.
848 4204 948 4277 Litta
976 4205 1150 4299 quamvis
1186 4204 1361 4282 infirmus.
1397 4206 1445 4280 D.
1475 4231 1567 4280 vero
1602 4205 1764 4282 Ludovi-

269 4327 358 4413 sius,
390 4343 432 4400 ut
460 4327 585 4416 audio,
616 4329 780 4403 nondum
808 4329 948 4415 habuit,
979 4330 1066 4425 quia
1094 4345 1175 4403 erat
1202 4333 1340 4404 absens
1373 4356 1395 4404 a
1425 4331 1549 4406 Curia.

974 4651 1061 4728 187.

524 4813 623 4886 Rota
651 4813 893 4887 Murleuz'unu
921 4839 992 4886 nou
1010 4813 1130 4910 fiebat
1153 4813 1259 4887 ruitre
1294 4815 1331 4886 T
1325 4815 1513 4889 ertzuriae.

349 4965 464 5037 (Arcu.
482 4967 570 5040 Ros..
593 4967 816 5028 ‹Extractum
834 4967 955 5027 Dr'arr'r'
971 4967 1147 5041 Coccini·).

728 5151 858 5236 Mero,
896 5173 939 5244 17
971 5151 1163 5224 Februarii
1198 5156 1307 5224 1602.

354 5313 453 5389 Nota
481 5312 584 5411 quod
613 5337 687 5388 non
716 5313 782 5387 luit
809 5311 907 5387 lacta
935 5311 1161 5386 Martiniana
1179 5311 1266 5408 quia
1284 5326 1367 5386 erat
1385 5311 1526 5384 initium
1542 5309 1762 5386 tertiariae.
