3686 5916
717 351 883 410 Clemente
902 349 987 410 XIV
1545 351 1600 410 605

99 543 252 616 arbitrio
280 545 426 640 copiam
451 545 619 639 ipsarum
648 546 780 629 lacere,
813 547 870 644 (ut
906 545 979 618 iam
1007 546 1043 617 in
1071 570 1176 618 more
1210 545 1375 640 positum
1413 547 1485 642 est)
1514 545 1596 617 Par·

101 668 200 742 tibus
228 669 453 743 instantibus
481 695 551 765 pro
579 671 892 768 promulgatione,
913 671 1007 743 etin
1036 669 1090 754 iis,
1112 694 1211 765 quae
1239 670 1323 742 lacti
1353 685 1441 742 sunt
1469 669 1598 742 Partes

99 792 202 886 ipsas
238 792 377 880 audire,
409 795 458 866 ad
500 795 582 882 hoc,
614 813 655 869 ut
696 798 848 869 omnino
889 783 1052 897 edantur
1094 795 1250 868 veritate
1288 795 1480 882 laetorum,
1512 795 1600 866 iuris

99 918 251 1014 regulis,
282 934 320 990 et
349 919 534 991 rationum
563 922 763 994 momentis
791 921 911 1016 probe
939 921 1129 1004 subnixae,
1153 919 1350 1015 superfluis
1370 919 1536 992 reiectis:
1557 945 1601 993 ac

97 1044 320 1138 praesertim
348 1062 625 1118 consentaneae
654 1047 727 1118 sint
755 1045 951 1141 suffragiis,
981 1045 1119 1139 quibus
1161 1044 1288 1118 Causa
1325 1043 1477 1117 definita
1512 1063 1596 1132 est;

100 1167 198 1240 Nam
228 1169 259 1240 si
286 1170 323 1240 in
350 1169 471 1244 lucem
500 1169 706 1265 prodierint
734 1169 932 1256 nonsatis,
953 1194 998 1242 ac
1026 1169 1147 1253 decet,
1167 1171 1393 1244 emendatae
1424 1186 1463 1242 et
1491 1170 1601 1243 casti-

98 1309 225 1389 gatae,
255 1293 417 1388 ipsemet
453 1292 600 1366 Ponens
644 1317 718 1366 non
761 1293 883 1366 solum
922 1293 1097 1366 universo
1140 1293 1351 1380 Auditorio,
1383 1293 1452 1366 sed
1487 1293 1600 1365 etiam

99 1417 256 1490 Summo
285 1416 450 1490 Pontifici
477 1418 660 1492 rationem
689 1420 760 1491 erit
787 1419 1013 1492 redditurus.
1045 1417 1176 1513 thue
1204 1420 1274 1492 hac
1303 1419 1351 1491 de
1388 1443 1428 1490 re
1466 1419 1597 1515 magis,

99 1542 296 1638 magisque
323 1559 509 1628 caveatur,
540 1541 725 1628 volumus,
755 1559 793 1615 et
821 1541 1052 1627 mandamus,
1084 1559 1125 1614 ut
1150 1542 1430 1641 Typographus
1464 1541 1599 1614 Came-

100 1666 198 1753 ralis‚
230 1667 301 1740 sub
337 1668 575 1764 gravioribus
613 1667 768 1754 Nostro,
805 1684 846 1740 et
883 1667 1153 1740 Successorum
1192 1667 1419 1740 Nostrorum
1447 1668 1601 1740 arbitrio

99 1791 304 1863 reservatis
330 1793 474 1885 poenis,
506 1791 643 1866 nullam
673 1816 830 1887 prorsus
858 1792 997 1865 audeat
1025 1791 1239 1887 imprimere
1270 1791 1522 1876 Decisionem,
1544 1793 1601 1863 cui

99 1915 197 1988 desit
219 1915 368 1989 solitum
390 1917 566 1991 Ponentis
587 1917 845 2014 Imprimatur.
868 1917 947 1989 lmo
961 1918 1073 1989 etiam
1094 1913 1265 2011 quamvis
1284 1917 1402 2003 adsit;
1424 1917 1457 1988 si
1474 1933 1599 1988 tamen

98 2041 405 2112 animadverterit
425 2043 643 2136 scripturam
665 2042 793 2124 lituris,
814 2057 930 2136 atque
949 2039 1216 2114 additamentis
1235 2040 1349 2114 fuisse
1372 2057 1597 2136 corruptam,
1687 2089 1690 2099 =

100 2189 197 2259 quae
228 2190 339 2236 manu
369 2183 407 2238 et
434 2166 648 2238 charactere
680 2165 856 2238 Ponentis
899 2165 1047 2238 minime
1082 2166 1241 2262 probata
1278 2165 1421 2250 luerint,
1453 2165 1601 2238 differat

99 2290 222 2362 adhuc
251 2289 350 2385 typis
379 2292 568 2375 mandare,
600 2289 720 2364 donec
753 2291 822 2364 sibi
850 2309 1082 2385 compertum
1121 2290 1230 2362 luerit
1263 2289 1398 2362 nullam
1432 2289 1599 2363 fraudem

99 2438 142 2486 ac
171 2413 300 2487 dolum
328 2415 599 2488 intercessisse.

185 2563 247 2630 ¹3·
278 2536 465 2630 Quoniam
495 2566 585 2614 vero
605 2563 674 2616 sua
694 2541 854 2614 debetur
872 2539 989 2613 labori
1009 2565 1155 2612 merces
1183 2555 1224 2612 et
1250 2539 1467 2635 praemium,
1489 2540 1600 2635 plane

99 2688 265 2761 aequum
302 2681 342 2737 et
382 2688 588 2762 congruum
618 2666 876 2738 existimamus
903 2678 946 2736 ut
980 2663 1198 2738 Studiorum
1234 2665 1410 2737 Adiutori
1447 2679 1603 2762 propter

97 2785 267 2862 laborem
296 2789 331 2860 in
351 2788 563 2864 huiusmodi
593 2790 858 2864 Decisionibus
886 2791 1086 2862 exarandis
1115 2791 1324 2886 impensum
1352 2789 1491 2885 aliquid
1519 2813 1602 2884 per·

99 2916 277 3000 solvatur,
308 2914 412 3010 quod
449 2929 575 2986 tamen
605 2913 887 2989 laudatissimae
915 2931 1067 2987 nostrae
1097 2914 1290 2987 Romanae
1333 2913 1470 2988 Curiae
1505 2915 1601 2988 inte·

102 3039 226 3136 gritati
268 3062 311 3111 ac
352 3039 599 3112 moderationi
640 3040 882 3135 respondeat,
924 3041 1027 3134 quod
1070 3039 1187 3134 ipsius
1230 3038 1353 3111 Rotae
1395 3038 1521 3113 studio
1563 3041 1599 3111 in

100 3161 318 3237 coercendis
333 3163 451 3236 litiurn
465 3163 643 3259 expensis
663 3163 871 3250 conveniat,
894 3165 996 3259 quod
1017 3165 1179 3260 denique
1199 3187 1272 3236 non
1293 3164 1342 3236 sit
1361 3163 1480 3260 turpis
1500 3165 1598 3260 cupi·

101 3288 227 3362 ditatis
256 3306 297 3361 et
323 3289 502 3361 avaritiae
529 3289 646 3361 veluti
673 3288 963 3364 incitamentum.
990 3286 1247 3382 Quamobrem
1281 3289 1541 3385 praecipimus,
1561 3305 1601 3364 et

100 3414 282 3496 iubemus,
315 3428 355 3485 ut
383 3411 600 3486 Studiorum
628 3412 886 3500 Adiutoribus,
919 3437 1042 3510 neque
1070 3415 1190 3488 minus
1226 3414 1343 3485 scutis
1375 3413 1493 3486 tribus
1530 3438 1601 3510 pro

100 3538 269 3634 qualibet
299 3537 496 3610 Decisione
525 3537 712 3625 solvatur;
743 3561 865 3634 neque
894 3540 964 3633 ipsi
992 3539 1077 3633 plus
1105 3537 1221 3612 scutis
1250 3538 1402 3635 triginta
1434 3537 1600 3634 recipere

102 3663 250 3758 possint
283 3664 429 3736 etiamsi
466 3659 591 3760 longa,
627 3662 783 3735 difficilis
817 3680 857 3736 et
892 3687 1055 3760 operosa
1095 3651 1201 3736 esset
1244 3662 1412 3748 Decisio;
1454 3663 1599 3737 etiamsi

102 3786 164 3858 Lis
192 3791 292 3859 inter
321 3787 475 3859 Nobiles
498 3785 618 3870 Viros,
642 3783 841 3883 Principes,
864 3787 1038 3884 Capitula
1059 3785 1353 3872 Catbedralium,
1373 3804 1438 3861 aut
1457 3789 1601 3862 Metro-

101 3913 350 4008 politanarum
380 3912 644 3997 Ecclesiarum,
684 3913 906 4008 Episcopos,
942 3912 1271 4009 Archiepiscopos,
1309 3911 1348 3985 S.
1365 3912 1410 3988 R.
1434 3911 1476 3987 E.
1512 3911 1599 3986 Car·

100 4036 258 4122 dinales,
288 4051 327 4109 et
355 4061 614 4132 quoscumque
642 4035 745 4120 alios,
776 4037 911 4132 quavis
941 4037 1134 4134 Dignitate
1167 4052 1406 4132 praestantes
1442 4052 1598 4133 agatur;

101 4162 249 4235 etiamsi
278 4177 415 4257 sponte
443 4187 466 4233 a
495 4161 815 4246 Procuratoribus,
846 4162 1073 4260 AgentibuS,
1102 4177 1169 4235 aut
1194 4161 1274 4234 aliis
1302 4163 1600 4260 quibuscumque

101 4287 221 4358 maior
248 4287 439 4381 quantitas
459 4285 645 4371 offeratur,
668 4310 715 4358 ne
733 4286 878 4360 alienae
892 4285 1124 4360 liberalitatis
1143 4288 1268 4362 colore
1287 4288 1451 4360 obducta
1479 4287 1602 4361 videa·

100 4425 161 4482 tur
188 4435 319 4483 eorum
347 4409 513 4484 lucrandi
541 4410 745 4506 cupiditas:
777 4411 963 4485 Nolumus
992 4426 1128 4498 tamen,
1158 4427 1201 4484 ut
1240 4436 1338 4507 quae
1379 4411 1454 4484 duo
1494 4411 1600 4484 Deci-

101 4535 248 4608 sionum
278 4537 531 4608 emolumenta
560 4537 675 4610 modo
704 4537 988 4624 nominavimus,
1018 4537 1068 4610 ita
1097 4537 1334 4631 accipiantur,
1367 4551 1407 4609 ut
1436 4561 1598 4632 semper,

100 4675 139 4733 et
167 4641 379 4734 indistincte
407 4661 628 4734 alterutrum
659 4687 706 4734 ex
735 4661 778 4734 iis
807 4662 945 4734 debeat
973 4662 1086 4747 solvi;
1115 4662 1292 4757 prudenti
1320 4661 1418 4734 enim
1463 4662 1599 4735 Procu-

101 4803 225 4858 torum
253 4786 405 4859 arbitrio
434 4787 710 4872 committimus,
740 4801 781 4858 ut
809 4787 910 4858 iuxta
940 4785 1150 4859 Causarum
1178 4785 1408 4881 qualitatem,
1438 4781 1601 4884 Litigan-

101 4910 192 4982 tium
223 4909 483 4996 conditionem,
515 4909 747 5005 quaestionis
774 4911 999 5006 gravitatem
1032 4926 1070 4984 et
1099 4909 1265 4983 laborem
1294 4911 1330 4984 in
1362 4912 1600 4985 extendenda

103 5033 305 5106 Decisione
334 5035 554 5129 impensum,
584 5035 711 5120 maior,
741 5033 801 5108 vel
830 5035 952 5108 minor
979 5037 1169 5131 quantitas
1189 5037 1285 5109 intra
1312 5060 1496 5109 summam
1516 5059 1600 5109 scu-

100 5173 226 5233 torum
256 5159 377 5241 trium,
408 5175 448 5232 et
475 5183 658 5233 summam
686 5177 879 5233 scutorum
907 5161 1060 5257 triginta
1088 5185 1158 5256 pro
1199 5159 1367 5256 qualibet
1399 5161 1600 5236 Decisione

100 5285 305 5369 tribuatur;
335 5282 541 5358 dummodo
568 5308 697 5358 eorum
726 5285 880 5360 arbitrio
913 5309 1107 5373 summam,
1144 5302 1185 5359 ut
1220 5287 1479 5383 praecipimus,
1515 5313 1599 5361 scu·

99 5423 225 5483 torum
254 5407 405 5505 triginta
435 5431 507 5482 non
536 5409 711 5496 excedat;
733 5409 854 5484 Studii
872 5435 964 5485 vero
983 5411 1189 5485 Adiutores
1209 5411 1335 5486 oblata
1354 5411 1452 5486 ultro
1480 5437 1599 5508 quan·
