3720 5914
781 319 895 380 Paulo
913 319 954 380 II
1566 322 1619 382 175

113 516 330 590 indubitata
357 515 453 590 sede.
484 514 535 589 Et
561 512 582 588 ἑ
610 513 731 588 ancho
758 514 796 588 di
824 513 876 588 tal
903 514 1117 590 conditione
1144 531 1183 588 et
1211 529 1346 590 natura
1364 539 1433 611 per
1450 512 1486 588 la
1504 485 1619 614 expe

115 641 257 714 riencia
284 638 321 712 la
348 638 436 735 qual
463 663 506 712 se
533 638 581 713 ha
609 638 647 712 di
675 637 734 725 lui,
766 637 863 712 ch’el
891 663 965 712 non
993 638 1196 714 cometeria
1223 653 1360 736 aposta
1388 638 1436 714 de
1455 665 1619 736 persona

115 789 214 840 unca
242 790 318 840 uno
347 781 619 839 mancamento.

198 889 296 964 Dico
323 887 444 962 ancho
473 888 535 984 piu
564 887 663 962 ultra
690 887 726 962 in
756 887 992 962 satisfatione
1020 887 1069 962 de
1097 888 1132 962 la
1150 889 1337 965 veritade:
1358 890 1382 962 il
1410 889 1511 964 dicto
1530 890 1620 965 dom

13 1085 14 1098 ,
116 1014 274 1088 Andrea
301 1011 323 1088 ὲ
351 1015 466 1088 homo
493 1011 606 1087 d'una
635 1011 708 1086 mal
738 1029 882 1088 natura.
913 1012 964 1086 Et
990 1013 1170 1087 lassiamo
1198 1028 1300 1088 stare
1336 1015 1405 1088 che
1433 1014 1493 1088 nel
1530 1039 1620 1112 pas·
1735 998 1740 1008 ¹

116 1154 202 1213 sato
230 1163 252 1213 e
280 1137 441 1227 tuttavia
467 1137 505 1211 lo
533 1134 643 1210 habia
671 1137 856 1210 seminato
884 1161 907 1210 e
934 1135 1078 1210 semine
1105 1136 1240 1210 zizanie
1272 1152 1311 1210 et
1342 1137 1529 1213 discordia
1562 1153 1620 1212 tra

13 1301 14 1326 r
117 1261 207 1337 dom
235 1261 404 1336 Antonio
431 1261 507 1334 mio
533 1259 679 1336 fratello
707 1275 748 1335 et
774 1261 845 1336 mi:
875 1277 1093 1336 veramente
1125 1261 1161 1336 la
1189 1259 1211 1334 ἑ
1239 1285 1330 1336 cosa
1358 1259 1519 1336 nefanda
1550 1262 1619 1338 che

116 1413 186 1486 per
214 1387 237 1460 il
266 1403 396 1483 tempo
422 1386 460 1460 lo
487 1386 536 1460 ha
564 1400 695 1460 tenuto
714 1384 751 1460 la
769 1385 869 1460 dicta
888 1385 998 1481 pieve
1016 1385 1050 1460 el
1070 1411 1112 1460 se
1131 1387 1187 1460 sia
1205 1387 1408 1484 deportato
1427 1387 1463 1460 in
1487 1385 1619 1462 'curare

117 1512 152 1586 le
179 1512 302 1587 anime
329 1513 513 1608 deputate
540 1535 563 1586 a
589 1510 716 1608 quella
743 1535 832 1584 cura
859 1510 895 1584 in
923 1510 960 1584 la
988 1510 1108 1586 forma
1135 1509 1204 1586 che
1233 1511 1270 1586 lo
1293 1521 1325 1588 e.
1347 1511 1487 1588 Elnon
1507 1538 1618 1609 sepo

117 1663 259 1736 negare
287 1634 425 1734 perche
453 1634 475 1708 ὲ
503 1637 602 1710 cossi
630 1635 801 1710 noctorio
829 1636 898 1708 che
926 1660 996 1731 per
1027 1661 1097 1710 sua
1129 1635 1364 1735 negligencia
1396 1651 1436 1712 et
1468 1637 1618 1712 differto

119 1787 215 1837 sono
242 1761 362 1858 perite
390 1761 426 1834 in
455 1759 584 1858 quello
611 1758 695 1834 loco
723 1760 833 1835 dele
861 1761 984 1836 anime
1012 1785 1124 1835 senza
1151 1761 1359 1857 baptismo:
1389 1761 1493 1848 Item,
1523 1761 1619 1838 altre

116 1911 229 1962 senza
256 1886 492 1960 consessione
519 1910 541 1958 e
570 1885 842 1960 communione.
865 1885 921 1958 Lo
939 1883 961 1960 ὲ
979 1885 1099 1960 ancha
1118 1901 1309 1960 trascorso
1328 1885 1365 1960 in
1384 1883 1469 1960 altri
1487 1889 1618 1974 errori,

116 2036 228 2086 como
245 2011 283 2083 in
302 2035 431 2084 essere
449 2009 713 2085 concubinario
731 2025 770 2084 et
789 2010 837 2084 de
857 2026 978 2084 morte
996 2009 1045 2084 de
1063 2009 1203 2084 homini
1230 2026 1270 2084 et
1297 2010 1346 2084 de
1371 2011 1479 2087 altro.
1502 2010 1553 2084 Et
1575 2037 1618 2086 se

117 2137 215 2210 bene
233 2134 271 2210 lo
289 2132 414 2233 allega
436 2135 505 2210 che
530 2133 567 2208 lo
585 2134 730 2208 lacesse
747 2158 771 2207 a
788 2132 920 2208 delesa
938 2132 999 2207 del
1018 2148 1120 2208 stato
1145 2149 1277 2208 nostro
1295 2158 1365 2231 per
1389 2159 1464 2209 una
1481 2160 1620 2234 guerra

115 2262 185 2336 che
205 2259 257 2348 lu,
276 2260 300 2333 il
318 2283 410 2334 vero
428 2258 450 2332 t
469 2259 505 2333 in
523 2258 722 2342 contrario.
744 2256 881 2354 perche
899 2283 923 2332 a
936 2255 1017 2333 iare
1035 2256 1166 2332 delesa
1184 2258 1219 2333 el
1238 2281 1312 2334 non
1332 2260 1478 2336 doveva
1498 2260 1619 2336 uscire

116 2387 167 2459 da
194 2383 231 2460 la
259 2399 360 2458 terra
388 2383 456 2483 (Ρ).
487 2381 553 2456 Ma
580 2382 631 2457 lui
658 2382 795 2479 cupido
813 2382 849 2457 al
867 2382 1082 2481 guadagno,
1104 2383 1167 2480 piir
1187 2382 1257 2458 che
1276 2409 1346 2481 per
1361 2384 1469 2470 altro,
1491 2385 1629 2460 usciva¹
1742 2429 1745 2436 =

117 2507 215 2584 fuori
241 2534 265 2583 a
291 2505 422 2583 cavalo
448 2505 596 2582 armato
623 2520 664 2582 et
690 2531 733 2582 se
762 2523 918 2582 trovava
944 2533 968 2582 a
995 2525 1118 2583 morte
1136 2508 1185 2582 de
1204 2507 1355 2596 homini,
1376 2524 1416 2582 et
1438 2533 1461 2582 a
1483 2509 1618 2584 lerirne

115 2651 155 2709 et
183 2659 207 2708 a
233 2632 481 2733 guadagnare
508 2633 600 2708 roba
627 2655 734 2706 come
761 2630 849 2707 lano
876 2631 899 2706 li
928 2631 1145 2706 sachomani
1170 2648 1211 2706 et
1238 2657 1312 2707 non
1341 2657 1383 2707 se
1410 2634 1618 2730 deportava

114 2773 237 2858 punto
265 2783 374 2834 como
401 2783 444 2832 se
472 2757 652 2834 conviene
679 2781 702 2832 a
729 2755 913 2856 Religiosi
945 2757 1098 2854 quaudo
1133 2782 1229 2833 sono
1265 2758 1302 2831 in
1337 2757 1408 2833 loci
1444 2759 1614 2836 asediati.

116 2884 169 2960 Et
196 2909 267 2982 per
293 2882 417 2981 questi
446 2883 528 2983 suoj
557 2881 644 2958 mali
671 2883 773 2958 modi
802 2907 863 2957 me
889 2881 912 2956 e
940 2907 1063 2981 parse,
1095 2882 1145 2957 da
1173 2881 1297 2979 quella
1315 2907 1454 2982 guerra
1472 2883 1510 2958 in
1528 2908 1616 2981 qua,

115 3033 192 3084 una
220 3009 498 3084 abominatione
526 3006 623 3082 ch’el
651 3008 706 3084 sia
734 3023 835 3083 stato
862 3034 885 3083 a
913 3008 1040 3105 quello
1066 3007 1253 3084 benefitio.

197 3135 238 3209 lo
265 3135 316 3208 ho
342 3131 473 3209 voluto
501 3132 693 3208 notificare
720 3149 802 3209 tute
830 3150 966 3230 queste
993 3149 1102 3231 parte
1136 3159 1160 3208 a
1187 3133 1223 3208 le
1250 3133 1297 3211 V.
1328 3133 1366 3210 S.
1404 3133 1544 3231 perche
1581 3135 1638 3212 le·

115 3283 213 3334 sono
241 3260 339 3334 cossi
367 3283 457 3332 vere
484 3283 508 3332 e
535 3258 740 3345 verissime,
761 3276 802 3332 et
823 3259 873 3333 ad
892 3258 1047 3333 istancia
1065 3257 1127 3334 del
1145 3257 1247 3333 dicto
1265 3259 1354 3335 dom
1374 3258 1615 3335 Bartolamio.

196 3383 253 3458 Le
281 3382 321 3458 S.
351 3382 396 3460 V.
427 3407 535 3458 come
564 3405 659 3458 sono
672 3382 893 3480 justissime,
914 3383 1143 3458 estimerano
1161 3383 1199 3458 in
1217 3398 1367 3480 questo,
1387 3382 1515 3480 quello
1533 3388 1618 3458 sera

114 3509 365 3584 conveniente
390 3533 460 3604 per
486 3507 510 3583 il
537 3510 635 3583 bene
662 3507 710 3582 de
737 3533 838 3607 ogne
865 3531 1029 3606 persona
1055 3507 1125 3585 che
1153 3531 1201 3582 ne
1228 3508 1340 3584 habia
1360 3509 1546 3584 interesse
1577 3524 1617 3582 et

116 3659 185 3732 per
212 3631 248 3708 la
276 3635 376 3708 bona
403 3657 493 3708 cura
520 3632 569 3708 de
596 3633 631 3707 le
667 3634 790 3710 anime
826 3648 1026 3730 sotoposte
1061 3657 1086 3708 a
1121 3631 1157 3708 la
1188 3632 1288 3708 dicta
1323 3633 1445 3730 pieve.
1475 3634 1516 3706 ln
1548 3633 1617 3708 che

114 3781 239 3858 prego
267 3757 346 3832 Idio
373 3756 408 3832 le
435 3756 610 3834 illumine.

197 3881 582 3958 Recomandandome
618 3905 642 3956 a
678 3881 802 3978 quelle
837 3882 1154 3958 continuamente.
1193 3881 1365 3981 Corrigie
1401 3897 1541 3980 quarto
1566 3882 1615 3958 le·

115 4007 256 4083 bruarii
290 4009 402 4098 1468.

196 4131 428 4206 Earumdem
457 4130 870 4206 Reverendissimarum
899 4131 1207 4208 Dominationum
1235 4131 1459 4206 Vestrarum
1480 4130 1619 4206 fidelis·

116 4256 234 4332 simus
261 4256 435 4331 Servitor

788 4377 1008 4454 Manlredus
1036 4382 1084 4456 de
1113 4379 1279 4478 Corigia
1309 4403 1423 4454 manu
1450 4381 1614 4477 propria.

832 4659 919 4741 107.

115 4805 263 4880 Paulus
292 4805 346 4892 II,
377 4805 622 4880 „auditoribus
650 4806 767 4879 Rotas
792 4814 828 4879 et
843 4805 931 4878 alir's
947 4805 1100 4901 gratans
1116 4803 1428 4901 expectativarum
1446 4801 1613 4879 concedit.

195 4960 313 5032 (Anca.
332 4958 420 5032 Rom,
440 4959 657 5032 «privilegia
669 4981 694 5033 »,
713 4965 789 5018 tom.
809 4957 836 5032 J,
852 4963 939 5032 part.
959 4957 987 5028 l,
1004 4975 1036 5017 n.
1050 4957 1133 5030 XX).

1207 5081 1284 5156 1469,
1311 5083 1419 5141 martii
1441 5084 1465 5156 1,
1484 5082 1616 5142 Romae.

196 5251 337 5326 Paulus
359 5251 570 5347 episcopus,
587 5274 719 5324 servus
739 5273 935 5323 servorum
955 5248 1039 5325 Dei.
1056 5246 1118 5320 Ad
1133 5247 1295 5321 suturam
1310 5247 1363 5320 rei
1382 5247 1612 5321 memoriam.

114 5376 283 5451 Romani
289 5373 488 5475 ponttficr's'
494 5373 730 5475 provtdentia
753 5373 1033 5472 circumspecta,
1065 5371 1297 5471 singulorum
1316 5372 1449 5446 metita
1467 5387 1507 5446 et
1525 5396 1615 5467 pro-
