3748 5914
789 335 902 396 Paulo
912 257 980 396 ἸΙΙ
1578 341 1634 401 293

130 528 358 603 iudiciariam
387 529 584 625 interponi,
612 529 672 603 vel
699 522 898 605 dicendum
926 557 1079 606 causam
1109 533 1272 628 siquam
1292 535 1633 611 habeantrationa·

131 654 241 727 bilem
271 677 388 750 quare
418 655 603 750 premissa
631 654 710 728 freri
737 679 812 729 non
840 655 1014 740 debeant,
1044 656 1284 754 allegandum
1308 658 1358 731 ad
1386 677 1528 732 certum
1557 677 1632 734 ter·

129 780 269 852 minum
298 795 588 875 competentem,
618 778 791 854 videlicet
819 781 866 854 ad
895 781 993 854 diem
1022 798 1060 855 et
1089 783 1219 856 horam
1239 782 1496 881 infrascriptos
1530 787 1634 858 citari

129 905 283 978 fecimus
311 920 351 978 et
378 905 657 989 mandavimus:
688 905 824 1000 quibus
852 906 1150 995 advenientibus,
1182 912 1392 1006 comparuit
1427 911 1464 983 in
1499 911 1633 985 iudicio

127 1029 296 1126 legitime
333 1054 460 1102 coram
495 1029 602 1103 nobis
639 1028 818 1124 providus
860 1029 916 1102 vir
957 1032 1131 1106 dominus
1172 1033 1329 1108 loannes
1370 1035 1561 1110 Lemahen
1596 1037 1632 1110 in

130 1155 303 1228 Romana
341 1153 456 1228 Curia
502 1179 699 1227 causarum
740 1170 780 1227 et
812 1155 1042 1252 prefatorum
1082 1157 1127 1234 R.
1168 1159 1205 1232 P.
1246 1158 1294 1233 D.
1326 1161 1552 1234 Auditorum
1594 1181 1634 1235 et

127 1302 259 1353 eorum
288 1278 598 1353 Locatenentium
618 1278 854 1366 Procurator,
874 1296 914 1354 et
932 1281 1115 1356 dictorum
1136 1282 1385 1358 Dominorum
1414 1284 1504 1372 lolii,
1530 1285 1634 1360 Gen-

129 1403 213 1490 tilis,
241 1403 429 1477 Francisci
448 1402 645 1479 Fonterria
672 1420 712 1477 et
731 1404 890 1502 Georgii
908 1405 956 1480 de
977 1408 1118 1481 Rubeis
1138 1433 1206 1505 per
1225 1433 1415 1484 cursorem
1435 1411 1632 1485 citatorum

127 1547 166 1602 et
180 1543 445 1602 contentorum
464 1529 499 1602 in
519 1530 683 1625 quadam
703 1530 893 1604 audientie
913 1533 1228 1606 contradictarum
1249 1536 1468 1632 pergameni
1487 1536 1629 1620 cedula,

128 1678 203 1726 non
232 1655 529 1749 comparentium
545 1655 816 1728 contumaciam
836 1655 1036 1742 accusavit,
1058 1655 1240 1754 ipsosque
1258 1675 1501 1734 contumaces
1521 1685 1632 1757 repu-

130 1779 211 1865 tari,
228 1794 268 1851 et
285 1779 321 1852 in
340 1803 471 1852 eorum
491 1779 763 1853 contumaciam
782 1781 1039 1876 supradictum
1060 1797 1202 1856 motum
1223 1785 1416 1880 proprium
1436 1786 1506 1859 sub
1526 1785 1632 1858 infra·

128 1905 270 1998 scripto
299 1919 432 1977 tenore
459 1903 628 1977 exhibuit
656 1921 694 1976 et
723 1904 910 2002 produxit,
942 1931 1055 2004 quem
1093 1930 1162 2002 per
1190 1932 1260 1981 nos
1289 1910 1481 1996 transumi,
1504 1935 1632 1982 exem-

129 2029 235 2124 plari,
267 2028 445 2124 publicari
477 2045 517 2102 et
552 2027 590 2102 in
623 2029 807 2124 publicam
837 2032 1062 2126 transumpti
1103 2032 1260 2106 formam
1303 2032 1422 2131 redigi
1463 2035 1631 2108 mandari

128 2156 470 2249 auctoritatemque
498 2169 538 2228 et
565 2154 757 2228 decretum
785 2179 900 2252 super
927 2156 1124 2254 interponi,
1160 2157 1288 2232 debita
1328 2185 1411 2232 curn
1444 2160 1630 2242 instantia,

130 2277 352 2376 postulavit:
385 2280 466 2353 Nos
485 2279 612 2375 itaque
631 2280 790 2354 loannes
811 2281 982 2377 Baptista
1002 2281 1152 2370 Cicada,
1174 2283 1291 2358 ludex
1310 2284 1489 2382 prefatus,
1511 2285 1633 2359 dictos

130 2405 266 2478 citatos
294 2429 367 2478 non
398 2421 660 2500 comparentes
689 2421 917 2502 reputamus
941 2409 1124 2481 suadente
1151 2409 1301 2494 iustitia,
1324 2426 1565 2484 contumaces
1593 2426 1632 2484 et

129 2532 325 2604 incorum
356 2529 627 2603 contumaciam
663 2533 904 2605 attendentes
946 2533 1228 2628 requisitionem
1269 2535 1482 2608 huiusmodi
1524 2535 1631 2610 nobis

129 2657 266 2728 factam
296 2679 382 2728 esse
410 2653 545 2728 iustam
574 2671 613 2728 et
641 2655 774 2729 rationi
812 2681 1028 2741 consonam,
1069 2660 1327 2755 supradictum
1364 2660 1512 2732 Motum
1550 2685 1631 2758 pro-

129 2779 251 2877 prium
270 2780 320 2854 ad
339 2804 471 2852 manus
491 2793 640 2853 nostras
660 2781 879 2876 recepimus,
896 2782 1066 2868 vidimus,
1087 2783 1259 2880 legimus,
1280 2785 1480 2872 tenuimus,
1501 2787 1633 2882 palpa-

129 2905 252 2980 vimus
272 2921 311 2978 et
329 2904 529 3002 diligenter
547 2905 787 3002 inspeximus,
805 2930 1014 3003 sanumque
1029 2923 1069 2981 et
1081 2909 1270 3006 integrum
1290 2933 1333 2982 ac
1352 2912 1452 2983 omni
1473 2935 1630 3005 prorsus

130 3030 221 3103 vitio
258 3044 297 3102 et
334 3029 545 3124 suspicione
586 3055 713 3103 carere
742 3030 961 3126 reperimus,
995 3031 1197 3128 ipsumque
1225 3033 1274 3106 ad
1302 3033 1514 3106 ulteriorem
1544 3033 1631 3107 dicti

131 3155 285 3228 Domini
312 3155 459 3228 loannis
488 3155 679 3229 Lemahen
699 3156 951 3250 procuratoris
970 3156 1183 3230 instantiam
1203 3182 1274 3253 per
1291 3159 1494 3232 discretum
1513 3159 1632 3232 virum

131 3279 335 3352 Dominum
365 3277 592 3352 desiderium
621 3281 721 3352 bona
749 3303 868 3352 avena
896 3281 993 3353 dicte
1024 3281 1136 3354 Curie
1156 3305 1352 3354 causarum
1373 3308 1519 3356 camere
1538 3307 1629 3380 apo·

130 3402 263 3478 stolice
292 3404 480 3499 publicum
500 3404 716 3502 (notarium)
738 3407 918 3480 transumi
945 3405 1149 3502 exemplari
1177 3406 1356 3503 publicari
1384 3425 1423 3481 et
1451 3409 1485 3480 in
1514 3409 1632 3505 publi·

128 3553 211 3601 cam
240 3529 465 3624 transumpti
493 3528 651 3602 formam
685 3529 955 3617 mandavimus,
992 3547 1236 3628 nostramque
1269 3548 1309 3605 et
1341 3533 1438 3606 dicte
1472 3533 1633 3607 Camere

127 3652 390 3727 auctoritatem
409 3669 448 3726 et
467 3653 659 3726 decretum
679 3654 972 3751 interposuimus
986 3671 1025 3728 et
1044 3656 1315 3752 interponimus
1333 3684 1402 3754 per
1419 3674 1631 3755 presentes:

128 3778 257 3851 Tenor
284 3801 375 3850 vero
403 3794 528 3852 motus
557 3777 706 3874 proprii,
737 3779 890 3874 dequo
919 3781 1093 3875 superius
1121 3781 1163 3854 frt
1191 3783 1341 3866 mentio,
1371 3798 1432 3858 est
1459 3783 1563 3858 talis:

219 3901 393 3975 ‹Paurus
423 3904 487 3998 Pp.
518 3903 584 3978 lll:
616 3903 725 3978 Motu
754 3905 906 4002 proprio
934 3923 1047 3979 etex
1075 3923 1178 3981 certa
1206 3925 1335 3982 nostra
1355 3909 1518 3996 scientia,
1541 3909 1635 3984 dile-

135 4026 243 4100 ‹ctis
272 4025 353 4100 filiis
382 4027 691 4116 rescribendario,
721 4032 982 4127 computatori,
1004 4031 1274 4119 defensoribus,
1306 4035 1508 4130 deputatis,
1534 4035 1634 4108 aliis-

137 4177 251 4246 ‹que
287 4153 543 4249 scriptoribus,
584 4154 923 4230 Abbreviatoribus
951 4157 1063 4230 etiam
1102 4158 1150 4230 de
1183 4159 1314 4233 maiori
1352 4159 1633 4233 Presidentibus

137 4276 407 4363 ‹Secretariis,
440 4278 740 4352 sollicitatoribus
769 4297 807 4354 et
833 4282 915 4354 aliis
949 4281 1183 4357 Officialibus
1216 4284 1424 4358 litterarum
1459 4282 1634 4382 apostoli·

136 4431 155 4472 c
175 4427 302 4476 carum
330 4403 519 4476 etiamad
546 4427 678 4478 eorum
707 4405 985 4501 expeditionem
1006 4419 1076 4503 pro
1096 4424 1268 4504 tempore
1287 4409 1487 4506 deputatis,
1504 4409 1541 4483 in
1559 4410 1633 4483 vir-

43 4609 48 4622 ·
138 4556 155 4596 ‹
175 4542 256 4600 tute
285 4553 314 4603 s.
346 4527 557 4602 obedientie
586 4544 625 4601 et
645 4531 717 4602 sub
737 4530 995 4626 suspensionis
1015 4531 1219 4606 officiorum
1241 4550 1281 4606 et
1299 4534 1516 4629 privationis
1534 4559 1636 4608 emo-

137 4650 428 4726 clumentorum
458 4652 663 4726 officiorum
691 4655 897 4728 eorundem
924 4655 974 4730 ad
1012 4675 1181 4732 nostrum
1210 4659 1483 4754 beneplacitum
1513 4659 1630 4756 penis,

137 4802 273 4872 <quas
302 4794 433 4852 contra
461 4777 641 4853 facientes
670 4797 888 4854 recusantes
917 4780 976 4854 vel
1003 4781 1222 4857 differentes
1250 4785 1396 4879 absque
1423 4782 1496 4856 alia
1515 4783 1636 4858 decla·

138 4931 155 4972 ‹
177 4904 320 4978 ratione
347 4903 536 4978 incurrere
551 4905 724 4978 volumus
747 4930 794 4979 eo
814 4907 907 5002 ipsc,
930 4907 1132 4982 districtius
1151 4907 1391 5005 precipiendo
1409 4910 1633 4983 mandamus

139 5043 365 5122 «quatenus
395 5027 532 5115 statim,
562 5028 644 5102 viso
673 5044 804 5103 nostro
832 5031 1000 5125 presenti
1028 5031 1217 5113 mandato.
1239 5055 1372 5106 omnes
1399 5047 1440 5105 et
1467 5034 1633 5132 singulas

140 5149 320 5224 <litteras
348 5150 575 5247 apostolicas
602 5153 934 5248 expectativarum,
964 5157 1224 5240 mutationum,
1257 5156 1566 5230 revalidationum
1595 5173 1634 5231 et

141 5275 288 5350 «tertie
315 5275 522 5350 collationis
550 5277 824 5366 extensionum,
854 5279 1189 5375 dispensationum,
1212 5281 1507 5368 concessionum,
1528 5283 1632 5357 dero·

140 5399 371 5498 ‹gationum
399 5416 439 5474 et
467 5425 788 5498 quarumcumque
816 5403 969 5476 aliarum
998 5403 1255 5500 provisionum
1294 5431 1360 5480 seu
1399 5406 1633 5481 commenda·
