3708 5918
262 309 316 370 12⁶
899 308 1035 368 soeculo
1054 307 1122 368 XV

262 528 500 602 quacumque
537 503 738 578 verborum
766 501 885 575 forma
912 500 1102 576 concessis
1130 500 1188 574 vel
1217 501 1468 576 concedendis
1495 502 1760 578 antelationum

263 628 514 729 prerogativis
533 645 573 704 et
591 628 640 701 de
659 628 796 723 quibus
824 651 953 700 eorum
982 625 1073 699 totis
1101 625 1295 701 tenoribus
1314 627 1488 724 specialis
1516 642 1555 702 et
1582 651 1761 725 expressa

265 755 404 830 mentio
441 733 613 827 habenda
650 750 758 838 soret,
796 748 1010 824 huiusmodi
1047 748 1224 824 beneficia
1261 752 1561 847 expectantibus,
1592 754 1704 827 etiam
1734 756 1763 828 si

263 880 429 976 ipsarum
466 875 758 973 apostolicarum
785 876 916 973 vigore
945 873 1151 948 litterarum
1181 874 1216 948 in
1235 875 1402 950 ecclesiis
1429 876 1465 950 in
1484 878 1620 974 quibus
1639 877 1765 952 huius-

263 1003 364 1078 modi
380 1001 572 1096 prebende
590 1001 722 1084 lorent‚
745 999 782 1073 in
801 1000 1001 1074 canonicos
1021 1000 1161 1094 recepti
1180 1016 1319 1084 essent,
1341 1001 1493 1076 omnino
1511 1000 1764 1097 preferentur;

265 1153 344 1215 nos,
365 1143 468 1202 motu
489 1125 608 1213 simili,
627 1126 859 1200 voluntatem
873 1140 913 1199 et
926 1123 1044 1220 ipsius
1060 1123 1266 1198 Alexandri
1280 1125 1562 1200 concessionem
1576 1128 1765 1223 predictas

264 1253 398 1328 eadem
438 1251 662 1326 auctoritate
690 1249 954 1324 confirmamus
981 1265 1021 1323 et
1048 1251 1320 1345 approbamus;
1350 1249 1531 1348 quodque
1559 1252 1767 1328 Auditores

263 1374 396 1475 prelati
425 1377 615 1473 quamdiu,
654 1389 697 1448 ut
728 1375 966 1471 premittitur,
1004 1374 1040 1447 in
1069 1373 1151 1470 ipsa
1179 1373 1294 1448 Curia
1330 1392 1529 1470 presentes
1556 1375 1690 1463 forent,
1731 1379 1766 1451 in

263 1501 517 1598 quorumlibet
551 1497 887 1574 ecclesiastieorum
937 1497 1173 1573 assecutione
1209 1496 1473 1574 beneficiorum
1516 1501 1688 1575 omnibus
1730 1519 1770 1576 et

266 1624 525 1723 singulisque
564 1623 701 1697 nostris
729 1621 906 1718 predictis
935 1621 1178 1718 ipsorumque
1215 1622 1432 1717 pontificum
1459 1649 1503 1697 ac
1532 1623 1635 1698 sedis
1669 1624 1770 1698 veris

265 1746 505 1822 familiaribus
523 1745 738 1821 domesticis
757 1763 796 1818 et
823 1745 1007 1820 continuis
1036 1745 1350 1820 commensalibus
1377 1773 1425 1820 ex
1443 1763 1600 1834 statuto,
1619 1748 1772 1823 ordina-

267 1874 368 1947 tione
396 1887 436 1946 et
463 1875 616 1946 decreto
644 1872 723 1945 sive
750 1869 1017 1945 constitutione
1044 1871 1250 1966 premissis,
1272 1894 1339 1944 nec
1368 1894 1442 1946 non
1470 1872 1772 1970 quibuscumque

265 1994 346 2070 aliis
375 1996 513 2071 nostris
548 2011 588 2069 et
624 1996 843 2070 eorumdem
881 1994 1098 2090 pontificum
1133 1973 1427 2091 apostolicisque
1463 1996 1771 2072 concessionibus

265 2121 551 2219 quomodolibet
578 2136 795 2218 competere
823 2136 861 2195 et
889 2118 1086 2218 suflragari
1120 2134 1307 2216 poterant,
1337 2119 1607 2196 antelationum
1639 2147 1771 2218 prero-

267 2246 403 2345 gativis
432 2246 486 2319 uti
513 2262 552 2320 et
580 2247 747 2343 gaudere
767 2245 924 2342 possint,
945 2245 1169 2318 auctoritate
1188 2243 1332 2340 prelata
1351 2246 1637 2332 declaravimus,
1657 2266 1773 2343 prout

266 2372 303 2444 in
331 2373 470 2446 nostris
497 2389 537 2444 et
564 2370 734 2444 eiusdem
754 2369 1033 2467 predecessoris
1053 2369 1138 2443 inde
1156 2394 1201 2443 ac
1218 2370 1445 2465 quibusdam
1464 2371 1563 2444 bone
1591 2373 1772 2447 memorie

269 2493 504 2570 Baldassaris
532 2494 710 2590 Episcopi
743 2493 945 2568 Tusculani
981 2494 1047 2589 qui
1083 2495 1119 2567 in
1151 2495 1321 2589 predicta
1348 2495 1560 2569 obedientia
1588 2497 1773 2571 successit

267 2635 307 2693 et
329 2593 514 2695 lohannes
534 2619 662 2694 XXlll
677 2621 938 2694 nominabatur
956 2641 1072 2714 super
1090 2619 1260 2713 predicta
1278 2617 1471 2693 voluntate
1489 2619 1666 2717 eteipsius
1685 2619 1772 2695 Ale·

267 2745 399 2818 xandri
421 2744 665 2819 concessione
693 2743 906 2818 huiusmodi
933 2741 1111 2818 conlectis
1135 2742 1269 2818 litteris
1289 2744 1388 2842 (curn
1412 2743 1533 2818 dictus
1555 2743 1772 2818 Alexander

268 2884 473 2965 antequam
498 2869 580 2944 eius
612 2869 778 2964 desuper
804 2867 928 2942 littere
960 2867 1233 2943 conficerentur
1259 2869 1309 2943 ab
1336 2868 1405 2942 hac
1432 2869 1514 2942 luce
1542 2869 1770 2968 migrasset),

271 2992 416 3090 plenius
448 2995 671 3069 continetur.

351 3116 447 3191 Cum
467 3133 606 3204 autem,
629 3117 737 3192 sicuti
756 3118 864 3192 nobis
882 3117 1053 3204 innotuit,
1076 3117 1267 3214 plerisque
1285 3116 1451 3215 collegiis
1476 3133 1517 3192 et
1536 3118 1773 3194 Universita·

270 3242 381 3328 tibus,
402 3241 626 3338 illorumque
645 3265 713 3316 nec
741 3265 815 3316 non
843 3241 925 3316 aliis
953 3242 1138 3339 personis,
1169 3265 1284 3338 super
1309 3242 1560 3339 assequendis
1583 3244 1772 3318 beneficiis

269 3366 531 3444 ecclesiasticis
550 3366 820 3441 antelationum
833 3367 1096 3464 prerogativas
1110 3383 1149 3440 et
1163 3365 1306 3440 indulta
1320 3367 1478 3453 diversa,
1496 3369 1676 3464 quodque
1690 3394 1773 3465 per·

269 3515 362 3566 sone
380 3491 508 3588 plures
526 3491 654 3587 quoad
672 3491 932 3566 assecutiones
947 3491 1113 3587 prelatas
1131 3514 1215 3565 cum
1230 3491 1424 3586 quibusvis
1443 3491 1525 3565 aliis
1539 3492 1588 3566 ad
1602 3493 1660 3566 ius
1674 3517 1773 3568 com-

270 3641 381 3691 mune
409 3615 645 3700 reducantur,
666 3616 715 3690 ab
732 3615 920 3711 aliquibus
949 3640 1018 3690 nos
1037 3617 1272 3690 concessisse
1289 3615 1468 3702 firmetur,
1490 3639 1571 3703 nos,
1592 3643 1638 3691 ne
1657 3643 1774 3715 prop-

270 3757 374 3816 terea
393 3740 514 3814 dictos
534 3739 740 3816 Auditores
759 3738 885 3814 litibus
904 3741 1023 3831 obrui,
1043 3739 1103 3814 vel
1126 3740 1326 3837 quominus
1355 3740 1542 3816 cotidiano
1570 3740 1628 3815 cui
1656 3741 1773 3816 dediti

271 3881 358 3939 sunt
385 3863 564 3938 exercitio
592 3864 770 3938 iustitiam
808 3863 1040 3938 ministrandi
1077 3889 1146 3938 nec
1174 3889 1248 3939 non
1276 3865 1405 3940 officiis
1433 3866 1609 3940 audiendi
1637 3890 1773 3940 causas

271 3989 484 4064 huiusmodi
503 3989 653 4064 liberius
673 3990 867 4064 intendere
887 3988 1035 4086 possint
1053 3988 1339 4086 quomodolibet
1356 3989 1526 4085 impediri
1545 4005 1611 4064 aut
1636 3991 1774 4065 retrahi

271 4115 477 4212 contingat,
498 4113 568 4188 sed
595 4128 637 4188 ut
664 4114 931 4188 condecentius
959 4114 996 4187 in
1023 4113 1286 4188 ecclesiasticis
1316 4114 1510 4209 stipendiis
1538 4112 1630 4210 ipsis
1659 4114 1775 4209 pluri-

272 4263 417 4312 morum
445 4264 543 4334 quos
571 4238 699 4312 dietim
729 4238 922 4336 perferunt
940 4238 1118 4314 laborum
1147 4253 1186 4312 et
1204 4263 1360 4312 onerum
1380 4239 1522 4311 fructus
1542 4263 1774 4334 consequan-

273 4381 343 4449 tur,
373 4377 478 4435 motu
507 4363 626 4448 simili,
657 4386 731 4436 non
758 4363 808 4436 ad
834 4362 989 4437 alicuius
1027 4363 1135 4438 nobis
1172 4387 1289 4459 super
1325 4363 1396 4437 hoc
1423 4363 1552 4438 oblate
1584 4363 1774 4459 petitionis

273 4488 498 4574 instantiam,
528 4488 597 4561 sed
625 4488 672 4561 de
702 4503 831 4562 nostra
858 4512 960 4562 mera
989 4485 1212 4563 liberalitate
1230 4487 1493 4586 (declaramus)
1513 4504 1641 4562 nostre
1660 4489 1776 4562 inten-

273 4612 384 4686 tionis
402 4613 517 4686 suisse
536 4629 576 4687 et
602 4637 689 4687 esse
716 4637 784 4709 per
811 4615 1017 4709 premissas
1035 4613 1093 4688 vel
1112 4613 1205 4688 alias
1232 4615 1491 4709 quascumque
1519 4629 1669 4687 nostras
1687 4637 1777 4686 con-

272 4739 464 4812 cessiones
493 4738 671 4837 collegiis,
701 4737 1006 4812 universitatibus
1038 4753 1078 4812 et
1110 4737 1377 4834 cuiuscumque
1404 4737 1609 4835 dignitatis,
1640 4753 1774 4821 status

273 4863 415 4960 gradus
452 4863 511 4937 vel
549 4861 817 4959 preeminentie
845 4861 981 4936 suerint
1017 4863 1190 4958 personis
1227 4861 1404 4958 predictis
1442 4864 1476 4935 in
1505 4886 1647 4960 genere
1675 4877 1714 4936 et
1742 4863 1777 4934 in

275 4987 400 5083 specie
437 4990 508 5062 sub
536 4989 835 5086 quibuscumque
863 4989 1063 5062 verborum
1093 4986 1221 5061 formis
1255 4988 1435 5062 hactenus
1470 4987 1626 5062 forsitan
1659 4986 1777 5060 lactas

275 5111 334 5186 vel
362 5114 397 5186 in
425 5129 538 5187 antea
564 5111 764 5198 faciendas,
795 5113 1027 5186 concessioni
1055 5112 1144 5186 dicti
1171 5110 1388 5200 Alexandri,
1418 5137 1487 5186 nec
1516 5135 1591 5186 non
1614 5111 1777 5186 declara·

276 5238 438 5312 tionibus
466 5238 629 5334 prelatis,
660 5253 726 5312 aut
753 5261 882 5310 earum
909 5236 1027 5321 alicui,
1062 5237 1098 5310 in
1126 5237 1370 5334 preiudicium
1399 5236 1624 5312 Auditorum
1653 5237 1778 5333 predi-

274 5378 419 5436 ctorum
452 5361 515 5458 qui
542 5361 579 5435 in
607 5361 690 5458 ipsa
719 5361 833 5436 Curia
861 5377 1058 5459 presentes
1085 5359 1222 5436 fuerint
1239 5361 1298 5435 vel
1317 5362 1471 5436 alicuius
1490 5362 1709 5436 eorumdem
1729 5361 1776 5432 de
