3720 5914
244 317 295 377 174
883 318 1020 379 Saeculo
1038 319 1070 378 X
1078 319 1107 379 V

242 509 383 595 stolica,
409 511 672 588 confirmamus
700 527 740 588 et
767 514 1021 611 approbamus
1049 529 1089 588 et
1115 513 1225 612 plene
1253 513 1437 590 firmitatis
1465 515 1600 590 robore
1619 517 1742 590 subsi-

240 652 342 710 stere
369 637 616 712 decernimus.
642 638 728 713 Non
756 639 994 714 obstantibus
1022 637 1351 714 constitutionibus
1378 655 1418 713 et
1443 639 1742 715 ordinationibus

239 760 466 857 apostolicis,
489 786 634 837 necnon
661 763 834 838 omnibus
861 761 1024 859 illisque
1052 765 1345 860 predecessores
1372 765 1501 852 nostri,
1523 765 1742 840 Alexander

240 899 279 958 et
304 885 489 960 lohannes
516 886 663 984 prelati,
682 887 719 960 in
747 887 902 984 prelatis
930 885 1064 962 litteris
1092 911 1166 962 non
1185 888 1339 964 obstare
1358 887 1567 974 voluerunt,
1588 889 1742 964 ceteris-

240 1033 315 1105 que
343 1013 537 1084 contrariis
565 1011 876 1109 quibuscumque.

319 1135 461 1208 Verum
488 1137 577 1232 quia
604 1135 751 1211 difficile
777 1136 875 1211 foret
902 1153 1101 1234 presentes
1128 1135 1275 1212 litteras
1299 1138 1349 1212 ad
1368 1137 1526 1236 singula,
1547 1139 1584 1212 in
1603 1139 1742 1234 quibus

240 1259 288 1333 de
320 1261 374 1334 eis
411 1259 504 1334 fides
537 1260 663 1335 io'rsan
698 1259 866 1336 iacienda
893 1259 1001 1348 soret,
1035 1260 1116 1337 loca
1154 1260 1311 1350 deferre,
1342 1264 1476 1337 eadem
1513 1262 1740 1338 auctoritate

240 1384 474 1458 decernimus
502 1384 606 1482 quod
624 1387 789 1482 ipsarum
809 1402 1058 1482 transumpto,
1081 1411 1192 1460 manu
1212 1385 1359 1483 publica
1378 1388 1450 1461 sub
1468 1367 1591 1485 sigillb
1613 1409 1742 1461 eame-

238 1507 323 1582 rarii
351 1506 469 1584 nostri
496 1534 566 1607 pro
594 1525 767 1609 tempore
795 1510 1002 1597 existentis,
1032 1511 1187 1596 munito,
1218 1528 1412 1607 tamquam
1440 1513 1678 1608 presentibus
1707 1513 1743 1586 si

237 1633 502 1708 exhiberentur
527 1634 661 1710 litteris
690 1633 801 1731 plena
828 1633 924 1710 fides
954 1635 1179 1710 adhibeatur
1209 1651 1250 1713 et
1285 1636 1445 1732 perinde
1480 1653 1601 1711 stetur
1626 1661 1672 1710 ac
1707 1637 1742 1710 si

237 1759 369 1832 eedem
397 1775 595 1857 presentes
623 1760 746 1837 lorent
773 1759 936 1835 exhibite
964 1777 1004 1836 et
1031 1777 1195 1836 ostense.
1225 1803 1252 1816 -
1280 1760 1382 1836 Nulli
1408 1783 1514 1859 ergo,
1543 1777 1614 1838 etc.

321 1883 461 1958 Datum
490 1886 622 1973 Rome,
652 1886 755 1982 apud
783 1884 820 1960 S.
843 1885 1006 1972 Petrum,
1030 1885 1149 1981 pridie
1177 1909 1297 1960 nonas
1326 1886 1488 1973 ianuarii,
1510 1909 1610 1962 auno
1628 1887 1654 1962 1.

943 2238 1030 2319 106.

241 2415 558 2492 comnundatitme
584 2416 728 2491 litterae
755 2417 966 2514 Manfredi‚
987 2417 1158 2515 Corz'gias
1190 2418 1349 2507 comato,
1368 2421 1408 2494 in
1435 2417 1597 2514 qmdam
1622 2443 1739 2491 causa

320 2541 554 2629 parochialis,
584 2543 780 2616 vernaculo
805 2568 969 2616 sermone
995 2545 1219 2641 compon'tae.

317 2697 432 2770 (Auen.
450 2697 538 2771 Ror,
561 2697 778 2770 ‹Prt'uilcgia
791 2722 817 2772 »,
836 2703 913 2758 tom.
932 2699 960 2771 I,
976 2705 1063 2774 part.
1082 2698 1146 2774 III,
1164 2718 1196 2760 n.
1215 2703 1255 2773 9).

1256 2857 1334 2931 1468,
1353 2855 1508 2916 februarii
1526 2858 1555 2926 4,
1574 2855 1737 2934 Corigiae.

321 3037 452 3133 (verso)
468 3034 809 3110 Reverendissimis
837 3036 874 3108 in
903 3033 1056 3108 Christo
1083 3033 1253 3132 patribus
1281 3049 1320 3108 et
1348 3035 1522 3110 Dominis

528 3159 878 3234 Honorandissimis
909 3159 1082 3234 Dominis
1109 3159 1358 3235 Auditoribus
1387 3159 1435 3234 de

665 3283 766 3359 Rota
795 3283 907 3358 Curie
935 3283 1156 3380 Apostolice
1185 3284 1307 3358 Sedis.

318 3481 451 3586 (intus)
479 3480 798 3556 Reverendissimi
825 3480 861 3554 in
891 3477 1045 3555 Christo
1073 3497 1201 3578 patres
1238 3495 1278 3556 et
1313 3481 1452 3556 domini
1488 3484 1737 3562 honorandis-

238 3607 333 3684 simi.
363 3651 390 3664 -
418 3607 464 3682 El
492 3606 652 3681 vertisse
680 3605 715 3678 in
745 3604 862 3680 Corte
894 3604 1056 3680 denante
1093 3605 1151 3680 ale
1188 3605 1235 3681 V.
1274 3605 1314 3682 S.
1352 3631 1427 3680 una
1462 3633 1579 3686 causa
1614 3610 1663 3685 de
1698 3611 1737 3686 la

238 3731 349 3830 plebe
376 3733 425 3808 de
453 3732 594 3806 Sancta
621 3729 742 3804 Maria
778 3729 826 3803 de
854 3728 1024 3816 Fabrico,
1055 3744 1186 3804 nostro
1223 3729 1318 3818 loco,
1348 3746 1407 3806 tra
1441 3732 1616 3808 dominos
1640 3735 1738 3810 Bar-

238 3843 391 3933 tolamio
418 3856 467 3932 da
496 3855 647 3942 Boreto,
670 3880 737 3951 per
764 3879 838 3929 una
865 3869 985 3950 parte,
1015 3869 1055 3928 et
1082 3856 1171 3929 dom
1200 3857 1356 3930 Andrea
1375 3858 1423 3931 de
1444 3857 1639 3945 Brunorio‚
1667 3885 1738 3956 per

237 3982 371 4060 l’altra.
403 3983 454 4058 Et
480 4007 572 4080 parc
600 3983 669 4056 che
688 3982 789 4055 dicto
808 3981 896 4056 dom
918 3982 1072 4055 Andrca
1090 4004 1244 4079 oppona
1261 4007 1285 4056 a
1303 4006 1378 4056 uno
1397 4007 1579 4079 processo
1598 4001 1737 4084 rogato

238 4109 275 4182 in
303 4125 439 4205 questa
467 4107 625 4182 lacenda
661 4131 730 4202 per
762 4131 837 4180 uno
873 4106 910 4178 di
938 4107 1056 4180 nostri
1085 4105 1228 4180 Nodari
1255 4108 1304 4181 de
1333 4123 1470 4203 questa
1497 4123 1611 4196 terra,
1641 4109 1736 4184 chia-

239 4248 342 4308 mato
369 4232 535 4307 Antonio
563 4231 823 4306 Schratarino:
853 4231 953 4304 onda
980 4255 1003 4304 a
1031 4229 1087 4302 cib
1116 4229 1184 4304 che
1212 4228 1235 4304 il
1264 4255 1354 4307 vero
1381 4256 1424 4304 se
1450 4231 1602 4306 intenda
1628 4233 1735 4307 etad

238 4358 418 4434 instancia
446 4356 508 4431 del
535 4356 636 4430 dicto
665 4357 754 4430 dom
783 4352 1012 4430 Bartolamio
1042 4356 1077 4429 io
1103 4371 1246 4429 attesto
1274 4380 1343 4451 per
1370 4371 1508 4451 questa
1526 4357 1600 4431 mia
1618 4372 1735 4432 sotto-

238 4485 376 4579 scripta
404 4482 452 4556 de
481 4481 554 4554 mia
582 4479 736 4576 propria
763 4495 925 4554 manoa
961 4476 996 4552 le
1030 4480 1068 4554 S.
1102 4479 1148 4554 V.
1187 4502 1295 4554 come
1333 4481 1368 4554 io
1405 4505 1501 4556 sono
1538 4496 1649 4556 conte
1684 4483 1735 4556 de

239 4607 380 4706 Coriga
408 4622 448 4680 et
476 4605 524 4680 de
555 4604 736 4692 Barsello,
766 4618 894 4680 creato
922 4628 989 4699 per
1016 4603 1052 4676 la
1080 4603 1232 4678 Maesta
1259 4605 1307 4678 de
1334 4603 1371 4680 lo
1398 4605 1629 4702 Imperatore
1649 4630 1735 4703 pre-

238 4749 357 4806 sente.
389 4731 439 4804 Et
467 4732 517 4805 bo
545 4731 594 4804 da
621 4729 657 4804 la
685 4755 754 4804 sua
772 4725 1070 4829 concessione(?)
1091 4729 1126 4802 in
1145 4727 1244 4802 decti
1262 4729 1332 4803 loci
1360 4729 1452 4804 etin
1471 4731 1495 4804 li
1513 4729 1598 4805 altri
1617 4731 1735 4806 nostri

237 4880 344 4931 mero
372 4872 411 4930 et
444 4856 561 4930 mixto
594 4855 751 4950 imperio
779 4867 818 4926 et
845 4853 1063 4928 omnimoda
1084 4853 1352 4951 jurisdictione,
1383 4879 1489 4929 come
1517 4871 1648 4930 consta
1666 4881 1735 4952 per

238 4982 261 5056 il
290 4981 486 5080 privilegio
521 4979 723 5075 imperiale.
763 4978 815 5052 Et
848 4978 897 5051 ho
929 4993 1057 5053 creato
1086 4977 1109 5052 il
1136 4977 1237 5052 dicto
1273 4979 1440 5054 Antonio
1478 4979 1633 5055 Nodaro
1665 5003 1734 5076 per

238 5106 324 5179 tutti
352 5104 376 5178 li
404 5105 496 5179 detti
525 5105 642 5178 nostri
669 5101 760 5177 loci:
790 5117 830 5176 et
855 5101 944 5176 holo
972 5118 1133 5199 possuto
1161 5103 1248 5178 sare.
1279 5103 1401 5178 Como
1429 5103 1548 5179 ancha
1567 5105 1617 5177 ho
1635 5104 1734 5179 lacto

237 5230 273 5304 di
301 5229 407 5303 molti
434 5227 538 5304 altri:
570 5228 692 5302 sicche
720 5253 743 5300 a
770 5226 793 5298 li
822 5227 904 5300 suoi
932 5227 1100 5324 processi
1129 5243 1169 5300 et
1197 5227 1380 5325 scripture
1407 5228 1443 5302 le
1470 5230 1516 5305 V.
1546 5228 1598 5316 S,
1624 5251 1733 5303 como

236 5381 259 5430 a
288 5355 443 5430 Nodaro
470 5353 618 5451 publico
647 5353 694 5428 de
723 5353 758 5428 le
787 5369 886 5426 terre
914 5368 953 5426 et
980 5351 1051 5426 loci
1080 5353 1209 5440 nostri,
1239 5353 1337 5427 hano
1360 5379 1393 5428 'a
1418 5353 1511 5428 darli
1548 5351 1659 5451 plena
1693 5369 1733 5428 et
