3688 5924
227 285 265 346 34
684 255 686 258 ’
853 284 989 344 soeculo
1008 283 1099 344 xm

530 384 1357 394 ——-—.-.-———---.—.—-————--
1557 385 1637 390 -----
1649 385 1719 391 ...-

228 475 353 550 lanum
373 501 493 560 suum,
514 475 685 550 dedisset
704 477 873 572 partibus
891 475 1128 563 Auditorem,
1149 476 1247 550 idem
1268 474 1508 572 Capelianus,
1534 477 1582 550 de
1601 493 1668 550 tuo
1687 492 1728 550 et

226 603 385 676 adverse
413 600 530 698 partis
559 616 844 696 procuratorum
872 625 1032 674 assensu
1060 625 1103 676 ac
1131 599 1249 696 ipsius
1268 600 1549 698 predecessoris
1572 599 1725 698 speciali

229 727 420 812 nrandat0,
439 725 634 813 ordinavit,
666 725 769 822 quod
797 743 838 800 tu
865 724 914 798 de
941 725 1048 800 bonis
1072 725 1191 820 ipsius
1209 724 1426 800 monasterii
1446 724 1572 800 Sancti
1591 725 1728 822 Augu·

229 847 315 924 stini
333 850 474 924 tamdiu
493 850 624 924 decern
643 867 683 924 et
709 866 797 925 octo
824 873 1032 924 marcarum
1051 851 1247 934 bonorum,
1278 875 1461 924 novorum
1482 863 1523 923 et
1548 847 1725 948 legalium

229 973 501 1072 Sterlingorum
519 975 705 1072 percipias
732 999 894 1050 annuam
914 974 1142 1071 pensionem,
1164 999 1278 1072 quam
1297 975 1407 1050 iidem
1434 975 1553 1050 abbas
1579 991 1620 1048 et
1637 997 1728 1048 con-

116 1173 119 1180 .
228 1115 363 1174 ventus
390 1099 455 1174 tibi
483 1097 542 1174 vel
562 1101 794 1196 procuratori
814 1113 890 1186 tuo,
912 1099 1024 1174 certis
1045 1098 1128 1174 loco
1155 1115 1195 1174 et
1214 1098 1383 1182 termino,
1405 1097 1551 1174 solvere
1570 1115 1726 1172 tenean-

230 1239 300 1310 tur,
330 1223 450 1298 donec
487 1224 552 1300 tibi
584 1224 620 1298 in
654 1223 915 1300 Cantuariensi
950 1225 1140 1320 provincia
1176 1225 1223 1298 de
1259 1223 1418 1300 ecclesia
1452 1223 1513 1298 vel
1546 1222 1727 1298 beneficio

230 1349 494 1434 ecclesiastico,
525 1373 600 1425 uno
618 1347 678 1424 vel
706 1349 885 1446 pluribus,
914 1349 1028 1422 annui
1055 1347 1193 1424 valoris
1222 1349 1494 1446 quinquaginta
1513 1349 1727 1422 Marcarum

201 1472 277 1548 'ad
303 1475 436 1560 minus,
467 1475 660 1570 provisum
697 1472 872 1555 extiterit,
907 1489 946 1548 et
983 1473 1019 1548 in
1051 1473 1204 1569 pacifica
1232 1473 1475 1568 possessione
1503 1471 1728 1570 provisionis

228 1599 345 1696 ipsius
362 1599 487 1683 lucris,
508 1616 547 1674 et
574 1600 716 1673 fructus
744 1601 958 1696 perceperis
977 1623 1025 1672 ex
1053 1598 1198 1674 eadern.
1221 1599 1346 1695 Super
1372 1598 1472 1672 dicta
1499 1623 1590 1672 vero
1613 1595 1730 1672 eccle·

230 1725 295 1812 sia,
317 1724 473 1799 eosdem
500 1725 736 1800 abbatemet
762 1741 987 1798 conventum
1007 1748 1075 1821 per
1103 1723 1327 1798 senteutiam
1355 1722 1585 1798 diffinitivam
1612 1747 1637 1796 a
1664 1739 1730 1796 tua

230 1849 402 1946 portione
429 1848 600 1935 absolvit,
630 1866 744 1945 prout
771 1849 808 1922 in
827 1850 1075 1924 instrumento
1102 1847 1251 1946 publico
1270 1848 1440 1924 confecto
1459 1849 1606 1934 exinde,
1628 1846 1731 1944 sigil-

230 1974 309 2050 lato
337 1974 460 2072 sigillo
488 1975 604 2072 ipsius
634 1973 839 2070 Capellani,
869 1973 1014 2071 plenius
1038 1973 1258 2048 continetur.

312 2100 393 2175 Nos
431 2100 570 2195 itaque,
607 2100 681 2174 tuis
717 2098 1052 2198 supplicationibus
1085 2099 1258 2184 inclinati,
1288 2100 1390 2196 quod
1430 2122 1546 2196 super
1581 2098 1652 2172 hoc
1678 2099 1728 2172 ab

230 2223 366 2300 eodem
386 2222 593 2320 Capellano
620 2224 757 2298 lactum
785 2239 857 2312 est,
876 2224 925 2297 ad
953 2223 1069 2298 instar
1096 2223 1375 2320 predecessoris
1397 2221 1577 2310 eiusdem,
1608 2237 1730 2294 ratum

232 2365 271 2423 et
297 2363 447 2448 gratum
467 2347 661 2431 habentes,
682 2371 726 2421 ac
753 2348 801 2422 ad
817 2346 913 2420 illius
941 2347 1135 2445 exemplar
1163 2347 1395 2445 supplentes,
1425 2345 1473 2420 de
1501 2345 1730 2444 plenitudine

231 2472 444 2570 potestatis,
475 2471 661 2546 delectum
682 2471 745 2567 qui
765 2471 832 2545 suit
861 2472 896 2544 in
916 2471 997 2556 hoc,
1019 2496 1132 2547 exeo
1160 2471 1264 2566 quod
1294 2470 1380 2546 dicti
1398 2483 1663 2568 procuratores
1681 2468 1730 2544 ad

232 2598 532 2694 componendum
552 2595 611 2669 vel
631 2598 851 2692 pensionem
870 2594 1032 2668 dandam
1063 2621 1129 2670 seu
1151 2595 1430 2673 concedendam
1449 2619 1522 2670 non
1542 2595 1731 2669 habebant

232 2719 408 2822 speciale·
423 2721 652 2804 mandatum,
674 2721 710 2794 id
729 2719 953 2794 auctoritate
971 2719 1177 2818 apostolica
1196 2719 1459 2793 confirmamus
1477 2733 1517 2792 et
1544 2719 1730 2816 presentis

232 2845 360 2944 scripti
386 2847 593 2942 patrocinio
621 2847 904 2920 communimus.
928 2845 1104 2920 Preterea
1131 2871 1215 2919 cum
1243 2843 1367 2920 dilecti
1398 2843 1500 2920 filii..
1522 2845 1664 2929 Abbas,
1693 2859 1731 2916 et

234 2973 452 3047 Conventus
480 2971 613 3069 prelati
642 2970 857 3046 monasterii
884 2969 1194 3066 compositionem
1222 2986 1262 3044 et
1295 2970 1567 3044 ordinationem
1604 2969 1731 3043 huius-

233 3094 333 3170 modi
360 3094 604 3192 postmodum
630 3096 871 3190 acceperint,
903 3095 998 3169 sicut
1025 3119 1072 3168 ex
1099 3095 1315 3192 patentibus
1342 3119 1473 3169 eorum
1500 3093 1632 3168 litteris
1661 3093 1731 3168 col·

232 3218 393 3317 legimus
420 3219 623 3305 evidenter,
646 3219 729 3292 Nos
748 3219 1005 3293 nichilominus
1024 3218 1323 3316 acceptationem
1351 3219 1517 3315 ipsorum
1537 3217 1731 3315 apostolici

232 3333 369 3417 favoris
388 3343 589 3418 munimine
618 3344 852 3418 roboramus.
874 3343 1045 3418 Tenores
1072 3343 1279 3418 litterarum
1298 3357 1375 3418 tam
1394 3343 1529 3440 prefati
1550 3343 1730 3442 magistri,

234 3467 321 3542 dicti
340 3468 620 3564 predecessoris
648 3467 820 3564 vestigiis
847 3467 1063 3556 inherendo,
1084 3493 1198 3566 quam
1227 3469 1481 3566 predictorum
1508 3467 1670 3542 Abbatis
1694 3485 1732 3542 et

235 3593 465 3680 Conventus,
496 3593 544 3666 de
571 3594 688 3669 verbo
716 3595 764 3666 ad
784 3594 939 3668 verbum
966 3593 1206 3688 presentibus
1224 3594 1335 3668 inseri
1362 3593 1551 3679 iacientes,
1572 3618 1732 3690 quorum

234 3717 377 3814 primus
405 3718 489 3790 talis
517 3733 596 3792 est:

1349 3893 1427 3966 1253,
1446 3895 1523 3956 maii
1544 3893 1585 3966 13,
1603 3893 1731 3954 Assisii.

322 4094 399 4166 ‹ln
428 4092 577 4166 nomine
598 4091 749 4166 Domini
768 4093 886 4166 nostri
914 4092 1023 4166 ihesu
1051 4092 1201 4179 Christi,
1232 4117 1330 4168 anno
1358 4094 1624 4169 lucarnationis
1651 4095 1732 4168 eius

235 4223 438 4303 n⁰cc⁰u111⁰,
475 4240 602 4290 mense
632 4215 732 4300 Maii,
769 4239 809 4288 xt
838 4216 1052 4292 indictione.
1088 4219 1188 4290 Inter
1221 4218 1411 4291 dominum
1445 4218 1646 4292 iohannem
1684 4219 1732 4293 de

236 4345 459 4439 Camecano‚
489 4340 629 4415 domini
656 4365 755 4437 pape
784 4356 961 4438 nepotem
989 4358 1029 4416 et
1056 4342 1288 4439 capellanum
1316 4368 1360 4418 ac
1388 4343 1557 4417 eiusdem
1589 4359 1733 4418 contra-

233 4470 416 4544 dictarum
444 4466 665 4553 auditorem,
694 4491 741 4540 ex
770 4489 843 4540 una
870 4482 986 4562 parte,
1008 4483 1098 4543 et...
1119 4469 1305 4555 abbatem,
1327 4482 1367 4541 et
1386 4467 1623 4542 Conventum
1643 4467 1733 4542 San·

232 4594 281 4669 cti
309 4591 513 4690 Augustini
543 4589 837 4678 Cantuariensis,
866 4591 1007 4665 ordinis
1044 4593 1161 4666 sancti
1199 4591 1400 4678 Benedicti,
1437 4591 1484 4666 ad
1524 4593 1733 4666 Romanam

236 4717 443 4792 Ecclesiam
464 4715 566 4790 nullo
594 4715 718 4790 medio
746 4716 976 4810 pertinentis,
999 4741 1046 4788 ex
1072 4717 1201 4800 altera,
1232 4742 1346 4813 super
1374 4716 1529 4791 ecclesia
1556 4717 1604 4790 de
1636 4716 1736 4790 Len-
1766 4747 1769 4754 ·

234 4841 333 4926 ham,
354 4833 636 4916 Cantuariensis
661 4840 831 4926 diocesis,
853 4841 1009 4914 materia
1027 4841 1236 4935 questionis
1255 4843 1421 4925 suborta,
1443 4842 1615 4915 dominus
1634 4866 1735 4938 papa

236 4967 354 5054 nobis,
383 4967 566 5064 magistro
593 4965 746 5038 Iohanni
764 4965 812 5038 de
830 4963 970 5040 Sancto
989 4963 1190 5050 Germano,
1212 4965 1451 5042 Subdiacono
1468 4983 1507 5040 et
1527 4964 1734 5062 Capeliano
1838 4947 1839 4996 l

236 5117 317 5178 suo,
351 5115 503 5164 causam
532 5090 649 5186 ipsam
679 5089 903 5164 audiendam
931 5091 1292 5188 examinandamque
1324 5091 1518 5166 commisit.
1550 5091 1736 5188 Magister

235 5241 327 5289 vero
359 5212 575 5288 Bernardus
612 5212 660 5286 de
689 5212 790 5298 Pinu,
820 5230 1042 5310 procurator
1068 5214 1250 5290 auditoris
1285 5215 1451 5311 predicti,
1491 5215 1675 5290 instanter
1711 5241 1735 5288 a
1837 5239 1838 5288 l

236 5341 343 5416 nobis
370 5337 477 5436 petiit
505 5337 541 5412 in
570 5338 724 5436 negotio
750 5355 961 5414 memorato
988 5341 1151 5434 procedi.
