3720 5916
115 495 256 584 Rotae,
286 495 501 582 declaravit,
534 496 769 571 Decanatum
799 513 972 594 spectare
999 496 1048 570 ad
1076 497 1252 570 Ioannem
1283 497 1495 595 Baptistam
1528 496 1619 572 Coc-

116 621 258 707 cinum;
288 622 452 721 benigne
481 638 605 698 tamen
634 647 755 720 agens
782 647 868 696 cum
896 623 941 696 R.
973 623 1010 697 P.
1043 621 1092 696 D.
1122 622 1279 697 Sacrato
1317 624 1379 719 qui
1418 641 1478 696 est
1513 623 1621 698 Prae-

115 747 217 822 latus
237 748 502 833 benemeritus,
529 747 701 845 provehit
721 747 821 822 illum
847 750 896 822 ad
924 748 1297 845 Archiepiscopatum
1329 748 1617 824 Damascenum.

828 1061 919 1142 203.

200 1227 389 1324 Propriam
416 1251 488 1300 non
508 1225 743 1324 ponebantur
757 1227 808 1299 tit
837 1226 1025 1300 taxatam
1051 1237 1299 1324 expensarum
1326 1227 1567 1302 zicdz‘cz‘crlzicm.

200 1380 317 1450 (Aaou.
336 1379 423 1452 Ros,
447 1405 459 1432 ι
478 1379 676 1440 Extractum
695 1378 815 1439 Diarii
831 1381 964 1440 Coruini
977 1383 1013 1453 ·).

574 1565 715 1650 Lunae,
745 1589 785 1637 12
820 1564 1033 1639 novembris
1058 1570 1168 1640 1612.

200 1729 262 1814 89.
293 1725 333 1799 ln
361 1724 462 1798 Rota
489 1724 556 1799 suit
583 1725 808 1810 ordinatum,
838 1723 943 1820 quod
970 1725 1006 1797 in
1035 1726 1225 1798 taxatione
1251 1749 1501 1822 expensarum
1544 1749 1619 1798 non

114 1866 348 1946 ponerentur
366 1850 551 1946 Propinae
569 1875 668 1946 quae
683 1849 820 1924 dantur
835 1849 1091 1934 Auditoribus,
1113 1850 1202 1945 quia
1216 1849 1431 1924 reformatio
1446 1849 1483 1925 S.
1502 1848 1551 1924 D.
1569 1849 1616 1924 N.

115 1972 205 2048 nihil
234 1975 425 2049 innovavit
451 1977 578 2072 quoad
606 1975 699 2048 haec
728 1975 825 2048 eirca
854 1975 977 2048 Rotae
1006 1974 1223 2050 auditores.

827 2285 916 2365 204.

119 2452 267 2525 Paulus
296 2454 333 2525 V
344 2451 462 2525 Rotae
481 2460 579 2524 certa
610 2451 771 2524 cubz'cula
799 2452 839 2524 in
859 2451 1008 2525 Palatio
1026 2451 1169 2524 Montis
1191 2450 1403 2540 Quirinales
1437 2453 1615 2548 assignat.

197 2607 314 2678 (Auen.
333 2605 420 2678 Ros,
444 2603 668 2664 «Extractum
687 2603 808 2664 Dt'arii
825 2605 956 2663 Coccina·
965 2609 1001 2674 υ).

577 2787 649 2860 Die
677 2789 782 2876 iovis,
819 2811 862 2882 13
894 2789 1028 2891 martii·
1050 2792 1161 2865 1618.

206 2973 290 3022 102.
321 2947 359 3022 S.
391 2949 438 3024 D.
470 2948 516 3025 N.
549 2948 686 3023 Paulus
715 2949 839 3023 divina
860 2949 1098 3024 Providentia
1117 2950 1219 3046 Papa
1238 2948 1273 3021 V
1292 2951 1468 3023 Ioannem
1490 2949 1618 3047 Bapti-

117 3089 218 3146 stam
248 3073 502 3171 Costagutum
532 3073 692 3170 primum
719 3077 768 3149 ab
802 3073 1025 3148 Oeconomo
1063 3074 1273 3148 Pontificiae
1314 3075 1461 3150 Domus
1499 3074 1619 3173 Magi-

117 3216 238 3273 strum
281 3199 330 3271 ad
372 3198 566 3272 Decanum
605 3200 728 3273 Rotae
765 3199 970 3274 transmisit
1005 3217 1046 3273 ut
1087 3197 1331 3304 DD[ominis]
1370 3201 1616 3275 Auditoribus

117 3322 275 3396 referret
303 3319 453 3425 S[uam]
482 3323 727 3397 Sanctitatem
757 3323 826 3397 illis
856 3349 925 3420 pro
954 3322 1261 3421 Rotadeinceps
1294 3327 1328 3397 in
1368 3325 1499 3399 Monte
1528 3323 1615 3416 Qui·

115 3447 224 3520 rinali
250 3446 421 3521 facienda
447 3463 551 3521 certa
579 3447 747 3521 cubicula
775 3447 887 3520 rebus
915 3448 1095 3521 instructa
1129 3449 1349 3522 necessariis
1386 3451 1615 3546 assignasse.

115 3588 157 3644 et
184 3573 359 3668 quoniam
390 3572 511 3645 Rotae
539 3569 787 3644 Auditoribus
815 3572 884 3645 tria
912 3586 1091 3668 poterant
1117 3597 1202 3646 esse
1230 3570 1426 3646 molestiae
1445 3572 1618 3647 videlicet

119 3720 296 3768 curruum
326 3698 517 3794 strepitus,
552 3695 617 3794 qui
646 3713 772 3770 tamen
803 3695 986 3770 Camerae
1015 3697 1260 3794 Apostolicae
1288 3698 1323 3770 in
1352 3697 1487 3771 eodem
1508 3697 1617 3770 Statu

117 3819 266 3917 positae
295 3845 370 3894 non
398 3820 596 3908 officiebat,
628 3819 796 3895 cubicula
824 3821 977 3894 caminis
1006 3821 1180 3908 carentia,
1218 3823 1276 3897 cui
1308 3839 1434 3896 tamen
1477 3823 1617 3896 incom—

118 3942 235 4021 modo
275 3947 460 4042 prunariis
497 3944 728 4032 medebatur,
767 3945 990 4044 litigantium
1035 3948 1084 4020 ob
1119 3945 1274 4046 longum
1316 3948 1387 4022 iter
1413 3947 1518 4022 labor
1552 3948 1616 4044 qui

117 4089 246 4144 tamen
276 4069 482 4167 Principem
511 4072 618 4167 sequi
646 4097 886 4168 quocumque
915 4087 1099 4158 tenentur,
1130 4073 1179 4145 ad
1207 4073 1399 4147 arbitrium
1430 4071 1615 4172 DD[omi-

117 4191 270 4297 nomm]
298 4219 409 4269 omne
438 4197 636 4292 negocium
665 4196 860 4273 rescrebat.

857 4391 878 4435 'R

541 4553 614 4628 Die
643 4553 813 4642 Veneris,
851 4561 895 4628 16
927 4555 1048 4630 martii
1083 4559 1195 4631 1618.

205 4735 289 4806 103.
322 4712 465 4788 Retulit
491 4717 617 4790 omnia
645 4715 823 4790 Decanus
851 4718 1098 4791 Auditoribus
1127 4717 1250 4793 Rotae
1270 4718 1335 4814 qui
1354 4717 1479 4790 debita
1509 4742 1616 4791 reve-

117 4839 236 4913 rentia
264 4838 303 4914 S.
334 4839 383 4912 D.
415 4837 461 4915 N.
490 4841 652 4938 gratiam
682 4841 940 4937 suscipientes
961 4841 1200 4916 iniunxerunt
1218 4842 1372 4917 Decano
1401 4858 1440 4914 et
1459 4842 1616 4916 Arcbie-

117 4963 275 5060 piscopo
311 4961 551 5037 Damasceno
589 4981 630 5038 ut
663 4966 805 5063 gratias
834 4966 969 5050 Ssriio,
1001 4966 1124 5040 Rotae
1167 4967 1325 5048 nomine,
1356 4965 1545 5040 deferrent
1577 4984 1616 5038 et

117 5087 274 5161 Sacrum
304 5087 580 5163 Benedictionis
609 5089 757 5187 signum
784 5104 968 5185 peterent,
990 5114 1067 5187 quo
1095 5091 1250 5186 praevio
1269 5089 1387 5166 Ven.:
1412 5111 1458 5182 23
1480 5089 1611 5174 martii,

118 5210 265 5287 Causas
292 5228 332 5286 et
358 5211 442 5285 lites
471 5213 507 5287 in
536 5229 664 5287 monte
702 5212 884 5306 Quirinali
926 5214 1146 5290 definirent:
1177 5213 1309 5302 secere,
1341 5230 1382 5288 ut
1411 5215 1511 5289 Rota
1538 5215 1614 5288 ius-

117 5353 229 5422 serat,
262 5335 441 5410 Decauus
473 5353 511 5412 et
539 5337 857 5436 Archiepiscopus
886 5338 1146 5413 Damascenus
1188 5353 1227 5414 ct
1262 5340 1405 5436 gratias
1442 5341 1615 5438 ingentes
