3688 5924
226 263 263 323 28
850 263 986 322 Soeculo
1005 262 1095 324 XIII

230 364 324 371 ——.
329 364 406 370 —-..—·..-
412 365 498 370 .....--..
503 365 578 371 ——
583 365 590 370 .
596 364 773 371 —--.--—-

226 455 394 552 predicta
414 458 463 531 ab
486 458 569 554 ipso
591 457 815 556 Blernardo)
828 459 1005 532 obtentas
1023 457 1175 531 omnino
1196 457 1408 531 huiusmodi
1433 454 1641 553 suspitione
1663 479 1724 526 ca·

225 605 308 655 rere
322 581 569 668 decernimus,
586 598 625 655 et
638 583 763 678 ipsum
775 582 1045 678 Blernardum),
1057 582 1340 677 exceptionibus
1356 581 1568 655 huiusmodi
1583 603 1627 652 ac
1641 603 1723 676 pre-

223 706 309 779 latis
323 705 456 780 litteris
470 705 520 779 ad
538 710 712 782 eumdem
730 709 906 782 abbatem
925 733 948 781 a
968 708 1144 804 predictis
1160 708 1304 782 decano
1323 724 1363 780 et
1381 703 1544 802 capitulo
1559 705 1724 779 obtentis

225 856 463 927 nequaquam
491 833 740 918 obstantibus,
770 859 853 906 curn
881 833 996 907 tacito
1024 833 1072 906 de
1101 833 1354 930 appellatione
1381 833 1497 928 ipsius
1523 829 1657 904 decani
1684 843 1724 902 et

224 956 384 1050 capituli,
413 982 458 1031 ac
485 957 655 1031 auditore
674 981 790 1054 super
808 983 855 1032 eo
874 958 975 1041 dato,
996 959 1151 1031 obtente
1170 955 1338 1040 luissent,
1361 958 1439 1031 sore
1471 953 1723 1052 recipiendum

222 1081 258 1152 in
286 1081 444 1154 ecclesia
472 1082 689 1178 supradicta
719 1083 754 1155 in
783 1082 1001 1156 canonicum
1030 1098 1070 1155 et
1106 1083 1141 1154 in
1173 1081 1341 1168 fratrem,
1372 1107 1416 1155 ac
1453 1081 1522 1155 sibi
1551 1082 1598 1153 de
1636 1104 1724 1174 pre·

222 1206 345 1279 benda
374 1209 513 1280 debere
541 1207 731 1302 provideri
757 1207 861 1280 iuxta
888 1207 1055 1302 ipsarum
1091 1207 1358 1315 continentiam
1394 1205 1613 1290 litterarum,
1653 1203 1725 1276 nisi

222 1346 379 1426 propter
406 1332 558 1404 erimina
585 1349 717 1406 contra
745 1333 867 1428 ipsum
898 1331 1159 1429 Blernardum)
1176 1332 1373 1429 proposita
1391 1331 1516 1405 valcat
1539 1329 1721 1426 impediri,

223 1457 271 1532 ad
299 1481 374 1552 que
403 1456 650 1553 proponenda
678 1450 992 1560 procurator(em)
1019 1457 1186 1552 ipsorum
1207 1456 1338 1530 decani
1366 1472 1404 1530 et
1432 1455 1582 1552 capituli
1601 1455 1724 1551 parati
1830 1469 1831 1500 l

224 1606 353 1655 sumus
381 1581 582 1656 admittere
609 1600 648 1655 et
676 1581 919 1668 admittimus,
948 1607 1023 1678 que
1051 1582 1203 1678 quidem
1231 1582 1384 1656 crimina
1403 1581 1613 1678 expressim
1633 1579 1726 1653 dici-

224 1731 308 1778 mus
335 1705 571 1781 declarauda.
591 1706 733 1780 Datum
755 1706 908 1793 Perusii,
924 1705 1091 1782 secundo
1110 1705 1292 1782 kalendas
1319 1705 1503 1792 februarii,
1530 1705 1726 1802 pontifica-

223 1847 284 1904 tus
299 1830 439 1904 domini
453 1831 656 1904 Innocentii
672 1854 771 1927 pape
787 1829 921 1925 Quarti
935 1855 1035 1905 anno
1049 1831 1206 1917 decimo,
1219 1855 1318 1906 anno
1333 1833 1484 1906 Domini
1498 1841 1613 1904 n⁰cc⁰
1627 1835 1723 1914 c1110,

224 1954 425 2029 indictione
454 1956 661 2029 undecima.

312 2081 389 2153 ‹ln
420 2080 567 2152 nomine
599 2079 762 2166 Domini,
791 2103 914 2157 amen.
952 2079 1037 2177 Ego
1065 2081 1285 2165 Rodericus,
1327 2081 1399 2153 Dei
1434 2079 1556 2177 gratia
1594 2076 1726 2152 Palen-

224 2207 323 2278 tinus
349 2205 561 2300 episcopus,
592 2205 704 2278 datus
724 2203 887 2300 Auditor
913 2229 935 2276 a
963 2204 1115 2280 domino
1135 2205 1236 2302 Papa
1263 2204 1299 2277 in
1327 2229 1440 2280 eausa
1462 2202 1726 2300 appellationis

224 2357 246 2404 a
276 2331 387 2403 Petro
415 2346 661 2425 procuratore
688 2329 820 2403 decani
851 2344 893 2404 et
913 2330 1078 2427 ·capituli
1112 2331 1433 2405 Lemovicensium
1472 2347 1601 2404 contra
1630 2327 1726 2400 Ber-

224 2456 381 2529 nardum
411 2453 603 2540 Fulcherii,
637 2455 856 2528 canonicum
893 2454 1019 2530 Sancti
1055 2455 1195 2538 Atedii.
1236 2455 1513 2529 Lemovicensis
1549 2454 1722 2538 diocesis,

222 2581 444 2677 interposite
481 2605 596 2676 super
633 2577 911 2654 interlocutoria
947 2605 1014 2655 a..
1054 2582 1249 2677 preposito
1287 2579 1544 2666 Foroiuliensi,
1584 2578 1725 2652 domini

225 2707 325 2802 Pape
346 2704 563 2802 Capellano,
585 2705 660 2779 lata
688 2723 819 2780 contra
837 2705 962 2802 ipsum
980 2722 1263 2802 procuratorem
1283 2729 1354 2802 pro
1372 2705 1508 2779 eodem
1529 2705 1725 2777 Bernardo

222 2855 336 2927 super
363 2829 617 2926 appellatione
644 2847 685 2904 et
711 2831 834 2905 causis
861 2829 1122 2928 appellationis
1149 2832 1277 2927 ipsius,
1304 2857 1378 2926 que
1406 2831 1602 2927 proposita
1627 2829 1725 2902 dice·

222 2960 333 3032 batur
360 2958 455 3029 ab..
485 2957 622 3029 abbate
661 2955 817 3031 Dolensi
855 2970 986 3030 contra
1029 2957 1205 3028 eumdem
1236 2956 1467 3029 Bernardum
1505 2956 1554 3028 ad
1583 2953 1724 3028 Sedem

221 3079 483 3178 Apostolicam
511 3096 693 3176 exparte
721 3081 852 3154 decani
878 3097 918 3154 et
944 3079 1097 3177 capituli
1124 3079 1391 3178 predictorum,
1427 3081 1556 3154 habito
1591 3102 1725 3151 coram

223 3229 283 3278 me
311 3229 492 3300 processu
520 3203 699 3302 legitim0,
728 3219 769 3279 et
796 3205 894 3279 facta
922 3230 1110 3302 supereo
1137 3205 1291 3279 domino
1320 3206 1419 3301 Pape
1440 3203 1621 3278 relatione
1640 3202 1725 3274 dili·

222 3329 336 3428 genti,
367 3329 416 3402 de
444 3329 597 3426 speciali
623 3330 741 3425 ipsius
768 3329 909 3404 domini
938 3331 1038 3427 Pape
1066 3330 1214 3403 licentia
1249 3345 1289 3403 et
1328 3329 1505 3402 mandato
1542 3327 1723 3401 confirmo
1830 3385 1831 3408 ,

221 3451 538 3527 interlocutoriam
565 3455 750 3550 prepositi
777 3455 991 3550 supradicti,
1013 3455 1259 3550 pronuntians
1278 3455 1416 3528 dictum
1437 3467 1723 3550 procuratorem

220 3580 268 3652 ab
297 3578 432 3652 eodem
462 3579 647 3652 Auditore
676 3578 797 3652 minus
824 3578 989 3675 legitime
1016 3561 1245 3674 appellasse,
1265 3592 1305 3652 et
1332 3576 1568 3673 condempno
1596 3577 1723 3671 ipsum

222 3719 505 3800 procuratorem
527 3703 675 3776 nomine
693 3703 824 3775 decani
841 3718 881 3775 et
899 3702 1049 3799 capituli
1069 3703 1333 3800 predictorum,
1350 3728 1394 3776 ac
1413 3703 1516 3800 ipsos
1536 3703 1722 3775 decanum

221 3845 259 3902 et
286 3827 502 3924 capitulum,
532 3827 569 3901 in
607 3827 783 3923 expensis
826 3828 1020 3901 Bernardo
1057 3829 1229 3922 superius
1267 3843 1486 3912 memorato,
1527 3844 1721 3900 reservata

222 3951 309 4025 mibi
336 3969 528 4048 potestate
563 3951 715 4025 taxandi
742 3976 932 4047 expensas
968 3952 1180 4026 huiusmodi
1209 3969 1248 4024 et
1277 3952 1486 4048 superbiis
1520 3933 1722 4048 recipiendi

220 4079 469 4150 iuramentum
496 4101 518 4148 a
550 4076 743 4149 Bernardo
771 4076 940 4172 predicto
972 4079 1178 4150 secundum
1208 4078 1365 4150 sormam
1394 4078 1494 4151 iuris.
1533 4077 1650 4150 Lecta
1682 4091 1722 4148 et

221 4203 376 4275 recitata
403 4200 554 4274 suerunt
581 4201 750 4296 predicta
778 4201 880 4296 apud
907 4202 1086 4285 Asisium,
1116 4203 1152 4275 in
1179 4202 1337 4276 ecclesia
1366 4203 1491 4276 Sancti
1521 4201 1718 4282 Francisci,

221 4327 461 4420 presentibus
489 4325 670 4422 magistro
700 4325 870 4401 Roberto
897 4328 945 4400 de
974 4328 1168 4424 Argentia,
1200 4327 1364 4401 Martino
1402 4326 1588 4412 Roderici‚
1631 4349 1722 4421 por-

220 4451 378 4525 tionatio
410 4451 616 4550 Burgensis
644 4452 813 4538 ecclesie,
842 4467 882 4525 et
918 4453 1100 4550 magistro
1130 4451 1294 4525 Martino
1320 4451 1581 4526 archidiacono
1625 4451 1721 4524 Dur-¹

220 4575 340 4672 gensi,
385 4575 556 4657 testibus,
607 4578 678 4649 sub
723 4599 821 4648 anno
868 4576 1019 4649 Domini
1064 4583 1234 4663 ucct1110,
1282 4575 1520 4672 pontificatus
1568 4573 1721 4649 Domini

219 4700 424 4773 Innocentii
454 4700 553 4796 Pape
582 4701 706 4798 quarti
734 4725 833 4774 anno
861 4699 1018 4786 decimu,
1048 4701 1107 4774 die
1135 4703 1303 4775 secunda
1330 4701 1428 4775 maio
1464 4701 1638 4775 intrante.
1671 4701 1722 4774 Et

221 4824 299 4921 (ad)
326 4824 444 4921 ipsius
474 4826 526 4900 rei
553 4824 780 4900 evidentiam
809 4826 1014 4921 pleniorem
1046 4825 1238 4922 predictus
1274 4829 1477 4924 episcopus
1514 4825 1625 4922 sigilli
1661 4827 1722 4898 sui

220 4949 421 5024 munimine
439 4967 639 5046 presentes
657 4950 802 5024 litteras
823 4951 1021 5025 roboravit.
1045 4951 1130 5048 Ego
1150 4950 1365 5024 Bernardus
1384 4950 1432 5024 de
1452 4951 1590 5034 Asisio‚
1613 4951 1724 5047 Apo-

218 5072 349 5146 stolice
376 5099 420 5148 ac
448 5074 696 5148 Sacrosancte
724 5073 834 5148 Sedis
862 5075 1041 5160 notarius,
1072 5073 1249 5171 predictis
1281 5076 1453 5150 omnibus
1489 5075 1646 5158 interlui,
1678 5093 1721 5148 ut

220 5220 334 5293 supra
362 5195 510 5295 legitur,
541 5199 656 5271 etde
684 5198 861 5272 mandato
892 5198 1060 5294 episcopi
1089 5199 1285 5273 memorati
1314 5198 1446 5296 scripsi
1483 5217 1523 5274 et
1560 5197 1723 5275 fideliter

220 5321 420 5418 publicavi.
