3748 5914
237 309 293 369 288
872 306 1009 365 Saeculo
1027 305 1058 364 X
1068 305 1115 364 VI

237 501 326 600 gula
344 498 549 598 privilegia,
567 500 839 596 exemptiones,
861 499 1130 573 antelationum
1149 500 1445 598 praerogativas,
1460 499 1734 586 concessiones,

237 627 389 725 gratias,
420 625 628 709 facultates,
659 625 804 699 litteras
832 641 873 698 et
901 624 1043 698 indulta
1071 624 1294 712 huiusmodi,
1326 649 1395 722 per
1421 625 1541 699 dictos
1574 641 1613 698 et
1642 623 1736 698 alios

237 766 389 826 nostros
435 750 725 846 predecessores
771 747 913 823 eisdem
961 749 1209 823 Auditoribus
1255 766 1293 823 et
1340 748 1658 822 Locatenentibus
1693 772 1738 820 ac

238 899 368 950 eorum
395 873 564 972 singulis,
595 874 631 946 in
659 896 800 972 genere
819 873 877 947 vel
904 872 942 946 in
962 873 1097 970 specie,
1124 898 1314 961 concessa,
1337 898 1608 970 quaecumque,
1630 889 1736 968 quot-

238 1024 410 1096 cumque,
441 1013 480 1073 et
507 995 794 1094 qualiacumque
822 997 907 1084 sint,
935 1023 980 1072 ac
1008 999 1275 1095 cuiuscumque
1303 997 1443 1073 tenoris
1479 1014 1518 1072 et
1545 979 1738 1070 continen-

237 1127 312 1199 tiae
340 1125 513 1210 existant,
534 1148 694 1218 quorum
723 1123 885 1196 omnium
916 1122 1057 1197 lormas
1085 1139 1124 1196 et
1152 1138 1316 1210 tenores,
1346 1148 1389 1197 ac
1417 1123 1448 1196 si
1472 1125 1519 1196 de
1544 1124 1661 1196 verbo
1689 1121 1738 1194 ad

236 1235 394 1323 verbum
407 1249 660 1330 insererentur
675 1247 948 1344 praesentibus,
966 1271 1035 1344 pro
1051 1247 1240 1342 expressis
1255 1246 1449 1334 habentes,
1466 1271 1550 1320 cum
1566 1246 1738 1320 omnibus

237 1389 278 1446 et
304 1371 460 1472 singulis
488 1369 809 1469 derogationibus,
847 1370 1020 1457 decretis
1050 1387 1091 1444 et
1118 1370 1293 1444 clausulis
1327 1370 1447 1446 ineis
1479 1370 1665 1443 contentis
1702 1371 1737 1443 in

237 1497 410 1571 omnibus
437 1511 477 1571 et
504 1520 573 1592 per
600 1495 725 1568 omnia
752 1495 975 1568 auctoritate
1001 1491 1208 1591 apostolica
1227 1511 1357 1569 tenore
1377 1494 1629 1591 praesentium
1651 1517 1739 1592 con-

144 1633 146 1636 ’
237 1620 439 1708 firmamus,
471 1637 510 1694 et
536 1621 768 1695 innovamus.
799 1617 940 1715 lllaque
960 1620 1041 1706 sibi,
1061 1635 1100 1693 et
1119 1645 1249 1693 eorum
1268 1620 1427 1706 cuilibet,
1448 1635 1488 1693 et
1507 1632 1619 1716 prout
1636 1617 1736 1704 dicti,

238 1760 277 1820 et
303 1746 363 1819 alii
391 1744 706 1842 praedecessores
734 1759 1012 1830 concesserunt,
1043 1743 1092 1817 de
1120 1768 1219 1819 novo
1243 1770 1313 1841 pro
1331 1744 1468 1841 potiori
1487 1742 1632 1817 cautela
1651 1767 1740 1816 con-

237 1871 406 1945 cedimus
435 1886 473 1943 et
502 1866 752 1967 indulgemus,
783 1893 827 1942 ac
855 1868 1059 1966 privilegia,
1090 1885 1130 1942 et
1156 1870 1299 1968 gratias
1335 1869 1479 1944 dilectis
1513 1867 1594 1942 filiis
1627 1867 1706 1942 Rei
1723 1909 1739 1923 -

238 1996 418 2070 rendariis
447 1995 595 2080 nostris,
626 2020 695 2068 seu
714 2018 844 2067 eorum
865 1992 1039 2093 Collegio
1058 2018 1249 2082 concessa,
1270 1995 1365 2069 etin
1388 2010 1582 2091 posterum
1606 2017 1738 2067 conce·

238 2121 372 2206 denda,
394 2119 455 2193 illa
474 2144 543 2215 pro
564 2117 791 2193 sufficienter
804 2119 997 2214 expressis
1016 2119 1210 2202 habentes,
1227 2144 1311 2194 cum
1330 2119 1471 2193 eisdem
1493 2117 1738 2192 Auditoribus

237 2260 277 2319 et
304 2245 632 2327 Locatenentibus,
650 2268 693 2316 ac
721 2267 852 2318 eorum
873 2241 1056 2342 Collegio,
1077 2244 1301 2318 auctoritate
1320 2259 1359 2317 et
1378 2261 1508 2318 tenore
1531 2242 1735 2339 premissis,

238 2370 567 2453 communicamus
599 2393 666 2442 seu
695 2366 755 2441 illa
783 2369 832 2441 de
860 2392 958 2442 novo
986 2367 1042 2442 eis
1070 2369 1321 2444 concedimus.
1350 2369 1409 2444 Ac
1436 2383 1656 2465 praesentes
1679 2365 1736 2440 lit-

238 2510 351 2581 teras,
381 2511 421 2570 et
448 2494 484 2567 in
512 2494 568 2567 eis
597 2508 774 2568 contenta
801 2517 1063 2590 quaecumque
1090 2496 1161 2568 sub
1189 2494 1382 2591 quibusvis
1415 2493 1734 2589 suspensionibus,

238 2622 274 2695 in
309 2619 534 2694 contrarium
570 2617 675 2692 sactis
712 2635 751 2691 et
788 2616 975 2704 iaciendis,
1015 2618 1165 2692 minime
1193 2619 1469 2716 comprehendi,
1509 2643 1632 2714 neque
1669 2617 1737 2692 illis

238 2745 412 2843 derogari
441 2769 566 2842 posse,
598 2743 666 2818 nisi
694 2742 913 2818 eorumdem
942 2743 1171 2819 Auditorum
1198 2759 1238 2818 et
1274 2743 1583 2818 Locatenentium
1618 2744 1668 2816 ad
1701 2745 1737 2818 id

238 2894 442 2966 expressus
478 2870 686 2943 accenserit
713 2893 905 2954 assensus,
943 2893 987 2942 ac
1024 2869 1168 2944 irritum
1195 2886 1235 2943 et
1273 2869 1383 2943 inane
1414 2867 1592 2966 quicquid
1629 2893 1737 2943 secus

237 3018 352 3090 super
377 2981 422 3068 iis
449 3017 473 3066 a
499 3017 704 3091 quoquam,
735 2993 868 3089 quavis
887 2993 1120 3082 auctoritate,
1144 2993 1306 3068 scienter
1322 2994 1382 3068 vel
1402 2994 1627 3092 ignoranter,
1649 3019 1738 3067 con-

239 3119 364 3216 tigerit
391 3119 579 3207 attentari,
596 3117 845 3192 decernimus.
875 3115 1061 3210 Quocirca
1088 3144 1158 3215 pro
1187 3135 1359 3217 tempore
1376 3119 1624 3193 existentibus
1643 3115 1739 3192 San-

239 3259 323 3317 ctae
352 3245 546 3318 Romanae
583 3241 775 3318 Ecclesiae
813 3241 1041 3331 Camerario,
1080 3259 1121 3318 et
1149 3243 1288 3318 Curiae
1322 3269 1520 3318 causarum
1553 3242 1738 3317 Camerae

237 3367 482 3465 Apostolicae
511 3368 687 3442 Generali
716 3369 901 3455 Auditori,
932 3371 1040 3444 acin
1070 3368 1174 3444 Urbe
1211 3371 1247 3443 in
1286 3368 1538 3466 spiritualibus
1575 3366 1734 3454 Vicari0‚

238 3517 306 3590 per
333 3505 555 3589 praesentes
584 3492 693 3565 Motu
722 3490 831 3566 simili
859 3493 1093 3581 mandamns,
1126 3508 1312 3588 quatenus
1340 3493 1423 3589 ipsi,
1451 3489 1510 3566 vel
1547 3490 1635 3579 duo,
1673 3508 1739 3565 aut

238 3641 337 3705 unus
366 3641 497 3690 eorum
526 3641 595 3712 per
622 3640 675 3702 se,
705 3613 766 3689 vel
793 3615 918 3704 alium,
959 3642 1025 3691 seu
1053 3616 1159 3704 alios,
1195 3631 1417 3714 praesentes
1444 3617 1588 3690 litteras
1624 3630 1665 3690 et
1701 3618 1739 3689 in

238 3741 293 3814 eis
320 3755 499 3815 contenta
527 3765 800 3838 quaecumque,
825 3741 898 3825 ubi,
921 3756 960 3814 et
987 3743 1142 3838 quando
1160 3765 1257 3838 opus
1275 3742 1396 3826 luerit,
1417 3757 1456 3816 et
1474 3741 1648 3838 quotiens
1667 3765 1738 3838 pro

238 3881 346 3961 parte
383 3862 567 3939 dictorum
597 3864 824 3938 Auditorum
862 3882 901 3938 et
939 3866 1259 3953 Locatenentium,
1301 3891 1367 3940 seu
1404 3865 1557 3939 alicuius
1593 3889 1736 3950 eorum,

238 3991 404 4085 desuper
431 3988 568 4063 luerint
595 3987 774 4084 requisiti,
804 3989 1023 4063 solemniter
1049 3990 1295 4088 publicantes,
1316 3991 1448 4086 eisque
1467 3991 1503 4063 in
1522 3989 1740 4088 praemissis

238 4113 398 4188 efficacis
429 4113 657 4188 defensionis
684 4115 874 4210 praesidio
901 4116 1136 4201 assistentes,
1167 4117 1304 4190 faciant
1337 4115 1560 4190 auctoritate
1597 4130 1739 4200 nostra,

239 4265 317 4326 eos,
357 4254 397 4313 et
433 4263 563 4313 eorum
601 4239 816 4336 quemlibet,
855 4240 1148 4327 confirmatione,
1189 4241 1439 4328 innovatione,
1482 4240 1739 4329 concessione,

240 4363 396 4451 indulto,
422 4363 768 4452 communicatione,
791 4378 830 4437 et
857 4366 1021 4452 decretu,
1053 4391 1096 4439 ac
1123 4366 1205 4440 aliis
1233 4367 1461 4463 praemissis.
1486 4365 1638 4463 pacifice
1656 4365 1738 4452 frui,

239 4502 278 4562 et
305 4489 485 4587 gaudere.
516 4486 603 4561 Non
631 4488 893 4584 permittentes
921 4514 990 4564 eos
1017 4489 1183 4587 desuper
1209 4514 1279 4585 per
1304 4514 1566 4587 quoscumque
1584 4513 1740 4585 quomo-

240 4612 382 4686 dolibet
418 4610 582 4685 indebite
619 4610 822 4688 molestari.
855 4611 1163 4688 Contradictores
1191 4611 1379 4712 quoslibet
1409 4629 1448 4688 et
1475 4612 1634 4688 rebelles
1670 4637 1740 4709 per

240 4761 419 4810 censuras
447 4727 743 4820 Ecclesiasticas,
773 4751 813 4809 et
839 4736 911 4810 alia
930 4737 1020 4811 iuris
1039 4738 1216 4826 remedia,
1234 4737 1488 4835 appellatione
1511 4738 1736 4835 postposita,

240 4861 529 4958 compescendo.
559 4861 737 4935 Invocato
775 4861 888 4936 etiam
924 4863 973 4936 ad
1006 4862 1077 4938 hoc
1109 4863 1138 4937 si
1168 4887 1265 4960 opus
1297 4863 1409 4936 luerit
1435 4860 1572 4937 auxilio
1599 4862 1740 4936 brachii

240 4986 454 5060 soecularis.
485 4986 572 5059 Non
608 4986 848 5060 obstantibus
886 4987 1213 5062 constitutionibus
1249 5004 1289 5062 et
1324 4987 1619 5062 ordinationibus
1646 5013 1740 5084 apo·

240 5110 380 5186 stolicis
408 5110 529 5197 editis,
559 5126 598 5185 et
625 5109 783 5184 edendis
811 5111 924 5187 etiam
952 5115 1155 5210 perpetuis,
1177 5112 1380 5212 Privilegiis
1398 5137 1552 5210 quoque
1569 5112 1737 5200 indultis,

240 5250 279 5311 et
306 5236 439 5311 litteris
466 5233 694 5331 apostolicis,
723 5235 864 5333 gratiis,
895 5254 934 5311 et
962 5239 1267 5313 concessionibus
1294 5262 1362 5334 per
1381 5261 1641 5335 quoscumque
1660 5239 1739 5312 Ro-

239 5385 372 5436 manos
402 5360 599 5435 Pontifices
626 5361 942 5457 praedecessores
976 5378 1138 5452 nostros,
1159 5387 1203 5438 ac
1222 5364 1304 5438 Nos
1332 5377 1371 5436 et
1400 5363 1537 5437 Sedem
1565 5361 1735 5449 eandem,
