3748 5914
252 312 307 372 310
885 317 1022 376 Saeculo
1040 316 1129 376 XVI

250 510 504 584 stitutiouibus
530 525 570 584 et
596 512 894 587 ordinationibus
921 512 1138 608 apostolicis
1165 528 1205 587 et
1232 509 1314 585 aliis
1343 512 1537 607 quibusvis
1555 526 1595 584 et
1622 511 1747 584 forsan

251 627 410 731 Colleg'ii
438 633 711 709 Ghisleriorum
749 638 952 732 nuncupati
989 634 1138 732 perse:
1167 660 1224 710 re:
1264 635 1368 709 Pium
1403 659 1541 732 papam
1578 635 1747 732 quintum

249 759 583 855 praedecessorem
612 775 783 836 nostrum
819 761 855 834 in
885 758 1046 835 Civitate
1076 759 1214 855 Papien
1251 760 1366 833 erecti
1395 760 1674 834 Presidentibus
1709 775 1749 833 et

252 881 520 980 Collegialibus
548 886 722 980 personis
741 887 812 959 sub
839 885 1139 980 quibuscumque
1167 884 1360 958 tenoribus
1387 901 1428 958 et
1454 883 1582 958 lormis
1600 909 1644 958 ac
1664 909 1748 956 cum

250 1008 444 1102 quibusvis
476 1005 663 1095 clausulis,
699 1009 1004 1106 irritantibusque
1035 1024 1075 1083 et
1106 1007 1186 1082 aliis
1223 1007 1408 1095 Decretis,
1438 1008 1585 1083 etiamsi
1620 1009 1657 1081 in
1693 1009 1749 1082 eis

251 1147 428 1207 caveatur
462 1156 645 1230 expresse
682 1135 784 1230 quod
816 1133 1107 1229 uniuscuiusque
1143 1131 1232 1208 dicti
1260 1131 1388 1207 Palatii
1425 1133 1650 1207 Auditorum
1678 1133 1750 1207 loci

251 1259 445 1334 vacatione
467 1283 705 1356 quacumque
731 1282 780 1332 ex
808 1275 895 1332 tunc
922 1261 1102 1355 deinceps
1129 1259 1251 1355 primo
1278 1275 1497 1332 occurrente
1525 1259 1595 1356 ipsi
1629 1258 1753 1332 Presi-

250 1385 384 1460 dentes
412 1402 450 1459 et
480 1383 707 1482 Collegiales
743 1386 779 1458 in
807 1384 929 1460 locum
964 1385 1052 1458 dicti
1086 1383 1275 1481 Alphonsi
1309 1383 1418 1458 electi
1452 1409 1565 1457 unum
1601 1385 1650 1457 de
1678 1407 1750 1458 suo

250 1511 396 1606 gremio
423 1512 458 1584 in
488 1511 648 1583 Romani
677 1509 862 1583 Pontificis
896 1535 967 1607 pro
1000 1525 1173 1605 tempore
1207 1509 1403 1582 existentis
1432 1507 1678 1604 Capelianum
1709 1525 1752 1581 et

250 1635 338 1708 dicti
365 1634 490 1731 palatii
510 1635 632 1730 aplici
650 1635 874 1710 Auditorem
892 1633 1043 1733 eligere,
1065 1634 1227 1730 lpseque
1255 1635 1308 1708 sic
1331 1633 1474 1708 electus
1501 1649 1541 1707 et
1557 1632 1607 1706 ad
1624 1633 1750 1706 locum

248 1761 299 1835 ita
319 1777 514 1834 vacantem
534 1761 570 1834 in
591 1759 763 1858 Collegio
781 1759 1010 1834 Auditorum
1030 1757 1241 1834 huiusmodi
1260 1757 1373 1856 recipi
1391 1757 1530 1832 debeat
1548 1772 1588 1832 et
1605 1782 1751 1831 assum-

250 1883 399 1980 ptiones
427 1886 475 1959 de
502 1886 696 1983 quibusvis
729 1887 900 1983 personis
937 1887 986 1958 ad
1014 1885 1136 1958 locum
1173 1909 1221 1958 ex
1255 1899 1343 1958 tunc
1374 1883 1494 1980 primo
1529 1899 1749 1956 vacaturum

250 1985 462 2085 huiusmodi
489 2028 528 2085 et
556 2035 624 2107 per
652 2010 727 2086 Ro:
749 2012 855 2085 Pont.
883 2009 992 2084 aliter
1010 2009 1295 2105 quomodolibet
1314 2009 1433 2082 factae
1453 2009 1589 2082 nemini
1616 2007 1749 2082 suflra-

250 2150 397 2231 gentur,
428 2159 470 2208 ac
498 2134 589 2207 alias
618 2135 653 2206 in
682 2157 823 2230 genere
851 2151 891 2208 et
919 2135 1045 2229 specie
1073 2149 1193 2208 eto...

747 2293 874 2366 Placet
899 2302 997 2367 motu
1017 2294 1177 2393 propria
1210 2295 1254 2367 U.

330 2481 404 2540 Fuit
427 2487 651 2555 praesentatus
671 2495 825 2554 praesens
844 2489 951 2540 motus
969 2482 1120 2556 proprius
1138 2480 1199 2540 Die
1218 2495 1285 2540 xvu
1303 2481 1416 2555 Augsti
1439 2479 1515 2538 1572.

250 2567 314 2630 Pro
332 2571 416 2629 ano
434 2569 473 2628 D.
493 2585 566 2628 meo
582 2567 668 2628 Carli
693 2569 829 2629 Viceca0
856 2569 882 2628 F
885 2571 940 2628 .la:
959 2570 1058 2629 Carlis
1081 2569 1230 2630 Ursinus.

330 2702 569 2773 Prasmtatus
595 2710 630 2773 ct
654 2673 837 2774 admissus
864 2701 923 2773 dia
951 2701 1057 2774 Luna
1083 2701 1184 2798 xm'z'y
1207 2701 1361 2798 augusti
1376 2719 1473 2795 1572
1497 2701 1618 2774 Iulius
1647 2697 1749 2774 Ora-

248 2825 358 2899 dinus
386 2825 554 2900 decanus.

962 3083 1047 3162 171.

253 3247 460 3345 Gregorius
498 3246 613 3320 XIII
636 3245 751 3320 locum
788 3246 915 3330 Rotae,
946 3255 1131 3321 vacantem
1164 3259 1239 3346 per
1274 3256 1425 3321 martem
1452 3248 1546 3322 Iulii
1573 3247 1746 3333 Oradt'rri,
1866 3237 1867 3240 ¹

329 3387 448 3473 nuper
473 3372 644 3458 deficucti,
675 3371 817 3467 confert
832 3371 1031 3446 Fraucz'sco
1052 3371 1243 3446 Cautuccio
1270 3373 1464 3460 Perustae,
1492 3375 1560 3471 qui
1583 3373 1749 3446 Motum-

321 3501 524 3599 projmum
534 3505 751 3596 praesentat
769 3497 904 3570 Ioanni
920 3495 1113 3595 Baptistae
1130 3497 1175 3570 de
1196 3497 1341 3584 Rubeis,
1362 3498 1523 3585 Derane,
1539 3497 1597 3571 die
1613 3499 1658 3572 X
1668 3512 1749 3598 sep-

329 3623 477 3696 umbris
504 3645 525 3694 r
523 3641 575 3716 57
572 3643 609 3715 3.

328 3775 442 3847 (Auen.
461 3772 548 3845 Ron,
572 3771 864 3846 «Admr'ssr'oms»,
880 3777 967 3847 part.
988 3773 1015 3846 I,
1035 3771 1131 3846 Greg.
1150 3774 1247 3848 XIII,
1265 3791 1297 3834 n.
1316 3775 1357 3846 3).

955 4075 1040 4153 172.

249 4237 356 4312 Scuto
384 4240 419 4312 V
433 4233 698 4339 (1585·1590)
714 4279 730 4291 -
745 4236 905 4308 Atlantas
931 4261 1062 4310 causae
1086 4237 1282 4333 grava'tate,
1312 4237 1498 4312 discordia
1524 4247 1690 4314 uotorum
1715 4250 1751 4314 et

325 4361 486 4435 &sentia
513 4363 625 4434 unius
650 4386 699 4434 ex
729 4361 1069 4458 corresponsalibus,
1099 4361 1310 4458 decernitur
1338 4386 1469 4438 causae
1495 4363 1633 4472 alz'lattb.

329 4517 444 4590 (Ascra
462 4515 549 4588 Ron,
574 4513 797 4576 ‹Extractum
817 4513 939 4574 Drarii
952 4515 1069 4574 Potae
1080 4541 1107 4588 ι,
1125 4516 1338 4588 Addr'tr'oues).

765 4699 837 4772 Die
873 4724 918 4791 14
946 4699 1089 4774 octobr.
1118 4705 1227 4794 1588.

327 4858 368 4932 ln
396 4858 466 4933 hac
495 4859 595 4934 Rota
623 4861 709 4958 Ego
738 4860 959 4934 Franciscus
989 4859 1100 4934 Penia
1129 4862 1248 4957 prima
1276 4861 1454 4961 suffragia
1481 4861 1639 4958 protuli:
1663 4864 1747 4938 Dus

245 4983 478 5081 Seraphinus
505 4985 703 5082 proposuit
731 4985 895 5060 Causam
924 4985 1110 5060 Albanen.
1140 4986 1280 5064 Donat.
1300 5012 1400 5083 quae
1417 4989 1635 5086 agitabatur
1652 4985 1748 5064 inter

247 5108 562 5205 Christopharum
591 5125 629 5184 et
659 5108 929 5185 Bernardinum
957 5108 1006 5184 de
1034 5109 1212 5188 Sabellis:
1240 5127 1281 5186 et
1307 5111 1397 5210 quia
1423 5112 1541 5186 deluit
1568 5112 1619 5188 D.
1649 5113 1747 5190 Mar·

246 5233 362 5310 cellos
389 5237 437 5308 de
467 5235 619 5310 Bubalis
656 5236 798 5331 primus
832 5235 1128 5332 corresponsalis
1165 5237 1202 5310 in
1238 5238 1338 5312 dicta
1372 5237 1512 5326 Causa,
1540 5263 1639 5336 quae
1667 5255 1750 5316 erat

247 5360 384 5458 gravis
415 5374 454 5434 et
484 5359 710 5460 DD[omini]
738 5385 813 5434 non
839 5374 949 5435 erant
976 5359 1199 5450 conformes,
1230 5362 1296 5436 luit
1323 5363 1449 5440 dilata.
