3708 5918
566 380 568 386 Ι
593 309 752 382 Gregorio
770 309 825 369 XI
839 342 851 353 -
871 278 1049 385 Bonrscicio
1068 310 1119 370 IX
1563 315 1601 374 95

180 507 198 602 ᾗ
230 528 290 598 13·
322 506 425 591 Item,
465 506 569 603 quod
601 504 712 579 detur
745 505 978 580 auditoribus
1014 520 1188 601 potestas
1215 505 1318 601 quod
1345 508 1600 580 excommuni-

105 647 204 704 catos
233 655 256 702 a
285 656 339 717 se,
369 629 447 704 sive
476 633 551 704 sint
576 648 704 727 partes
732 629 968 728 principales,
991 655 1058 704 seu
1087 656 1217 704 eorum
1241 645 1517 727 procuratores,
1539 632 1598 706 vel

106 769 234 842 testes,
265 755 297 828 si
325 755 464 851 reperti
492 754 628 829 luerint
654 755 690 828 in
720 781 788 830 sua
824 756 1057 830 contumacia
1091 755 1340 852 persistentes
1373 756 1486 830 etiam
1514 782 1598 830 curn

104 903 230 952 eorum
258 879 502 976 participibus
531 879 743 975 specialiter
769 880 943 964 monitos,
973 880 1124 953 valeant
1151 902 1373 977 aggravare.

177 1005 196 1100 ᾖ
234 1028 291 1095 14.
322 1002 378 1077 Ut
404 1003 518 1102 igitur
544 1003 761 1079 huiusmodi
796 1019 924 1078 nostra
962 1018 1104 1077 statuta
1140 1020 1179 1077 et
1215 1003 1482 1092 ordinationes,
1523 1030 1598 1100 que

20 1168 25 1179 ·
103 1128 291 1224 perpetuis
319 1127 451 1200 suturis
480 1127 712 1224 temporibus
741 1128 921 1201 duratura
950 1152 1158 1213 censemus,
1190 1127 1449 1201 inviolabiliter
1467 1131 1597 1202 obser-

105 1266 246 1337 ventur,
277 1267 316 1325 et
343 1275 389 1324 ne
418 1250 488 1336 illa,
520 1254 570 1326 ob
588 1253 768 1327 memorie
795 1251 1025 1335 labilitatem,
1056 1253 1219 1326 humane
1246 1249 1422 1326 oblivioni
1450 1255 1596 1338 dentur,

104 1392 139 1451 et
162 1377 278 1450 etiam
297 1392 338 1449 ut
365 1377 567 1463 auditores,
598 1378 782 1465 advocati,
820 1395 1084 1474 procuratores
1119 1395 1158 1451 et
1187 1379 1320 1452 notarii
1348 1404 1417 1476 per
1448 1379 1596 1454 ordina-

102 1503 240 1576 tionum
269 1518 309 1575 et
337 1514 565 1576 statutorum
591 1502 811 1576 eorumdem
833 1502 1114 1598 inspectionem,
1134 1502 1325 1578 assiduam
1344 1505 1442 1578 circa
1466 1528 1596 1578 eorum

103 1625 387 1712 observantiam,
409 1627 574 1700 curatius
591 1641 631 1700 et
648 1627 862 1725 vigilantius
881 1627 955 1702 sint
972 1627 1119 1713 attenti,
1140 1627 1313 1702 volumus
1331 1643 1371 1702 et
1398 1629 1599 1702 statuimus

104 1749 200 1846 quod
227 1750 486 1824 ordinationes
513 1767 553 1824 et
580 1765 724 1825 statuta
752 1766 882 1826 nostra
909 1751 1120 1826 huiusmodi
1148 1752 1196 1826 de
1224 1753 1341 1826 verbo
1373 1753 1597 1826 adverbum

104 1873 329 1950 Cancellarie
356 1891 396 1948 et
424 1875 592 1972 predicte
618 1877 808 1950 audientie
835 1876 1043 1950 litterarum
1082 1893 1295 1951 nostrarum
1332 1879 1514 1974 regestris
1550 1903 1598 1951 ex

103 1999 246 2098 integro
277 2000 579 2088 conscribantur;
608 2003 788 2098 quodque
824 2027 908 2074 cum
945 2001 1024 2076 aliis
1053 2001 1207 2077 statutis
1234 2019 1274 2075 et
1301 2002 1598 2076 ordinationibus

102 2125 352 2220 predictorum
381 2124 554 2198 Iohannis
581 2143 621 2199 et
641 2125 842 2213 Benedicti,
861 2128 1173 2224 predecessorum
1194 2143 1419 2216 nostrorum,
1441 2127 1597 2226 singulis

102 2250 202 2322 annis
229 2265 324 2346 post
349 2249 485 2324 festum
507 2250 750 2325 dedicationis
770 2253 869 2328 beati
890 2251 1087 2328 Michaelis
1106 2252 1350 2348 solempniter
1368 2254 1543 2352 legantur
1562 2255 1598 2325 in

102 2373 291 2448 audientia
319 2375 545 2469 supradicta,
568 2392 607 2450 et
632 2377 738 2473 quod
766 2377 922 2474 quilibet
948 2377 1177 2464 auditorum,
1206 2377 1487 2465 advocatorum,
1510 2404 1598 2477 pro·

100 2515 313 2574 curatorum
340 2513 381 2574 et
408 2502 636 2575 notatorium
663 2500 917 2599 predictorum
945 2528 1064 2600 penes
1094 2528 1136 2613 se
1164 2502 1309 2599 copiam
1338 2519 1538 2578 conservet
1558 2521 1598 2577 et

101 2624 234 2700 habeat
262 2626 496 2702 eorumdem.
524 2625 623 2702 Nulli
650 2653 745 2726 ergo
772 2643 844 2704 etc.

177 2749 324 2826 Datum
353 2750 551 2836 Avinione,
579 2750 749 2826 kalendis
778 2753 935 2839 Martiis,
965 2777 1064 2828 anno
1093 2753 1166 2829 V‘0.

812 3089 876 3169 58.

99 3251 320 3342 Bonifacius
342 3253 411 3326 IX
436 3251 700 3356 (1389-1404)
725 3252 884 3328 concedit
908 3251 1153 3327 Auditoribus
1180 3253 1284 3352 Papo
1310 3261 1345 3328 et
1371 3253 1476 3328 Sedis
1494 3257 1597 3355 Apo-

172 3377 308 3463 stolice,
348 3387 434 3450 tunc
468 3376 713 3465 exarmatus,
749 3375 871 3450 altare
886 3387 891 3396 '
900 3377 1076 3475 portatrlr
1111 3421 1129 3435 ·
1156 3378 1399 3477 privilegium
1435 3379 1596 3455 Missam

175 3501 389 3576 celebrandi
412 3510 496 3576 ante
523 3501 617 3575 dom
636 3545 653 3558 -
671 3501 935 3596 confessarium
960 3501 1128 3576 Moneum
1154 3504 1226 3576 sibi
1248 3503 1410 3601 elegendi
1423 3549 1441 3561 -
1459 3531 1596 3580 corser-

172 3627 360 3701 vatoriam
380 3639 455 3727 pro
481 3625 661 3723 beneficiis
686 3651 778 3724 quae
805 3625 1008 3700 oberrabant
1032 3635 1100 3700 aut
1124 3627 1306 3702 obtenturi
1317 3627 1459 3722 forent.

174 3799 223 3871 (G.
242 3799 370 3873 Euan,
393 3799 413 3858 l.
432 3815 469 3872 c.,
486 3807 562 3872 pag.
576 3799 643 3871 44).

1029 3933 1031 3937 ·
1130 3925 1207 3999 1393,
1226 3927 1339 4002 aprilis
1359 3927 1400 3998 16,
1415 3928 1596 3988 Avenione.

175 4123 399 4221 Supplicant
418 4149 448 4198 s.
464 4152 498 4198 v.
517 4123 647 4198 fideles
661 4141 700 4198 et
718 4125 846 4198 devoti
861 4125 1062 4199 servitores
1077 4149 1121 4198 ac
1136 4125 1334 4199 familiares
1349 4151 1379 4200 s.
1396 4123 1596 4229 e[iusdem]

98 4263 133 4321 et
160 4249 263 4324 sedis
291 4248 498 4346 apostolice
526 4250 718 4322 auditores
745 4248 862 4322 vestri
889 4247 984 4324 sacri
1012 4249 1154 4346 palacii,
1185 4265 1370 4345 quatenus
1390 4251 1444 4324 eis
1464 4274 1597 4324 conce-

99 4371 183 4447 dere
211 4373 418 4471 dignemini
445 4373 493 4446 de
512 4373 639 4470 gracia
667 4373 827 4468 speciali,
860 4388 902 4446 ut
928 4373 999 4468 ipsi
1026 4389 1067 4448 et
1097 4397 1229 4448 eorum
1266 4373 1421 4470 quilibet
1457 4375 1596 4449 habere

97 4499 240 4591 possint
268 4497 387 4572 altare
414 4497 590 4593 portatile
616 4513 656 4571 et
683 4499 718 4570 in
747 4499 831 4594 ipso
858 4496 1048 4572 celebrare
1076 4496 1134 4572 vel
1163 4523 1288 4574 coram
1318 4525 1359 4572 se
1387 4524 1457 4596 per
1483 4499 1595 4574 alium

98 4645 160 4696 seu
188 4621 377 4696 submissa
404 4645 497 4696 voce
525 4622 648 4696 lacere
675 4622 854 4696 celebrari
882 4622 1018 4696 cotidie
1045 4638 1084 4696 et
1112 4648 1227 4720 super
1263 4624 1332 4697 hiis
1360 4624 1510 4698 cuilibet
1538 4624 1596 4697 lit-

98 4757 195 4821 teras
223 4747 445 4834 concedere,
475 4762 518 4820 ut
544 4747 590 4820 in·
608 4747 737 4822 forma.
767 4747 859 4821 Fiat
875 4759 952 4846 pro
978 4747 1063 4833 illis,
1094 4749 1161 4846 qui
1183 4773 1280 4822 nunc
1306 4743 1400 4825 sunl.
1431 4749 1478 4824 P.

174 4872 281 4959 Item,
311 4887 354 4944 ut
384 4869 473 4945 ante
508 4873 620 4958 diem,
654 4872 744 4945 dum
780 4887 1008 4970 oportunum
1050 4873 1103 4946 eis
1140 4873 1335 4959 videbitur,
1370 4875 1595 4969 ubicumque

99 4993 242 5083 suerint,
271 4995 421 5092 possint
448 4995 648 5083 celebrare,
679 4997 738 5070 vel
766 4997 889 5071 lacere
917 4995 1116 5072 celebrare.
1146 4997 1238 5070 Ficd
1261 4998 1308 5074 P.

174 5119 281 5206 Item,
298 5135 341 5194 ut
367 5119 516 5217 possint
543 5121 797 5195 consessorem
824 5121 966 5220 eligere
993 5123 1182 5220 ydoneum
1210 5121 1275 5219 qui
1301 5121 1339 5194 in
1358 5123 1489 5196 mortis
1507 5123 1597 5195 arti-

99 5241 179 5317 culo
205 5245 261 5318 eis
291 5242 439 5341 plenam
467 5245 741 5343 indulgenciam
777 5247 985 5321 concedere
1021 5246 1146 5320 valeat
1177 5245 1401 5320 auctoritate
1431 5273 1467 5321 v.
1498 5273 1528 5320 s.
1556 5261 1596 5320 et

98 5391 210 5464 super
238 5368 309 5442 hiis
335 5367 479 5444 litteras
507 5368 657 5445 cuilibet
682 5395 813 5445 eorum
840 5371 1058 5458 concedere,
1090 5387 1130 5444 ut
1158 5369 1194 5443 in
1223 5369 1351 5446 forma.
1381 5369 1472 5444 Fiat
1492 5371 1538 5445 P.
