3718 5918
242 343 298 403 suo
424 311 426 316 ’
857 339 995 400 soeculo
1012 337 1137 400 xvrrr

241 551 321 610 ctas
362 560 430 608 seu
476 535 651 610 Edictum
692 534 772 608 sive
818 559 902 608 cum
944 535 1098 610 decreto
1139 535 1292 632 procedi
1335 550 1481 610 tantum
1528 535 1607 610 sive
1651 561 1740 609 cum
1841 617 1842 624 ἵ

238 661 392 736 decreto
419 703 446 716 -
473 659 639 757 procedi,
669 675 709 733 et
736 659 896 734 inhiberi
922 657 974 732 ad
1000 657 1157 734 iormam
1174 659 1469 748 commissionis,
1491 661 1522 734 si
1541 661 1577 734 in
1602 659 1742 734 Causis
1841 677 1842 742 J

241 785 356 860 Urbis
408 839 1491 861 .................
1550 809 1601 861 sc.
1640 811 1668 871 r,
1690 809 1741 878 30
1841 767 1842 836 ἶ

318 909 357 983 Si
385 925 504 996 extra,
534 907 673 984 scilicet
701 909 737 980 in
767 907 902 982 Causis
930 908 1142 983 forensibus
1149 966 1494 985 ......
1553 934 1604 984 sc.
1637 931 1656 982 a
1688 951 1742 966 —

323 1036 394 1108 Pro
411 1034 601 1110 Citatione
616 1033 665 1109 ad
679 1033 876 1108 dicendum
892 1048 1024 1109 eontra
1038 1033 1121 1108 lura
1136 1049 1178 1107 ut
1191 1035 1361 1131 proxime
1375 1053 1534 1109 executa
1553 1059 1604 1108 sc.
1641 1059 1653 1108 1
1688 1075 1741 1091 -

322 1159 393 1233 Pro
421 1157 644 1256 repetitione
671 1157 838 1257 generali
879 1158 1047 1233 iacienda
1088 1175 1176 1232 ante
1217 1160 1468 1233 servationem
1497 1159 1743 1234 terminorum

238 1285 550 1372 substantialium,
579 1311 623 1358 ac
651 1309 722 1380 pro
748 1281 821 1357 alia
848 1307 1086 1380 quacumque
1117 1283 1340 1380 repetitione
1377 1285 1590 1380 particulari
1626 1286 1744 1358 etiam
1841 1277 1842 1360 Ῠ

241 1436 308 1508 per
337 1407 584 1506 Compulsum
614 1432 684 1506 pro
710 1409 878 1505 qualibet
880 1465 1223 1485 ......
1227 1409 1229 1413 ’
1282 1469 1289 1484 .
1349 1469 1357 1484 .
1415 1468 1423 1484 .
1483 1469 1491 1484 .
1551 1435 1602 1484 sc.
1634 1431 1743 1482 -20

321 1536 392 1612 Pro
420 1559 659 1632 quacumque
687 1533 972 1630 protestatione,
993 1532 1256 1618 declaratione,
1287 1535 1587 1630 reproductione,
1619 1535 1744 1630 speci-

240 1659 424 1746 ficatione,
441 1743 445 1754 ¹
461 1659 688 1733 inductione.
723 1659 774 1732 Et
800 1657 1013 1732 iuramento
1048 1657 1230 1742 Testium,
1260 1658 1475 1733 loramento
1508 1656 1743 1742 Calumniae‚

241 1783 413 1871 Procura,
445 1783 734 1868 renunciatione,
762 1797 830 1855 aut
856 1780 974 1856 litium
1002 1781 1182 1868 cessione,
1212 1807 1257 1857 ac
1293 1807 1363 1880 pro
1401 1805 1640 1879 quocumque
1668 1782 1744 1855 alio

239 1927 326 1983 actu
355 1909 392 1982 in
432 1907 626 1983 Broliardo
683 1965 1493 1984 .............
1551 1933 1601 1983 sc.
1632 1931 1743 1980 -20

191 2131 193 2136 ι
322 2034 372 2107 Et
399 2059 445 2108 ex
474 2035 574 2108 dicta
603 2032 884 2108 Reformatione
914 2031 1149 2107 Clementina
1177 2031 1374 2130 colligitur,
1402 2033 1506 2130 quod
1548 2057 1619 2130 pro
1646 2057 1744 2130 qua-

239 2182 402 2255 cumque
435 2158 623 2233 Citatione
659 2159 832 2254 superius
869 2180 955 2231 non.
978 2183 1162 2254 expressa
1193 2183 1262 2256 per
1293 2157 1544 2234 contradictas
1581 2158 1744 2231 debetur

241 2307 387 2357 merces
409 2337 1493 2359 .................
1527 2307 1602 2356 .sc.
1633 2287 1738 2374 -65

321 2407 429 2482 Etsi
462 2432 530 2505 per
558 2407 757 2481 terminum
787 2409 943 2480 mixtum
971 2431 1043 2503 pro
1070 2407 1238 2504 qualibet
1283 2465 1291 2483 .
1351 2467 1359 2482 .
1418 2467 1425 2483 .
1484 2466 1492 2482 .
1551 2433 1602 2480 sc.
1634 2427 1738 2500 -95

322 2535 372 2608 Et
400 2559 469 2630 pro
497 2535 630 2630 quavis
657 2533 729 2606 alia
758 2531 946 2606 Citatione
975 2547 1125 2606 servata
1153 2557 1221 2629 per
1257 2531 1461 2607 Cursorem
1496 2533 1626 2606 unitim
1654 2555 1741 2603 cum

242 2656 495 2745 Contradicta,
527 2657 630 2756 quod
658 2657 792 2732 dicitur
819 2657 1016 2731 terminum
1046 2656 1212 2744 mixtum,
1242 2658 1416 2754 superius
1434 2681 1509 2731 non
1543 2680 1738 2752 expressa,

240 2784 338 2858 ultra
366 2782 646 2880 importandam
674 2781 871 2858 cuiuslibet
899 2781 1098 2856 Citationis
1130 2807 1198 2879 per
1230 2780 1508 2867 Contradictas,
1542 2796 1656 2878 prout
1691 2781 1742 2854 de

240 2933 466 3004 unaquaque
493 2909 529 2982 in
558 2933 626 2980 sua
646 2907 761 2991 Taxa,
784 2923 825 2980 ut
845 2930 970 3002 snpra,
991 2905 1100 2980 liceat
1120 2906 1286 2980 Notariis
1304 2908 1456 3006 exigere
1485 2965 1493 2982 .
1551 2932 1602 2981 sc.
1632 2927 1741 2999 -30

983 3135 1004 3178 s

962 3197 1024 3240 *tit

242 3337 309 3410 Ex
330 3333 586 3410 Comtz'lutzbne
604 3335 643 3411 S.
666 3335 725 3411 M.
745 3335 937 3410 Benedicti
953 3333 1073 3421 XIII,
1094 3334 1191 3408 edila
1209 3336 1260 3407 28
1276 3333 1411 3432 aprilis
1430 3337 1538 3430 1728,
1558 3334 1744 3408 habentur

318 3461 565 3560 infrascripta
587 3471 658 3560 per
684 3461 864 3536 Nolart'os
891 3461 1009 3534 Rotae
1034 3459 1229 3543 servanda,
1258 3459 1422 3534 vtilelr'cel
1446 3460 1511 3534 sub
1546 3459 1668 3533 ii'tulo
1695 3459 1746 3532 de

328 3583 463 3662 Variis'
477 3587 745 3686 provisionibus
771 3588 869 3661 circa
896 3595 979 3660 acta
1006 3585 1211 3660 iudiczitlia.

318 3783 359 3856 ln
387 3781 579 3856 Mandatis
607 3783 655 3856 de
683 3782 941 3881 consignando
968 3779 1148 3878 pecunias
1173 3783 1381 3856 existentes
1421 3783 1458 3855 in
1499 3806 1750 3878 quocumque

238 3909 365 3982 Baneo
395 3907 520 3992 Urbis,
550 3931 595 3980 ac
622 3906 659 3979 in
687 3907 856 4004 pluribus
877 3906 1033 3982 Cedulis
1060 3923 1269 3992 contentas.
1290 3908 1381 3982 etsi
1409 3907 1587 3981 coniectis
1614 3906 1753 3984 diver-

236 4033 288 4107 sis
317 4033 460 4118 diebus,
492 4047 532 4105 et
557 4032 676 4117 annis,
707 4047 907 4107 teneantur
934 4032 1081 4106 Notarii
1108 4031 1292 4107 conficere
1321 4013 1478 4129 copiam
1497 4057 1608 4107 unam
1648 4053 1753 4130 post

235 4156 393 4232 aiteram
422 4154 606 4229 dictarum
635 4155 877 4244 Cedularum,
907 4183 951 4230 ac
979 4159 1050 4232 sub
1078 4158 1134 4231 eis
1162 4159 1368 4233 extendere
1388 4157 1630 4244 Mandatum,
1660 4159 1754 4234 Sed

228 4283 267 4356 si
295 4280 505 4376 receperint
545 4279 759 4354 mercedem
800 4305 871 4377 pro
912 4283 1093 4357 mandato
1133 4284 1181 4357 de
1222 4281 1461 4357 immittendo
1498 4284 1547 4357 ab
1575 4282 1754 4360 haerede

228 4405 342 4492 illius,
364 4408 400 4480 in
429 4405 534 4480 cuius
553 4407 785 4480 haereditate
805 4423 978 4504 repertae
998 4407 1135 4482 fuerint
1152 4409 1273 4483 dictae
1294 4408 1473 4492 Cedulae,
1495 4431 1569 4482 non
1589 4408 1756 4487 valeant

144 4583 146 4590 ι
238 4532 404 4626 recipere
446 4529 630 4614 mercede,
655 4539 731 4626 'pro
768 4531 947 4605 mandato
979 4533 1027 4606 de
1066 4531 1336 4631 Consignando
1376 4533 1413 4608 in
1449 4533 1523 4606 vim
1556 4533 1754 4611 dictarum

228 4653 478 4740 vCedularum,
510 4653 576 4729 nisi
605 4679 790 4729 summam
810 4655 973 4730 debitam
995 4658 1077 4731 loco
1097 4657 1300 4754 dupplicati
1320 4683 1389 4754 pro
1408 4657 1577 4753 quolibet
1597 4657 1752 4737 Banco.

315 4780 356 4853 ln
385 4779 585 4878 Rogitibus
606 4780 942 4854 instrumentorum
964 4781 1228 4858 Consensuum
1248 4782 1298 4857 ad
1315 4783 1594 4879 expeditionem
1613 4783 1756 4859 cuius-

235 4902 326 4978 libet
353 4903 521 4978 mandati
548 4905 596 4977 de
624 4904 797 4990 delendo,
820 4907 1057 5004 resignando,
1079 4907 1348 5006 consignando,
1367 4924 1407 4980 et
1426 4906 1598 4981 similium
1626 4932 1756 5004 prae-

237 5030 469 5112 standorum,
501 5029 531 5102 si
560 5027 687 5126 piures
716 5030 790 5102 sint
820 5029 1007 5105 Personae
1035 5033 1315 5106 consentientes
1343 5033 1452 5106 unico
1479 5049 1578 5116 actu,
1608 5047 1647 5105 et
1665 5059 1756 5130 pro

168 5151 171 5160 ‘
235 5153 370 5228 eodem
399 5153 598 5239 interesse,
629 5178 700 5250 pro
728 5178 803 5229 uno
832 5170 957 5230 tamen
986 5173 1072 5230 actu
1100 5157 1314 5232 mercedem
1343 5157 1524 5253 recipiant
1550 5157 1586 5230 in
1615 5157 1755 5254 primo

237 5279 371 5376 Capite
400 5281 502 5354 iuxta
531 5280 583 5353 rei
612 5280 777 5354 valorem
807 5293 847 5354 et
875 5283 1080 5356 dummodo
1100 5284 1197 5357 idem
1219 5281 1439 5356 Consensus
1468 5307 1543 5358 non
1571 5281 1756 5379 pendeat

235 5404 286 5477 ab
315 5403 442 5502 aliquo
469 5421 555 5478 actu
583 5403 834 5499 praecedenti,
866 5406 914 5479 de
942 5432 1019 5502 quo
1048 5409 1096 5481 sit
1122 5407 1221 5480 idem
1252 5407 1431 5482 Notarius
1458 5423 1626 5505 rogatus,
1654 5431 1754 5505 quo
