3748 5914
806 322 946 382 fraiv
1197 369 1215 410 ,
1569 324 1627 384 297

123 515 220 587 inter
238 540 281 588 se
299 515 460 603 videant,
482 534 725 615 cognoscant,
748 520 930 614 nobisque
950 520 1124 606 referant,
1146 535 1251 594 motu
1271 520 1378 593 simili
1397 519 1625 594 comittimus

123 655 164 712 et
191 639 430 716 mandamus:
460 643 624 736 p.missis
651 668 695 716 ac
723 643 1077 744 constitutionibus]
1109 639 1196 742 apcis
1225 646 1435 740 ceterisque
1462 643 1499 716 in
1536 645 1636 718 eon!

123 766 280 838 trarium
307 765 526 840 facientibus
555 769 894 844 nonobstantibus
922 770 1234 866 quibuscumque.

207 890 336 963 Placet
361 892 393 964 I.

207 1027 267 1086 P.lt
285 1035 372 1088 motu
393 1030 450 1103 pp⁰
469 1031 491 1088 1.

779 1361 780 1366 Ν
842 1318 927 1398 165.

125 1474 195 1550 Pit
220 1477 246 1548 I
250 1480 287 1552 V
308 1479 342 1576 (ι
354 1499 372 1570 5
380 1485 526 1572 59·156
532 1481 568 1574 5)
595 1479 810 1568 refhrmotio
843 1481 970 1554 Rotae.
1015 1523 1031 1534 ·
1075 1479 1285 1556 Comtitutia
1320 1483 1407 1556 ltaec
1442 1482 1626 1578 desm'pta

208 1603 248 1674 in
288 1602 403 1675 Libro
434 1601 733 1678 corstitutionum
767 1605 894 1690 Rotae,
932 1595 1121 1701 legebatur
1152 1607 1348 1702 quotannis
1379 1607 1419 1680 in
1450 1606 1508 1679 die
1543 1618 1623 1705 ope·
1709 1632 1710 1636 ¹

207 1724 353 1798 rabbitis
378 1729 481 1800 sacri
513 1726 738 1802 I'rrbunalis.

205 1882 321 1954 (Arcu.
330 1881 418 1956 Rom,
433 1881 587 1941 «constit.
597 1883 669 1942 Rot.
680 1883 757 1942 Pal.
769 1884 879 1958 Apost.
891 1883 987 1958 ›,sol.
1000 1886 1056 1944 66·
1065 1891 1097 1944 et
1107 1901 1170 1959 ssq.
1181 1904 1193 1954 ‚·
1210 1885 1332 1946 «Liber
1340 1886 1467 1946 Rotae»
1485 1885 1626 1952 constr't.,·

131 1971 431 2044 «Ordinationes»,
446 1977 535 2045 part.
555 1971 583 2042 I,
600 1989 634 2031 n.
655 1971 797 2042 XVIII).

1137 2119 1216 2192 1561,
1228 2117 1410 2178 decembris
1427 2117 1472 2190 27,
1491 2118 1625 2177 Romae.

209 2262 295 2335 Pius
318 2261 531 2359 Episcopus
551 2287 683 2336 servus
703 2287 897 2336 servorum
918 2263 991 2336 Dei
1008 2263 1058 2336 ad
1076 2279 1300 2360 perpetuam
1320 2264 1373 2337 rei
1392 2263 1623 2339 memoriam.

208 2387 256 2460 In
283 2386 414 2460 throno
441 2386 619 2473 lusanae,
650 2412 765 2482 super
791 2411 924 2462 omnes
956 2399 1091 2485 gentes
1127 2405 1167 2462 et
1203 2413 1331 2486 regna,
1362 2388 1504 2482 meritis
1541 2388 1628 2462 licet

126 2511 343 2608 imparibus,
373 2535 538 2608 superna
566 2511 810 2609 dispositione
838 2512 1041 2602 constituti,
1069 2513 1118 2586 ad
1145 2538 1191 2586 ea
1219 2537 1318 2608 quae
1337 2513 1425 2586 iuris
1452 2529 1492 2586 et
1520 2513 1626 2586 iusti-

126 2637 200 2711 tiae
229 2636 379 2724 cultum,
399 2661 443 2710 ac
470 2637 749 2712 observantiam
768 2653 1008 2740 concernunt,
1030 2636 1224 2736 dirigimus
1244 2638 1480 2734 potissimum
1507 2639 1625 2712 aciem

127 2778 282 2836 nostrae
297 2762 444 2849 mentis,
461 2776 504 2835 ut
517 2762 701 2834 universis
717 2760 939 2836 Nationibus
954 2762 1003 2834 ad
1018 2763 1147 2836 sedem
1167 2763 1437 2860 Apostolicam,
1460 2763 1626 2837 omnium

127 2885 290 2960 fidelium
319 2901 477 2960 matrem
505 2903 544 2961 et
572 2887 803 2983 magistram,
835 2912 904 2982 pro
935 2886 1066 2974 litium,
1092 2903 1131 2960 et
1163 2888 1501 2962 controversiarum
1530 2887 1628 2960 inter

126 3037 196 3086 eos
237 3013 442 3110 vigentium
483 3013 671 3086 decisione
713 3013 988 3086 recurrentibus
1019 3011 1143 3110 longis
1179 3013 1397 3086 indiciorum
1437 3012 1627 3086 curriculis
1732 2996 1740 3012 ⁸

128 3137 296 3222 sublatis,
326 3161 370 3209 ac
399 3138 612 3221 minoribus,
643 3162 757 3232 quam
786 3137 865 3210 fieri
892 3138 1033 3234 poterit
1052 3137 1270 3233 dispendiis,
1301 3153 1517 3233 opportune
1544 3161 1629 3212 con-

127 3263 284 3336 sulatur.
500 3255 515 3280 ⁸

215 3412 245 3462 1.
277 3387 377 3462 Sane
404 3404 608 3483 postquam
637 3413 705 3461 nos
733 3389 829 3461 circa
857 3388 982 3462 curiae
1003 3402 1156 3462 nostrae
1176 3389 1478 3462 reformationem
1497 3387 1627 3460 solerti

126 3511 254 3585 studio
281 3512 530 3598 intendentes,
561 3512 787 3609 reliquorum
816 3511 985 3586 eiusdem
1014 3513 1151 3588 Curiae
1187 3512 1437 3600 tribunalium,
1470 3527 1510 3586 et
1537 3511 1628 3586 offi—

126 3637 269 3712 ciorum
288 3637 600 3722 emendationem,
621 3655 660 3710 et
679 3639 948 3712 correctionem
976 3663 1060 3712 cum
1095 3638 1166 3712 Dei
1195 3637 1343 3724 auxilio,
1365 3655 1405 3712 et
1437 3639 1627 3712 venerabi-

126 3758 216 3834 lium
245 3760 399 3836 fratrum
428 3779 644 3836 nostrorum
674 3762 711 3836 S.
734 3763 779 3838 R.
801 3762 845 3838 E.
877 3762 1128 3837 Cardinalium
1149 3763 1315 3851 consilio,
1336 3763 1491 3837 feliciter
1517 3787 1628 3860 pere-

127 3887 262 3984 gimus,
298 3887 450 3960 demum
490 3885 539 3959 ad
575 3886 702 3982 palatii
739 3889 858 3960 nostri
894 3887 1131 3972 auditorium,
1171 3889 1207 3960 in
1249 3913 1325 3983 quo
1367 3889 1625 3961 universorum

128 4010 434 4085 Christifidelium
462 4011 657 4109 graviores
697 4035 835 4085 causae
872 4037 941 4108 per
967 4011 1165 4086 duodecim
1203 4038 1372 4086 summae
1399 4012 1557 4098 virtutis,
1587 4027 1628 4084 ct

126 4135 320 4211 doctrinae
346 4138 459 4220 viros,
489 4161 536 4210 ex
564 4137 738 4211 omnibus
771 4137 899 4209 mundi
934 4137 1105 4233 partibus
1141 4161 1280 4234 magna
1314 4162 1397 4210 cum
1434 4137 1627 4234 diligentia

126 4261 370 4358 conquisitos,
393 4277 538 4335 mature
556 4278 847 4358 cognoscuntur,
867 4278 906 4336 et
925 4285 1165 4362 magnacum
1185 4263 1413 4359 integritate,
1430 4277 1470 4335 et
1488 4262 1628 4335 institia

128 4387 386 4472 terminantur,
414 4386 578 4460 animum
606 4387 823 4460 adiecimus.
855 4386 905 4460 Et
931 4384 1017 4459 licet
1053 4386 1089 4458 in
1125 4389 1260 4460 eodem
1298 4387 1471 4460 tribunali
1507 4411 1626 4481 pauca

6 4607 29 4616 ΙΙ
127 4510 334 4584 admodum
361 4512 593 4586 correctione
621 4513 737 4608 digna
763 4509 1041 4596 offenderimus,
1075 4511 1311 4585 nihilominus
1339 4527 1381 4584 ut
1409 4510 1495 4585 nihil
1536 4511 1627 4584 inta-

126 4651 228 4708 ctum
257 4633 565 4730 relinqueremus,
595 4634 771 4709 nonnulla
798 4636 924 4731 potius
943 4661 1014 4732 pro
1031 4636 1157 4709 litibus
1175 4635 1447 4721 abbreviandis,
1469 4661 1513 4708 ac
1541 4658 1629 4730 par·

127 4759 222 4834 tium
251 4759 457 4855 dispendiis
483 4761 679 4846 evitandis,
711 4757 770 4834 vel
799 4760 933 4834 saltem
961 4761 1183 4844 minuendis,
1213 4760 1356 4835 vocatis
1392 4759 1484 4855 ipsis
1512 4759 1628 4833 Audi·

127 4883 284 4968 toribus,
314 4908 358 4956 ac
385 4884 536 4979 pluries,
559 4899 635 4958 tam
664 4885 700 4957 in
727 4907 830 4969 voce,
862 4907 974 4979 quam
995 4885 1198 4980 inscriptis
1225 4882 1373 4968 auditis,
1394 4881 1629 4979 providenda

128 5007 355 5082 censuimus.

211 5157 245 5208 2.
276 5133 327 5206 Et
345 5132 481 5208 idcirco
508 5133 556 5208 de
583 5134 791 5208 eorundem
819 5135 976 5208 fratrum
1005 5149 1219 5210 nostrorum
1237 5134 1403 5221 consilio,
1425 5134 1628 5208 statuimus

128 5275 168 5332 et
194 5257 424 5345 ordinamus,
453 5259 556 5356 quod
585 5260 632 5333 de
660 5275 810 5334 caetero
839 5261 1033 5357 perpetuis
1061 5261 1193 5334 futuris
1222 5259 1466 5358 temporibus,
1488 5259 1537 5332 ad
1556 5259 1628 5333 tol-

128 5379 280 5458 lendum
309 5382 653 5480 multiplicationem
682 5385 997 5472 commissionum,
1027 5403 1066 5459 et
1093 5384 1322 5482 parcendum
1358 5383 1560 5469 laboribus,
1590 5399 1629 5456 et
