3686 5916
699 311 879 372 Benedr'cto
896 311 986 373 XIV
1536 313 1592 372 535

171 503 243 577 Per
269 519 490 601 praesentes
518 519 646 578 autem
674 522 825 580 nostras
853 505 1000 580 Literas
1020 529 1092 580 non
1121 505 1347 578 intendimus
1370 507 1591 600 cuicumque

89 628 346 714 cumulativae,
377 643 442 703 aut
469 629 675 727 privativae
703 629 969 704 iurisdictionis
997 629 1036 705 S.
1067 629 1113 704 R.
1144 629 1188 705 E.
1219 629 1492 714 Cardinalibus,
1523 654 1593 702 nec

89 777 163 826 non
198 753 335 828 Curiae
367 753 578 828 Causarum
616 753 800 828 Camerae
830 755 1084 852 Apostolicae,
1124 755 1281 852 aliisque
1316 755 1438 830 dictae
1476 754 1591 829 Urbis

90 877 228 965 Curiis,
265 894 304 952 et
338 877 614 966 Tribunalibus,
650 905 695 953 ac
728 849 1109 979 Cohgregationibus,
1148 894 1188 954 et
1221 880 1408 955 ludicibus
1443 881 1479 954 in
1516 880 1591 953 vim

89 1002 243 1077 alicuius
272 1003 560 1078 Constitutionis
580 1004 838 1100 Apostolicae,
858 1007 1061 1080 attributae
1088 1021 1129 1079 et
1150 1006 1388 1102 competenti,
1410 1006 1446 1078 in
1464 1005 1591 1100 aliquo

89 1127 357 1224 praeiudicare.

172 1251 225 1325 Ut
251 1277 344 1326 vero
364 1267 585 1350 praesentes
605 1253 754 1328 Literae
772 1253 822 1326 ad
841 1254 1006 1328 omnium
1026 1254 1193 1328 notitiam
1214 1251 1355 1328 facilius
1378 1252 1588 1339 deveniant,

89 1375 263 1452 volumus
291 1397 330 1452 et
358 1378 604 1464 decernimus,
634 1379 789 1452 easdem
818 1393 1038 1476 praesentes
1057 1379 1106 1454 ad
1126 1378 1267 1453 Valvas
1292 1377 1473 1453 Basilicae
1493 1379 1592 1452 Prin·

90 1502 184 1597 cipis
221 1502 506 1598 Apostolorum,
536 1519 576 1577 et
614 1503 867 1578 Cancellariae
899 1504 1154 1600 Apostolicae,
1194 1505 1301 1579 acin
1335 1503 1429 1578 Acie
1458 1503 1592 1601 Campi

91 1627 239 1712 Florae,
268 1627 426 1724 aliisque
454 1628 544 1703 locis
571 1627 690 1704 solitis
718 1644 757 1702 et
785 1629 987 1713 consuetis,
1009 1653 1078 1724 per
1100 1627 1265 1724 aliquem
1292 1653 1340 1702 ex
1360 1627 1590 1703 Cursoribus

90 1753 229 1826 nostris
256 1749 446 1849 publicari,
477 1768 516 1826 et
534 1751 679 1827 illarum
707 1754 879 1851 exempla
906 1752 1042 1828 ibidem
1070 1753 1182 1827 affixa
1209 1754 1385 1848 relinqui;
1415 1779 1514 1850 quae
1538 1752 1590 1827 sic

88 1877 298 1973 publicatae
326 1893 367 1950 et
392 1877 537 1962 affixae,
568 1902 699 1952 omnes
731 1899 770 1953 et
798 1879 978 1977 singulos,
1008 1903 1106 1975 quos
1143 1893 1382 1964 concernunt,
1410 1879 1447 1952 in
1486 1876 1591 1952 Urbe

88 2020 376 2088 commorantes,
397 2003 553 2098 perinde
571 2003 735 2078 afficiant
751 2020 792 2078 et
818 2019 974 2091 arctent,
995 2030 1040 2079 ac
1059 2005 1089 2078 si
1113 2003 1260 2079 illorum
1288 2004 1485 2100 unicuique
1505 2029 1591 2100 per-

88 2127 269 2201 sonaliter
295 2127 488 2201 intimatae
516 2142 555 2201 et
588 2127 800 2203 notificatae
827 2128 1002 2218 fuissent3
1035 2131 1215 2226 quodque
1253 2128 1456 2202 earundem
1485 2153 1591 2225 prae·

87 2251 249 2325 sentium
286 2251 553 2348 Transumptis
589 2267 628 2326 et
663 2252 856 2350 exemplis,
891 2254 1004 2328 etiam
1042 2253 1246 2350 impressis,
1287 2277 1398 2326 manu
1435 2250 1590 2327 alicuius

88 2375 234 2450 Notarii
272 2376 407 2473 publici
436 2377 668 2474 subscriptis,
699 2393 738 2450 et
769 2376 891 2476 sigillo
918 2378 1073 2452 alicuius
1103 2376 1292 2453 Personae
1327 2379 1363 2451 in
1393 2376 1590 2476 Dignitate

88 2501 350 2575 Ecclesiastica
369 2501 595 2575 constitutae
615 2501 778 2588 munitis,
795 2505 930 2576 eadem
948 2527 1105 2600 prorsus
1126 2502 1265 2599 ubique
1283 2483 1377 2576 fides
1395 2503 1432 2576 in
1452 2501 1590 2576 Iudicio
1659 2493 1662 2500 ’

89 2640 128 2699 et
145 2644 253 2699 extra
273 2625 362 2699 illud
381 2625 574 2712 habeatur,
596 2627 804 2723 quaeipsis
833 2628 1093 2722 praesentibus
1111 2625 1355 2725 originalibus
1373 2625 1587 2713 haberetur,

89 2748 863 2826 mmfflmfflmmf

169 2871 269 2948 Nulli
296 2891 391 2971 ergo
419 2875 572 2949 omnino
594 2875 800 2950 Hominum
820 2875 930 2950 liccat
956 2879 1132 2976 paginam
1161 2877 1258 2950 hanc
1276 2891 1428 2950 nostrae
1448 2873 1591 2950 Defini-

84 3001 207 3086 tionis,
227 2999 512 3084 Declarationis‚
532 3001 744 3087 Divisionis,
767 3001 1036 3088 Ordinationis,
1058 3001 1305 3090 Statutorum,
1324 2999 1587 3086 Decretorum,

84 3140 125 3199 ct
152 3121 400 3198 Voluntatum
429 3125 639 3223 infringere,
670 3124 730 3198 vel
767 3127 813 3212 ei,
843 3151 935 3200 ausu
965 3127 1175 3213 temerario,
1206 3127 1403 3201 contraire.
1433 3125 1473 3199 Si
1505 3125 1590 3220 quis
1705 3129 1712 3142 '

83 3263 210 3322 autem
231 3249 303 3322 hoc
329 3264 518 3322 attentare
537 3251 844 3346 praesumpserit,
867 3251 1161 3350 indignationem
1187 3249 1469 3348 Omnipotentis
1503 3249 1586 3335 Dei,

83 3400 128 3447 ac
159 3373 233 3448 BB.
266 3373 365 3446 Petri
393 3389 432 3447 et
462 3372 575 3458 Pauli,
606 3375 878 3471 Apostolorum
907 3377 1064 3450 eiusne
1092 3377 1540 3474 noveritincursurum..·

169 3499 310 3572 Datum
347 3498 503 3583 Romae,
540 3500 644 3595 apud
675 3499 712 3576 S.
753 3501 912 3575 Mariam
942 3501 1137 3586 Maiorem,
1173 3503 1286 3575 Anno
1320 3499 1588 3576 lncarnationis

85 3623 308 3698 Dominicae
350 3641 559 3710 unccxnvr,
603 3624 721 3700 Sexto
760 3625 891 3701 Nonas
934 3625 1129 3714 Octobris,
1174 3625 1415 3700 Pontificatus
1457 3625 1588 3700 Nostri

84 3750 202 3823 Anno
231 3769 296 3824 vn.

168 3891 195 3966 l.
227 3891 418 3968 Datarius.

964 4017 1036 4092 Pro
1065 4016 1114 4091 D.
1145 4016 1297 4091 Cardin.
1329 4015 1531 4093 Passionei.

963 4141 1018 4217 lo:
1049 4141 1197 4217 Florius
1225 4141 1473 4218 Substitutus.

369 4266 461 4341 Visa

169 4389 229 4463 De
259 4389 372 4464 Curia
400 4391 425 4466 l.
457 4389 501 4468 C.
533 4389 681 4467 Boschi.

1192 4516 1218 4590 l.
1250 4517 1292 4590 B.
1323 4515 1529 4614 Eugenium

168 4637 270 4712 Loco
288 4639 334 4733 »Β
353 4636 506 4714 Plumbi.

170 4762 391 4860 Registrata
418 4762 455 4835 in
484 4761 694 4839 Secretaria
722 4763 909 4841 Brevium.

167 4990 282 5063 Anno
309 5012 331 5062 a
360 4989 565 5063 Nativitate
595 4989 745 5064 Domini
775 4989 905 5064 Nostri
932 4991 1016 5066 lesu
1046 4989 1186 5064 Christi
1214 4989 1412 5065 Millesimo
1445 4991 1589 5086 septin-

83 5112 300 5212 gentesimo
335 5113 629 5212 quadragesimo
666 5130 788 5202 sexto,
826 5113 1030 5190 lndictione
1067 5115 1190 5200 Nona,
1220 5115 1280 5188 die
1314 5139 1406 5189 vero
1442 5115 1587 5190 decima

85 5237 274 5326 Octobris,
307 5237 555 5314 Pontificatus'
574 5255 700 5314 autem
729 5239 962 5314 Sanctissimi
981 5240 1018 5314 in
1038 5239 1191 5314 Christo
1219 5239 1351 5325 Patris,
1377 5255 1416 5314 et
1436 5239 1587 5316 Domini

86 5361 218 5436 Nostri
246 5363 295 5438 D.
327 5361 520 5437 Benedicti
548 5363 684 5437 Divina
713 5363 952 5439 Providentia
980 5364 1106 5461 Papae
1133 5363 1237 5438 XIV.
1267 5366 1380 5439 Anno
1417 5365 1588 5460 Septimo
