3708 5918
224 305 262 364 68
852 303 989 363 Socculo
1007 303 1095 363 XIV

226 501 427 576 Iohannem
451 500 564 574 certis
583 525 630 573 ex
648 499 771 573 causis
790 500 986 574 occasione
1005 499 1229 597 receptionis
1248 498 1461 575 huiusmodi
1479 501 1723 598 appellarant,

226 628 275 701 ad
309 626 561 724 assistendum
598 639 743 699 tantum
776 625 875 699 dicto
909 625 1090 724 magistro
1125 625 1238 700 Petro
1273 624 1310 699 in
1338 626 1455 722 ipsius
1492 653 1606 702 cause
1642 653 1727 726 pro-

228 752 430 837 secutione,
465 774 512 822 ne
549 751 584 822 in
619 773 664 823 ea
698 749 960 836 colluderetur,
999 749 1179 836 admissu,
1218 750 1368 823 demum
1405 751 1592 826 Auditore
1628 754 1727 826 viam

227 875 400 948 universe
428 873 548 948 earnis
575 875 761 970 ingresso,
780 890 819 948 et
852 899 966 948 causa
994 874 1074 970 ipsa
1111 897 1235 947 coram
1273 874 1430 949 diversis
1466 875 1725 963 Auditoribus,

227 1000 364 1095 quibus
391 1000 603 1074 successive
630 1000 678 1072 ab
705 999 840 1073 eadem
868 997 968 1073 Sede
997 999 1196 1072 commissa
1232 997 1364 1086 extitit,
1385 1000 1538 1099 agitata,
1570 999 1727 1075 dilectus

228 1123 323 1197 filius
360 1123 541 1220 magister
577 1119 757 1195 Onusrius
796 1123 844 1196 de
881 1121 1028 1207 Trebis,
1073 1121 1301 1220 Capelianus
1339 1138 1468 1198 noster
1503 1139 1543 1198 et
1578 1125 1729 1199 auditor

229 1273 425 1322 causarum
454 1245 580 1344 palatii
607 1247 803 1320 memorati
830 1274 852 1320 a
882 1247 989 1321 nobis
1017 1247 1053 1320 in
1082 1247 1215 1320 eadem
1241 1270 1356 1320 causa
1384 1249 1588 1344 deputatus
1607 1249 1729 1323 Audi·

228 1390 299 1457 tor,
338 1371 427 1445 visis
471 1385 510 1444 et
554 1371 691 1445 auditis
737 1372 821 1445 hinc
859 1371 944 1444 inde
981 1371 1197 1468 propositis,
1241 1371 1472 1446 diffinitivam
1516 1398 1587 1468 pro
1627 1373 1728 1447 dicto

228 1498 392 1572 iohanne
438 1496 662 1571 sententiam
699 1496 962 1594 promulgavit,
1000 1494 1198 1593 ipsumque
1232 1519 1256 1586 a
1290 1496 1470 1594 petitione
1506 1496 1594 1571 dicti
1629 1497 1728 1571 Petri

230 1619 412 1696 Bernardi
438 1617 650 1704 absolvens,
680 1637 719 1694 et
751 1619 873 1694 eidem
902 1619 1014 1693 Petro
1047 1621 1243 1718 imponens
1280 1639 1506 1718 perpetuum
1541 1621 1727 1696 silentium

230 1770 430 1841 supereo,
460 1745 714 1842 pronuntiavit
742 1769 813 1840 pro
841 1763 949 1841 parte
986 1744 1073 1817 dicti
1111 1743 1212 1818 Petri
1249 1745 1429 1819 Bernardi
1465 1748 1562 1819 male
1590 1747 1626 1819 in
1659 1745 1729 1819 hac

229 1888 337 1968 parte
364 1869 606 1967 appellatum,
622 1884 676 1943 'et
702 1895 772 1966 pro
800 1871 900 1944 dicto
919 1869 1084 1944 Iohanne
1102 1871 1199 1944 bene
1218 1894 1436 1966 processum
1460 1871 1586 1957 luisse,
1608 1871 1728 1945 decla=
1848 1905 1849 1910 ¹

229 1996 348 2069 rando
362 1993 620 2069 nichilominus
633 1995 877 2098 prebendam,
893 2019 968 2090 que
983 2011 1073 2091 post
1091 1995 1342 2091 receptionem
1363 1994 1521 2092 sepefati
1541 1996 1726 2082 iohannis,

230 2145 298 2218 per
324 2119 645 2194 consecrationem
680 2121 778 2194 bone
817 2120 997 2194 memorie
1035 2120 1226 2208 Bernardi,
1262 2121 1430 2217 episcopi
1459 2121 1726 2209 Ruthenensis,

204 2335 206 2338 ι
231 2243 320 2319 olim
348 2243 467 2340 ipsius
494 2245 651 2318 ecclesie
669 2243 847 2330 canonici,
868 2245 903 2316 in
921 2243 1079 2319 ecclesia
1097 2246 1191 2342 ipsa,
1213 2245 1426 2319 huiusmodi
1444 2245 1508 2320 lite
1526 2246 1727 2342 pendente,

230 2384 392 2456 vacarat,
409 2370 489 2443 fore
517 2370 618 2444 dicto
645 2369 803 2442 Iohanni
832 2385 1023 2467 tamquam
1051 2371 1121 2444 sibi
1148 2369 1313 2444 debitam
1332 2370 1605 2457 conferendam,
1627 2368 1749 2444 eide.

231 2496 313 2592 ipsa
339 2495 452 2571 etiam
481 2495 725 2592 providendo
755 2520 883 2591 aqua
921 2497 1108 2570 sententia
1141 2521 1212 2593 pro
1248 2511 1357 2591 parte
1384 2496 1471 2570 dicti
1500 2497 1599 2570 Petri
1637 2497 1730 2570 Ber-

232 2623 337 2695 nardi
363 2622 413 2695 ad
441 2619 626 2716 prefatam
656 2622 786 2695 sedem
814 2621 936 2695 extitit
962 2619 1204 2717 appellatum.
1235 2621 1392 2717 Nosque
1420 2621 1539 2717 ipsius
1560 2619 1730 2717 appella-

231 2745 351 2834 tionis,
381 2746 429 2819 ab
457 2745 591 2819 eadem
625 2745 812 2819 sententia
847 2746 1048 2833 interiecte,
1079 2769 1230 2820 causam
1265 2744 1401 2820 dilecto
1434 2745 1510 2820 filio
1546 2745 1730 2844 magistro

228 2871 381 2968 Symoni
409 2869 457 2943 de
478 2863 668 2958 Marulla,
691 2869 897 2967 Capellano
926 2887 1067 2958 nostro,
1090 2871 1323 2946 thesaurario
1343 2871 1506 2945 Metensi
1535 2886 1575 2944 et
1602 2895 1730 2944 causa-

229 3022 310 3070 rum
339 2995 509 3092 prelibati
537 2994 664 3092 palatii
682 2995 868 3083 Auditori,
899 2995 1124 3069 audiendam
1152 2995 1403 3069 commisimus
1432 3012 1471 3068 et
1497 2996 1570 3069 fine
1602 2993 1731 3070 debito

231 3119 512 3195 terminandam.
543 3119 682 3194 Coram
719 3145 806 3216 qu0,
837 3121 923 3194 licet
950 3145 1019 3217 per
1057 3136 1323 3216 procuratores
1351 3113 1533 3195 dictarum
1567 3122 1730 3217 partium

232 3245 445 3341 aliquandiu
466 3244 629 3318 fueritin
657 3269 772 3318 causa
796 3245 878 3341 ipsa
897 3251 1129 3342 processum,
1149 3244 1272 3319 adhuc
1301 3261 1427 3320 tamen
1455 3246 1588 3320 eadem
1616 3271 1732 3321 causa

232 3384 403 3444 remanet
428 3367 602 3442 indecisa.
634 3367 730 3443 Cum
759 3386 898 3457 autem,
928 3370 1023 3443 sicut
1040 3369 1190 3458 asseris,
1220 3395 1268 3443 ex
1286 3370 1498 3444 huiusmodi
1518 3373 1728 3467 questione,

233 3495 268 3568 in
296 3494 441 3590 prelata
469 3493 703 3568 Ruthenensi
731 3494 889 3568 ecclesia
918 3494 1113 3578 discordie,
1135 3495 1308 3579 scissure,
1338 3491 1592 3569 et'scandala'
1601 3495 1732 3593 gravia

234 3619 307 3692 sint
333 3634 476 3700 exorta,
507 3617 718 3712 exquibus
747 3635 909 3714 possunt
947 3634 1022 3692 tam
1059 3618 1182 3691 eidem
1216 3617 1372 3692 ecclesie
1407 3643 1518 3713 quam
1557 3619 1730 3715 personis

230 3743 347 3838 ipsius
375 3742 539 3838 pericula
567 3742 764 3836 provenire
792 3767 862 3838 pro
889 3769 936 3817 eo
965 3744 1124 3818 maxime
1153 3743 1257 3838 quod
1285 3741 1450 3816 nonnulli
1477 3769 1525 3816 ex
1544 3743 1728 3818 canonicis

227 3865 383 3941 ecclesie
412 3881 618 3940 memorate
646 3891 714 3962 per
741 3868 997 3964 receptionem
1025 3868 1112 3941 dicti
1131 3867 1305 3941 iohannis
1323 3884 1363 3941 et
1383 3868 1633 3964 provisionem
1659 3867 1728 3940 sibi
1848 3915 1849 3922 κ

233 3991 369 4064 factam
379 3992 430 4064 de
449 3991 616 4087 predicta
635 3993 827 4088 prebenda
843 3991 1062 4089 preiudicari
1077 3993 1204 4066 dicunt
1223 3993 1374 4065 statutis
1391 3991 1554 4090 Capituli
1573 3991 1729 4066 ecclesie

233 4117 425 4212 prelibate,
463 4117 599 4214 aliique
636 4118 802 4192 canonici
839 4119 1009 4192 eiusdem
1045 4119 1200 4192 ecclesie
1238 4119 1462 4193 contrarium
1497 4135 1727 4205 asseverant,

235 4242 342 4315 nobis
372 4241 559 4314 humiliter
590 4242 817 4338 supplicasti,
856 4258 899 4315 ut
935 4243 1147 4316 huiusmodi
1183 4239 1382 4338 questioni,
1412 4242 1609 4329 discordie,
1640 4243 1732 4316 scis-

236 4390 323 4440 sure
351 4389 394 4439 ac
414 4365 601 4440 scandalis
629 4368 827 4464 providere
851 4369 899 4441 de
927 4367 1036 4442 celeri
1064 4384 1104 4442 et
1132 4368 1271 4441 salubri
1290 4369 1456 4442 remedio
1477 4368 1730 4465 dignaremur.

235 4491 317 4564 Nos
345 4492 467 4589 igitur,
497 4491 561 4588 qui
590 4480 748 4566 libenter
777 4492 917 4567 Christi
944 4493 1114 4568 fidelibus
1134 4494 1270 4589 quietis
1289 4507 1328 4565 et
1347 4493 1450 4589 pacis
1468 4493 1628 4566 comoda
1648 4519 1731 4589 pro-

235 4639 409 4689 curamus
427 4631 467 4690 et
484 4617 668 4690 evitamus
697 4617 876 4692 scandala
903 4633 943 4691 et
970 4617 1133 4714 pericula
1162 4618 1258 4691 inter
1284 4643 1363 4704 eos,
1394 4634 1591 4713 sperantes
1626 4619 1731 4713 quod

235 4765 305 4836 per
332 4757 381 4826 te,
411 4740 475 4837 qui
503 4742 550 4815 de
578 4740 677 4815 sacto
705 4758 745 4815 et
771 4740 856 4815 lacti
885 4743 1171 4817 circumstantiis
1205 4744 1345 4817 habere
1381 4743 1524 4839 poteris
1561 4743 1731 4817 notitiam

235 4863 450 4962 pleniorem,
482 4891 596 4963 super
623 4866 690 4952 hiis
719 4868 858 4962 poterit
886 4867 1085 4941 salubriter
1112 4867 1310 4964 provideri,
1341 4867 1561 4941 fraternitati
1580 4883 1644 4942 tue
1664 4892 1734 4964 per

232 4983 441 5084 apostolica
469 4992 609 5086 scripta
637 4993 869 5078 mandamus,
899 4993 1076 5088 quatinus
1105 4992 1318 5066 huiusmodi
1346 5015 1495 5064 causam
1525 5007 1564 5064 et
1595 4989 1733 5088 depen-

234 5115 369 5186 dentes
396 5116 445 5188 ab
473 5117 564 5210 ipsa,
589 5140 661 5188 non
682 5117 919 5191 obstantibus
937 5117 1251 5214 appellationibus
1271 5115 1502 5214 interpositis
1521 5131 1560 5190 et
1579 5141 1734 5214 proces-

236 5239 340 5313 sibus
369 5239 540 5313 omnibus
560 5240 694 5314 habitis
715 5241 751 5313 in
778 5241 923 5328 eadem,
946 5267 1012 5315 seu
1032 5243 1135 5339 quod
1155 5267 1280 5316 coram
1309 5241 1410 5315 dicto
1429 5239 1593 5346 Symone
1612 5243 1735 5316 Audi-

237 5381 319 5438 tore
347 5365 521 5451 noscitur,
545 5381 586 5437 ut
612 5366 851 5462 premittitur,
873 5366 908 5437 in
938 5365 1051 5440 Curia
1071 5369 1241 5440 Romana
1260 5365 1436 5462 pendere,
1457 5365 1550 5438 infra
1570 5365 1732 5442 duorum
