3686 5916
723 293 889 354 Clemente
907 293 998 356 XIII
1551 299 1605 358 591

101 485 279 581 proxime
307 485 510 582 praeterito
538 487 652 561 Anno
679 505 774 572 acta,
806 487 885 560 sive
921 489 971 562 ad
1007 490 1127 564 officia
1169 489 1295 564 delata
1331 489 1445 576 luere,
1477 476 1608 586 sicque

100 609 154 682 de
192 612 303 684 Anno
331 611 367 683 in
395 612 546 684 Annum
575 628 791 711 peragatur,
832 626 874 684 ut
900 613 1024 688 omnia
1062 615 1342 688 successoribus
1380 614 1476 687 tradi
1519 640 1608 712 pos-

100 738 194 812 sint.
217 735 335 810 Curet
353 761 516 832 quoque,
547 750 590 808 ut
617 736 814 810 universae
842 736 979 811 Curiae
1007 740 1202 814 Romanae
1221 741 1431 827 commodo,
1453 755 1608 837 pateant

101 860 244 934 Officia
272 858 427 957 singulis
453 884 526 934 non
554 860 694 934 feriatis
723 861 867 946 diebus,
896 887 940 935 ac
968 863 1082 937 etiam
1110 864 1263 950 seriatis,
1284 865 1490 938 dummodo
1509 864 1557 938 illi
1571 864 1607 936 in

100 987 192 1081 ipso
220 984 421 1058 Auditorio
449 984 588 1059 iuridici
615 985 699 1070 sint,
730 987 779 1059 ab
807 985 908 1072 hora,
939 1011 1016 1082 qua
1044 989 1193 1085 signum
1215 988 1433 1086 Campanae
1472 988 1608 1063 Curiae

102 1110 294 1184 Camerae
323 1109 568 1207 Apostolicae
596 1111 675 1184 dari
704 1109 810 1197 solet,
842 1128 921 1184 tum
936 1108 1132 1186 'matutina
1161 1114 1359 1211 usquead
1400 1114 1605 1200 meridiem,

101 1252 187 1310 tum
216 1234 432 1333 vespertina
460 1259 581 1330 usque
609 1236 657 1308 ad
686 1233 776 1308 solis
805 1261 980 1309 occasum
1008 1262 1052 1310 ac
1088 1236 1304 1312 facultatem
1338 1239 1476 1313 habeat
1513 1238 1608 1314 alios

101 1361 299 1448 Notarios‚
330 1361 585 1446 substitutum,
616 1377 655 1433 et
683 1359 890 1448 Ministros,
920 1375 961 1434 nt
990 1361 1133 1436 Officiis
1171 1363 1342 1437 intersint
1379 1379 1418 1437 et
1455 1364 1608 1459 propria

99 1511 263 1560 munera
290 1487 520 1581 adimpleant
547 1485 734 1584 adigendi‚
766 1485 903 1560 indicta
930 1485 1056 1584 aliqua
1084 1491 1299 1586 pecuniaria
1323 1490 1473 1576 mulcta,
1504 1504 1542 1562 et
1571 1488 1607 1560 in

100 1627 284 1686 eventum
312 1610 482 1685 defectus
509 1610 662 1684 alicuius
689 1611 848 1686 mulctas
876 1612 1089 1708 persolutae
1117 1616 1213 1687 inter
1248 1614 1504 1712 diligentiores
1537 1638 1606 1687 suo

98 1738 261 1812 arbitrio
288 1737 497 1811 distribuat.

185 1861 362 1958 Cumque
389 1861 471 1956 ipse
500 1859 679 1934 Notarius
708 1860 940 1956 praesidens,
971 1861 1252 1937 administrator
1271 1888 1425 1960 quoque
1444 1887 1606 1960 proven·

100 2005 222 2070 tuum,
267 2002 307 2060 et
347 1985 685 2060 emolumentorum
721 1985 886 2059 omnium
929 2011 1016 2060 esse
1057 1988 1204 2074 debeat,
1236 1986 1321 2061 ideo
1363 1987 1603 2086 designatum

99 2114 243 2186 habeat
270 2110 414 2192 librum,
445 2111 584 2207 inquo
613 2108 740 2182 dietim
769 2110 924 2206 proprio
961 2111 1178 2186 charactere
1212 2128 1418 2208 proventus
1460 2135 1605 2198 omnes,

99 2256 139 2314 et
166 2261 359 2334 expensas
386 2235 554 2322 adnotet,
583 2252 622 2308 et
658 2237 706 2310 ab
738 2235 819 2309 aliis
863 2235 1030 2312 Notariis
1059 2237 1226 2334 qualibet
1263 2238 1511 2312 hebdomada.
1539 2234 1604 2310 -vel

100 2363 239 2438 saltem
277 2361 369 2434 inira
397 2384 566 2434 mensem
594 2361 760 2434 rationes
788 2360 955 2462 recipiat.¹
974 2363 1077 2436 Idem
1096 2387 1248 2459 quoque
1282 2363 1417 2437 salaria
1436 2363 1602 2437 Notariis

99 2489 202 2586 ipsis,
227 2487 455 2574 Substitut0,
476 2485 661 2568 Adiutori,
682 2501 721 2559 et
736 2486 888 2560 Novitio
907 2486 1009 2560 iuxta
1029 2487 1296 2563 resolutionem
1316 2488 1437 2562 dictae
1457 2505 1605 2586 postre-

101 2640 184 2688 mae
229 2610 557 2709 Congregationis,
597 2612 788 2685 mensibus
822 2610 989 2710 singulis,
1033 2637 1080 2686 ex
1110 2615 1351 2710 proventibus
1381 2613 1602 2688 Olficiorum

99 2737 317 2836 persolvat:
348 2733 528 2828 Quolibet
554 2761 645 2809 vero
674 2737 798 2820 Anno,
830 2760 898 2833 pro
941 2751 1112 2832 tempore
1140 2739 1315 2812 existenti
1352 2737 1606 2812 Thesaurario

104 2861 282 2938 Generali
309 2877 521 2934 accuratam
551 2860 732 2934 rationem
762 2859 896 2934 reddat
916 2877 1167 2958 proventuum
1188 2864 1351 2937 omnium
1386 2877 1604 2936 exactorum

104 3004 142 3061 et
169 3010 434 3084 expensarum,
464 3009 563 3081 quae
590 2985 662 3057 iam
690 2984 908 3082 praefinitae
946 3003 1044 3073 sunt,
1085 3003 1125 3060 et
1156 2987 1311 3062 aliarum
1343 2989 1467 3074 etiam,
1507 3012 1604 3084 quae

105 3113 257 3207 praevia
285 3127 411 3184 tamen
438 3111 722 3206 approbatione,
757 3135 801 3190 ac
842 3111 890 3186 de
934 3111 1117 3186 Mandato
1158 3113 1328 3187 eiusdem
1361 3111 1606 3187 Thesaurarii

105 3235 303 3334 generalis,
332 3250 371 3308 et
398 3259 472 3308 non
499 3233 603 3318 alias,
633 3235 853 3334 contingere
881 3251 1071 3333 poterunt.
1088 3233 1203 3330 Quod
1232 3263 1321 3312 vero
1350 3239 1538 3334 supererit
1568 3238 1604 3309 in

108 3359 266 3434 Camera
294 3359 516 3457 Apostolica
544 3360 695 3433 omnino
722 3359 860 3456 deponi
888 3361 1027 3435 debeat
1054 3363 1155 3435 unde
1182 3363 1232 3436 ad
1263 3361 1465 3437 faciliorem
1503 3387 1606 3436 com-

105 3500 280 3580 putorum
319 3483 564 3559 redditionem
607 3485 787 3558 Notarius
822 3483 881 3558 ille
917 3486 1138 3582 praesidens
1175 3486 1209 3559 in
1238 3485 1385 3562 duabus
1422 3486 1606 3560 distinctis

105 3611 213 3683 Arcis
242 3609 423 3708 pecunias
442 3609 618 3694 servabit,
641 3609 677 3681 in
706 3634 780 3684 una
797 3609 970 3686 videlicet
996 3624 1204 3706 proventus
1232 3636 1363 3684 omnes
1384 3611 1604 3686 Officiorum

105 3735 153 3808 ad
182 3735 384 3809 Cameram
412 3733 672 3830 Apostolicam
700 3734 976 3831 pertinentium,
998 3750 1038 3808 et
1065 3735 1101 3807 in
1128 3735 1200 3810 alia
1228 3761 1274 3810 ea
1293 3738 1434 3810 incerta
1460 3735 1605 3811 emolu-

105 3876 242 3946 menta,
275 3885 374 3956 quae
400 3860 497 3933 inter
525 3859 628 3956 ipsos
657 3875 746 3933 sunt
772 3858 985 3933 dividenda.

184 3985 235 4059 Et
263 3985 440 4082 quoniam
469 4001 632 4080 quatuor
659 3983 788 4058 officiis
817 4009 885 4081 per
919 3985 1000 4058 Nos
1029 3988 1257 4082 suppressis,
1289 3984 1446 4060 totidem
1484 3986 1605 4060 Nota-

105 4108 180 4180 rios
209 4109 245 4181 in
274 4109 370 4182 Arte
411 4109 553 4204 peritos
595 4133 669 4181 una
710 4134 794 4182 cum
824 4108 1075 4196 Praesidente,
1109 4109 1320 4210 Collegium
1361 4111 1604 4185 Notariorum

106 4229 190 4306 dicti
220 4233 408 4308 Auditorii
446 4235 717 4307 constituentes
758 4233 963 4330 praeficere
998 4233 1235 4322 intendimus,
1265 4235 1350 4310 ideo
1391 4237 1601 4322 statuimus,

107 4357 207 4450 quod
237 4357 417 4433 Notarius
446 4359 668 4456 praesidens
697 4383 765 4454 pro
794 4374 967 4456 tempore
996 4361 1163 4434 existens
1192 4359 1286 4444 illos,
1307 4362 1459 4456 praevia
1477 4377 1602 4435 tamen

109 4481 260 4556 scientia
288 4483 528 4557 Thesanrarii
556 4481 754 4558 Generalis
782 4484 941 4581 praefati
969 4485 1129 4582 seligere
1171 4486 1303 4581 possit,
1348 4485 1416 4559 sed
1458 4485 1604 4559 illorum

109 4608 329 4702 approbatio
355 4609 406 4684 ad
433 4607 601 4682 eiusdem
630 4609 817 4682 Auditorii
837 4609 1032 4682 Decanum
1052 4626 1209 4707 spectet,
1232 4611 1296 4708 qui
1317 4610 1494 4684 Notarius
1522 4611 1605 4684 illos

108 4753 176 4824 pro
204 4747 374 4830 tempore
402 4733 643 4829 deputandos
670 4732 882 4807 examinare
903 4735 1050 4822 debeat,
1073 4751 1111 4808 et
1130 4750 1319 4831 quatenus
1339 4736 1481 4810 habiles
1501 4762 1604 4809 com-

109 4855 204 4947 perti
230 4857 375 4943 luerint,
404 4875 640 4956 opportunas
660 4873 833 4955 patentes
862 4859 989 4932 literas
1009 4861 1062 4932 eis
1090 4860 1283 4934 concedet.
1314 4861 1603 4935 Munus-autem

109 4981 323 5056 eorumdem
362 4999 525 5080 quatuor
567 4983 818 5070 Notariorum,
859 4983 930 5056 erit
966 4983 1151 5058 scribendi
1193 4986 1291 5058 Acta
1330 4985 1536 5060 Causarum
1566 4988 1604 5059 in

109 5102 241 5176 eodem
282 5109 483 5182 Auditorio
519 5107 773 5204 pendentium,
817 5108 918 5181 iuxta
962 5107 1247 5205 Alphabeticam
1285 5111 1602 5186 coordinationem

110 5225 345 5326 desumptam
374 5260 422 5308 ex
450 5232 584 5308 Titulis
611 5257 820 5318 causarum,
842 5249 880 5307 et
908 5234 944 5306 in
964 5249 1129 5331 quatuor
1147 5251 1277 5331 partes
1295 5237 1463 5322 divisam,
1485 5237 1605 5333 prima

111 5350 181 5424 erit
206 5379 228 5426 a
256 5356 378 5432 littera
407 5360 442 5432 A
472 5359 668 5454 usquead
699 5359 730 5430 E
759 5357 949 5444 inclusive,
989 5361 1155 5434 secunda
1186 5386 1211 5434 a
1251 5361 1375 5436 littera
1418 5361 1448 5434 F
1484 5364 1533 5437 ad
1566 5361 1604 5435 Ο
