3718 5918
741 311 933 370 Innocentio
952 310 1006 370 XI

829 671 920 750 349.

339 835 387 910 R.
418 834 465 909 P.
495 835 547 908 D.
577 833 788 907 Flamznins
820 835 926 932 Taya
956 833 1240 908 Cardznolatnm
1268 843 1420 908 recusat.

208 991 324 1064 (Arcu.
343 990 430 1064 Rom,
455 990 622 1048 «Diania»
655 989 859 1050 Vt'cecomr'tis
878 993 910 1048 et
926 988 1039 1047 Iacobt'
1053 988 1212 1061 Emerr'x).

527 1188 600 1261 Die
628 1189 758 1262 Lunae
793 1213 804 1262 1
839 1187 1075 1286 Septembris
1111 1192 1222 1262 1681.

207 1351 294 1424 Fuit
321 1366 471 1424 creatus
502 1349 712 1424 Cardinalis
742 1350 993 1448 (Vicecomes)
1021 1366 1171 1424 etcum
1204 1347 1266 1423 illo
1280 1407 1621 1424 ......

125 1475 187 1549 De
216 1475 329 1558 Luca,
360 1475 523 1548 Auditor
552 1474 659 1548 SSr‘r'ri
714 1534 1055 1561 ......
1128 1475 1185 1547 Ex
1213 1475 1279 1560 eis,
1310 1474 1410 1570 de.
1449 1473 1556 1570 Taya
1584 1493 1622 1548 et

125 1600 259 1672 Abbas
288 1599 449 1686 Riccius‚
470 1599 691 1696 dignitatem
714 1598 993 1672 Cardinalitiam
1014 1613 1246 1684 recusarunt,
1269 1599 1338 1673 sed
1357 1624 1487 1673 mense
1518 1613 1624 1672 octo-

125 1724 203 1798 bris
231 1741 366 1820 postea
392 1739 647 1820 acceptarunt,
677 1739 715 1798 et
742 1724 846 1799 brevi
874 1741 1045 1820 tempore
1072 1724 1256 1799 obierunt.

868 1936 888 1979 tlt

210 2141 297 2214 277.
316 2117 518 2192 Flaminius
547 2119 653 2216 Taya
682 2120 817 2195 Senen.
849 2121 1140 2218 octuagenarius
1167 2122 1231 2215 qui
1260 2145 1445 2196 unacum
1474 2121 1625 2196 Abbate

128 2243 311 2318 Michaele
339 2243 466 2318 Riccio
495 2270 569 2318 non
589 2262 665 2317 tam
685 2261 888 2340 provectae
907 2243 1055 2330 aetatis,
1077 2247 1144 2318 sed
1164 2245 1371 2319 infirmioris
1389 2245 1624 2330 valetudinis,

128 2370 224 2442 inter
251 2367 357 2454 alios,
387 2368 436 2442 ad
465 2383 606 2444 tantam
636 2371 856 2466 dignitatem
885 2383 1085 2465 cooptatus
1114 2369 1224 2443 nullis
1250 2371 1453 2445 amicorum
1482 2373 1626 2445 suasio-

128 2494 250 2582 nibus,
278 2493 352 2568 imo
381 2518 448 2567 nec
468 2495 656 2589 pontificia
674 2495 935 2569 exhortatione
972 2518 1041 2590 per
1060 2495 1195 2568 Emum
1217 2495 1344 2587 Dirum
1375 2496 1487 2572 Card.
1519 2496 1627 2592 Cybo

127 2619 277 2712 utrique
305 2619 552 2714 personaliter
587 2619 750 2694 delatam
780 2643 901 2714 usque
937 2619 973 2692 in
1009 2619 1231 2694 hodiernum
1272 2621 1372 2695 diem
1410 2622 1576 2718 (tertium
1604 2649 1627 2696 a

126 2743 332 2840 creatione)
373 2743 495 2817 induci
532 2745 665 2842 potuit,
705 2761 746 2817 ut
777 2769 862 2818 eam
899 2751 1127 2840 acceptaret:
1158 2745 1299 2819 Rarum
1336 2761 1377 2819 et
1420 2748 1627 2844 gloriosum

125 2865 355 2963 exemplum,
402 2869 431 2942 si
468 2885 698 2954 constantes,
741 2893 825 2943 cum
866 2870 978 2944 animi
1022 2869 1299 2966 tranquillitate,
1338 2873 1625 2968 permanserint.

836 3221 927 3300 350.

444 3384 549 3480 Taya
576 3391 610 3455 et
637 3381 787 3456 Riccins
817 3381 1102 3455 Cordz'nolotnm
1130 3390 1324 3482 acceptant.

213 3537 330 3606 (Arcu.
348 3535 436 3608 Ros,
460 3534 645 3594 ‹Debrr'um
666 3535 778 3594 iacobi
793 3534 978 3606 Emerix»).

614 3735 711 3810 lovis
745 3741 790 3808 16
821 3734 1000 3809 Octobris
1034 3738 1144 3810 1681.

216 3922 304 3992 293.
336 3899 431 3972 Heri
460 3899 612 3973 tandem
642 3898 690 3972 D.
709 3896 867 3982 Riccius‚
895 3913 934 3970 et
952 3895 1024 3971 hoc
1043 3921 1152 3972 mane
1172 3897 1220 3972 D.
1238 3897 1354 3994 Taya,
1377 3895 1501 3993 Papali
1521 3921 1632 3994 prae·

128 4040 244 4123 cepto
272 4024 466 4120 compulsi,
498 4024 778 4100 Cardinalatum
807 4036 1069 4122 acceptarunt:
1097 4022 1304 4096 laudabiles
1324 4021 1427 4116 quod
1446 4021 1633 4096 humiliter

131 4149 385 4238 obediverint;
416 4148 678 4225 laudabiliores
707 4151 850 4224 sicum
888 4148 1000 4222 animi
1033 4142 1310 4256 'tranquillitate'
1342 4163 1631 4244 perseverantes

128 4275 394 4361 obtinuissent,
425 4300 472 4349 ne
500 4274 824 4372 compellerentur.

845 4607 935 4685 351.
998 4685 1001 4692 .

135 4777 392 4854 Controverszb
423 4773 616 4847 Camenam
644 4771 891 4870 Apostolz'cam
919 4771 1016 4842 inter
1042 4777 1077 4841 et
1103 4768 1239 4841 Rotam
1267 4763 1392 4862 quoad
1416 4771 1633 4860 praesenta-

215 4903 346 4976 tionem
374 4901 413 4972 in
444 4897 599 4972 Camera
627 4895 773 4970 cedulae
801 4892 1077 4990 Motnsproprt'z'
1099 4889 1300 4965 collatronis
1318 4887 1577 4960 Andz'toralns.

218 5059 334 5132 (Arcu.
354 5055 441 5121 Ros..
466 5053 655 5114 ‹Debrr‘um
674 5052 786 5112 Iacobi
803 5051 990 5120 Emerz'x»).

217 5259 313 5363 (Sub
341 5283 402 5332 nn.
435 5279 523 5350 299,
555 5277 642 5348 300,
667 5275 756 5347 301,
779 5273 865 5344 302,
888 5249 1049 5323 refertur
1066 5244 1138 5320 alia
1156 5243 1348 5320 contentio
1369 5242 1507 5316 Rotam
1540 5241 1636 5314 inter

135 5403 176 5464 et
205 5385 404 5460 Cameram
431 5379 690 5480 Apostolicam
719 5401 817 5474 quae
846 5373 1129 5472 praetendebat,
1160 5368 1366 5443 Auditores
1394 5368 1532 5441 debere
1551 5388 1637 5461 per-
