3748 5914
809 333 874 392 Pt'o
892 332 941 392 IV
1571 332 1627 392 299

130 523 193 606 tia,
224 549 268 597 ac
295 525 613 621 quandocumque
639 543 776 623 agetur
803 525 851 598 de
885 524 1039 600 serenda
1066 528 1315 602 declaratoria
1342 543 1472 601 contra
1500 543 1627 601 contu·

129 671 287 732 macem,
316 651 429 722 etiam
450 649 613 748 registro
633 675 706 723 non
727 651 905 747 perlecto,
926 675 973 724 ex
991 653 1084 726 actis
1112 651 1354 750 originalibus
1382 651 1628 748 pronunciare

127 771 265 849 valeat.
295 775 351 848 lta
378 789 516 860 tamen,
539 775 643 871 quod
661 801 750 871 pars
769 777 818 848 ad
846 777 950 848 cuius
970 777 1181 851 instantiam
1198 778 1486 874 pronunciatum
1505 778 1624 859 luerit,

126 897 329 994 registrum
348 900 471 995 ipsum
491 925 561 996 pro
579 917 747 973 actorum
767 901 1052 974 conservatione
1067 911 1209 996 quanto
1229 901 1336 975 citius
1355 902 1483 998 perlici
1497 927 1627 974 curare

127 1036 315 1098 teneatur.

212 1152 246 1222 8.
278 1149 327 1222 Et
355 1150 519 1245 insuper,
550 1151 713 1223 Auditor
739 1151 909 1246 partibus
937 1151 1154 1247 petentibus
1181 1153 1327 1248 copiam
1364 1152 1563 1226 decisionis
1591 1153 1627 1224 in

127 1296 245 1346 causa
274 1272 404 1356 laetae,
436 1299 518 1347 curn
548 1274 690 1348 iuribus
717 1299 761 1348 ac
790 1275 995 1349 rationibus
1024 1275 1173 1350 tradere
1204 1278 1353 1360 debeat,
1382 1294 1497 1372 prout
1522 1279 1628 1350 ¹anti-

129 1396 258 1491 quitus
285 1396 520 1473 laudabiliter
547 1399 626 1472 fieri
653 1400 857 1474 consuevit.

211 1546 245 1612 9.
278 1522 427 1597 Causae
455 1539 581 1597 autem
611 1525 784 1620 propriae
812 1524 1050 1611 Auditorum,
1079 1542 1119 1600 et
1154 1551 1285 1601 eorum
1322 1527 1552 1612 familiarum,
1583 1553 1627 1600 ac

125 1648 505 1743 consanguineorum,
534 1649 593 1721 vel
621 1648 786 1722 affinium
814 1650 1011 1745 usquead
1043 1650 1249 1724 secundum
1268 1651 1429 1749 gradum
1448 1653 1551 1725 iuxta
1569 1652 1626 1725 ius

128 1771 348 1844 canonicum
375 1772 680 1868 computandum,
712 1799 786 1846 non
813 1789 1092 1870 cognoscantur
1119 1775 1155 1847 in
1185 1776 1295 1849 Rota.

216 1919 272 1970 10.
305 1897 386 1968 Nec
415 1897 620 1970 Auditores
649 1899 685 1970 in
704 1923 835 1971 eorum
864 1899 1038 1971 domibus
1080 1900 1316 1984 substitutos,
1347 1899 1404 1974 vel
1436 1899 1624 1983 doctores,

124 2036 195 2094 aut
221 2021 316 2094 alios
344 2023 587 2117 iurisperitos,
618 2024 730 2096 etiam
759 2025 1072 2120 consanguineos,
1103 2026 1166 2120 qui
1199 2025 1392 2097 substituti
1425 2025 1482 2098 vel
1510 2027 1627 2098 advo-

126 2145 213 2231 cati,
243 2163 308 2219 aut
336 2149 591 2243 procuratoris
617 2147 740 2220 officio
768 2149 980 2245 iungantur,
1011 2162 1077 2222 aut
1105 2148 1140 2220 in
1169 2149 1317 2223 casibus
1338 2149 1547 2237 Rotalibus,
1569 2150 1626 2222 vel

127 2293 259 2342 eorum
288 2273 528 2366 processibus
557 2297 642 2345 sese
680 2297 834 2368 quoquo
871 2273 985 2348 modo
1022 2275 1279 2358 intromittant,
1312 2299 1379 2346 nec
1406 2275 1624 2358 advocatos,

125 2411 166 2467 et
201 2411 464 2490 procuratares
499 2397 738 2482 domesticos,
768 2414 834 2472 aut
869 2398 1016 2492 aliquos
1053 2423 1099 2470 ex
1136 2401 1213 2472 suis
1252 2399 1418 2472 Notariis
1449 2400 1625 2474 habeant.

127 2518 233 2604 ltem,
261 2520 446 2607 advocati,
475 2536 542 2595 aut
577 2540 844 2616 procuratores
872 2523 1150 2621 consanguinei,
1181 2523 1242 2596 vel
1268 2523 1401 2596 affines
1429 2547 1550 2619 usque
1574 2524 1625 2596 ad

126 2646 334 2716 secundum
375 2644 552 2742 gradum,
591 2645 745 2720 alicuius
788 2647 1002 2734 Auditoris,
1041 2673 1086 2720 ac
1127 2648 1239 2721 etiam
1277 2647 1373 2720 illius
1402 2647 1559 2730 Notarii,
1590 2649 1625 2720 in

124 2767 250 2841 causis
269 2793 394 2842 coram
414 2795 462 2843 eo
480 2768 730 2866 pendentibus
759 2769 969 2844 nullatenus
996 2773 1221 2866 patrocinari
1249 2772 1409 2847 valeant.

213 2917 270 2966 ιι.
302 2892 383 2966 Nec
410 2894 617 2968 Auditores
644 2894 882 2990 compellant,
910 2913 977 2969 aut
1004 2894 1130 2991 aliquo
1158 2897 1272 2970 modo
1300 2895 1478 2968 inducant
1496 2914 1624 2992 partes

125 3041 195 3112 per
222 3042 276 3104 se,
305 3017 365 3092 vel
392 3043 461 3114 per
488 3019 592 3105 alios,
614 3037 654 3092 ut
682 3039 878 3094 assumant
905 3036 1048 3094 certum
1068 2993 1307 3095 Advocatum
1327 3020 1385 3093 vel
1405 3039 1626 3117 procurato·

123 3167 225 3228 rem;
256 3145 325 3216 sed
352 3143 486 3218 electio
519 3145 730 3218 huiusmodi
761 3147 913 3219 omnino
937 3146 1103 3241 ipsarum
1132 3147 1294 3242 partium
1331 3147 1485 3220 arbitrio
1517 3144 1625 3219 relin-

125 3285 275 3362 quatur.

214 3417 271 3469 12.
300 3395 405 3478 ltem,
427 3394 616 3500 Decanus,
634 3411 677 3467 et
698 3394 759 3467 alii
787 3395 1004 3480 Auditores,
1027 3398 1225 3494 presertim
1239 3397 1482 3492 antiquiores,
1503 3411 1625 3468 atten-

124 3515 230 3602 dant,
265 3541 311 3591 ne
343 3517 490 3614 aliquid
524 3543 600 3592 non
631 3517 752 3592 solum
785 3535 916 3592 contra
948 3519 1016 3605 ius,
1054 3521 1123 3594 sed
1159 3521 1273 3594 etiam
1306 3534 1437 3593 contra
1473 3520 1621 3616 stylum,

125 3657 166 3715 et
202 3642 412 3716 decisiones
456 3645 632 3738 antiquas
669 3644 787 3717 lactas
823 3643 859 3715 in
894 3643 1012 3730 Rota,
1049 3669 1146 3740 quae
1183 3644 1391 3747 impressae
1425 3644 1620 3728 habentur,

126 3790 283 3864 quoquo
311 3766 425 3841 modo
453 3768 657 3854 decidatur,
683 3769 795 3840 etiam
824 3785 1024 3865 praetextu
1053 3769 1255 3865 aequitatis
1283 3769 1319 3840 in
1346 3770 1425 3842 iure
1446 3793 1520 3842 non
1539 3769 1624 3840 scri·

126 3907 229 3986 ptae,
259 3891 328 3964 nisi
356 3893 519 3966 maxima
546 3919 630 3966 cum
662 3893 805 3966 ratione
840 3913 878 3968 et
912 3894 1157 3979 discussione,
1197 3893 1369 3966 omnibus
1402 3892 1510 3977 votis,
1555 3917 1623 3966 sen

126 4013 262 4088 saltem
291 4015 435 4091 illorum
470 4017 618 4092 duabus
651 4018 771 4092 tertiis
803 4019 988 4113 partibus,
1020 4017 1130 4092 aliter
1165 4016 1374 4092 laciendum
1411 4043 1497 4090 esse
1535 4017 1620 4090 iudi·

126 4140 303 4216 caverint.

212 4287 270 4358 13,
302 4265 504 4363 Deinceps,
524 4268 636 4341 etiam
656 4269 692 4341 iu
712 4268 833 4341 causis
852 4267 1103 4363 pendentibus
1123 4292 1196 4343 non
1215 4266 1458 4342 attendantur
1476 4269 1635 4370 aliquae

127 4389 327 4478 nullitates,
357 4407 623 4487 praeterquam
651 4417 698 4466 ex
726 4391 874 4466 delectu
904 4393 1180 4492 iurisdictionis,
1211 4393 1396 4466 citationis
1424 4394 1483 4467 vel
1520 4417 1624 4466 man·

123 4513 213 4597 dati,
235 4515 303 4588 nisi
321 4541 435 4590 causa
450 4515 629 4590 nullitatis
648 4517 860 4612 specialiter
886 4533 975 4591 ante
995 4520 1122 4591 datam
1141 4517 1396 4613 praesentium
1424 4517 1623 4591 commissa

126 4641 375 4735 reperiretur:

212 4790 269 4860 14.
300 4783 340 4839 et
365 4791 388 4840 a
415 4766 658 4864 liquidatioue
686 4767 884 4853 fructuum,
914 4785 952 4841 et
987 4791 1239 4864 expensarum
1273 4768 1475 4849 taxatione,
1506 4766 1624 4840 semel

128 4905 273 4964 tantum
287 4891 479 4988 appellare
493 4890 613 4976 liceat,
630 4891 682 4965 ita
695 4893 800 4989 quod
813 4893 911 4966 duae
926 4891 1138 4968 conformes
1157 4917 1236 4965 rem
1256 4891 1454 4964 iudicatam
1474 4890 1622 4965 saciant.

211 5035 269 5108 15.
300 5015 506 5090 Auditores
533 5041 624 5089 vero
651 5041 786 5089 causas
815 5017 884 5092 sibi
912 5017 1143 5104 commissas,
1166 5041 1234 5112 pro
1267 5013 1346 5089 sola
1374 5015 1535 5111 partium
1557 5016 1624 5088 im-

126 5113 358 5234 portunitate
384 5140 433 5214 ad
462 5139 732 5214 Cancellariam
752 5141 944 5214 remittere
964 5165 1039 5214 non
1055 5139 1215 5236 possint,
1238 5139 1305 5214 sed
1324 5155 1469 5214 tantum
1498 5139 1624 5214 habita

127 5263 274 5338 licentia
301 5290 324 5338 a
352 5265 508 5340 Summo
537 5264 724 5350 Pontifice,
754 5265 813 5340 vel
841 5290 889 5340 ex
916 5266 1023 5338 iustis
1051 5267 1174 5338 causis
1202 5264 1374 5338 deductis
1398 5265 1433 5336 in
1454 5265 1565 5350 Rota,
1587 5281 1625 5337 et

128 5391 177 5462 ab
203 5413 249 5463 ea
276 5391 508 5486 approbatis.
