3684 5920
915 279 1050 337 Soeculo
1069 278 1151 337 XIX

353 471 530 567 Aloysius
558 471 733 565 Serpetti,
765 472 904 565 primus
933 469 1178 545 Substitutus

352 595 580 691 Seraphinus
610 594 802 678 Marinelli,
834 593 1021 667 secundus
1051 595 1296 670 Substitutus.

351 721 509 793 loannes
538 718 687 804 Gentili‚
717 721 860 815 primus
888 720 1067 815 Scriptor.

352 846 550 920 Abundius
580 843 747 929 Gadotti,
779 845 965 918 secundus
996 844 1175 941 Scriptor.

350 970 487 1044 Curavi
515 995 669 1065 quoque
696 969 799 1065 quod
828 971 862 1040 in
892 971 1046 1066 Pulpilu
1076 969 1261 1044 Praesidis
1290 995 1395 1042 suam
1429 986 1586 1043 navaret
1614 993 1749 1064 operam
1813 1051 1814 1072 ᾖ

269 1095 499 1191 Serpettius;
530 1094 633 1191 quod
653 1093 791 1166 Gentili
821 1096 856 1166 id
884 1095 1053 1190 expleret
1072 1095 1108 1165 in
1130 1095 1285 1193 Pulpr'tu
1306 1095 1405 1167 Petri
1424 1095 1579 1179 Taddei,
1602 1110 1641 1166 et
1663 1093 1750 1165 deni-

270 1247 343 1316 que
371 1220 475 1317 quod
505 1219 660 1293 totidem
689 1217 829 1292 faceret
856 1218 1086 1292 Marinellius
1116 1223 1151 1293 in
1180 1219 1252 1293 alio
1282 1220 1437 1317 Pulpz'lu
1467 1219 1668 1292 Laurentio
1686 1219 1751 1289 Ali-

269 1347 400 1420 brandi
429 1345 577 1419 tributo.
599 1387 624 1398 -·
654 1345 860 1440 Optionem
890 1344 1039 1418 tandem
1069 1345 1155 1418 dedi
1183 1345 1306 1417 iuveni
1335 1344 1512 1416 Abundio
1541 1343 1694 1417 Gadotti
1720 1361 1751 1414 ut

268 1470 326 1543 vel
354 1470 476 1543 officio
505 1469 679 1544 nuncium
709 1469 884 1554 mitteret,
908 1469 965 1541 vel
996 1495 1100 1542 suam
1129 1468 1265 1543 deinde
1293 1485 1505 1565 praestaret
1523 1494 1696 1563 operam;
1722 1486 1751 1538 et

267 1621 351 1669 cum
380 1596 584 1668 secundum
617 1595 698 1690 ipse
726 1595 921 1690 amplexus
960 1594 1007 1667 sit
1044 1595 1251 1678 consilium,
1284 1610 1415 1690 utpote
1454 1593 1642 1666 Novitium
1678 1618 1749 1665 eum

264 1719 453 1818 assignavi
486 1719 669 1793 Praesidis
698 1721 829 1803 officie,
862 1737 902 1792 ut
930 1721 977 1793 ibi
1006 1721 1207 1792 adiutrices
1235 1735 1447 1815 praestaret
1473 1742 1617 1792 manus

973 1984 1063 2062 546.

204 2206 206 2213 ,
268 2128 366 2225 de.
391 2129 579 2214 Zacchz'as,
610 2129 647 2200 T
641 2128 896 2210 kesarcrarz'um
918 2129 1083 2215 referens
1101 2155 1252 2202 scanno
1271 2129 1364 2223 1841
1383 2126 1641 2199 sacerdotalem
1663 2123 1749 2196 ordi·

348 2281 428 2326 nem
455 2255 658 2352 suscepisse.
694 2264 834 2325 narrat
858 2255 986 2350 quillus
1006 2255 1221 2352 przuilegr'zs
1243 2253 1397 2349 gavz'sus
1414 2253 1541 2345 suerit
1566 2251 1634 2323 hac
1665 2275 1750 2322 occa-

349 2379 446 2451 sione
473 2405 546 2475 qua
575 2376 739 2451 Auditor
767 2381 893 2453 Rotae.

345 2535 460 2605 (Anca.
482 2533 568 2602 Ros..
592 2533 782 2592 ‹Diarz'um
804 2533 979 2592 Camerale
992 2537 1026 2605 ι).

787 2717 858 2788 Die
888 2721 910 2788 6
941 2717 1105 2813 Augusti
1133 2719 1243 2808 1841.

348 2855 464 2931 Hisce
478 2884 552 2955 ego
567 2858 768 2956 privilegiis
785 2860 918 2934 fretus:
941 2859 1143 2956 spiritualia
1163 2860 1340 2932 exercitia
1360 2860 1492 2932 diebus
1512 2882 1587 2932 non
1605 2859 1751 2962 amplius

264 2987 285 3056 8
317 2999 354 3056 et
382 3009 459 3080 quo
487 2981 592 3055 libuit
620 2983 703 3056 loco
731 2983 882 3082 peregi:
913 2985 1064 3057 ordines
1093 3001 1199 3057 extra
1220 3001 1392 3080 tempora
1411 2983 1484 3056 ulla
1503 2986 1648 3078 absque
1667 2982 1748 3078 peti-

266 3109 366 3180 tione
395 3106 452 3179 vel
482 3108 588 3180 venia
618 3107 803 3202 nullisque
829 3109 986 3182 servatis
1006 3109 1212 3182 interstitiis
1232 3108 1381 3205 suscepi
1401 3109 1519 3180 tribus
1540 3107 1750 3180 successivis

259 3232 393 3305 diebus
421 3230 537 3305 lestis.
572 3233 864 3304 Praetermissus
897 3233 1010 3305 etiam
1049 3233 1334 3336 Ecclesiasticae
1364 3230 1500 3304 Curiae
1529 3232 1650 3304 brevis
1677 3253 1751 3326 pro

265 3383 405 3442 cessus,
436 3374 612 3430 assuetae
649 3359 937 3452 praetermissae
975 3359 1257 3454 publicationes
1289 3382 1445 3430 examen
1484 3372 1562 3428 tum
1601 3357 1749 3428 activum

259 3499 340 3554 tum
368 3484 571 3578 passivum,
594 3498 709 3576 atque
739 3482 890 3556 demum
919 3483 1185 3578 praetermissa
1215 3481 1424 3578 patrimonii
1445 3483 1539 3554 sacri
1560 3507 1628 3576 per
1645 3479 1750 3577 publi-

262 3633 325 3680 cas
354 3607 502 3680 tabulas
530 3607 758 3682 constitutio
1463 3584 1465 3588 Ι

968 3835 1057 3914 547.

261 3976 505 4049 Auditorum
533 3977 794 4051 Natzonalibus
815 3979 1056 4075 privilegium
1083 3988 1167 4051 erat
1192 3987 1266 4052 tres
1303 3979 1462 4052 habendi
1486 3979 1671 4065 Secretos,
1699 3977 1752 4049 uti

340 4109 495 4173 testatur
523 4101 624 4197 de.
653 4103 714 4174 Dc
742 4100 886 4188 Avelld,
916 4103 1103 4201 ltz'spanun
1135 4103 1174 4175 S.
1204 4105 1321 4177 Rotae
1357 4103 1394 4177 T
1390 4103 1647 4179 tesaurarius.

340 4254 454 4323 (Aaou.
473 4253 560 4324 Rom,
584 4254 774 4315 ‹Drorr'um
796 4256 969 4316 Camerale
982 4259 1017 4330 ›).

725 4420 883 4495 Veneris
914 4446 959 4516 25
991 4424 1165 4497 februarii
1192 4427 1304 4516 1842.

341 4562 573 4636 Desiderans
602 4565 805 4636 admodum
836 4565 958 4638 R.dus
990 4565 1035 4641 D.
1069 4566 1248 4640 Camillus
1269 4565 1454 4663 Cappello
1474 4567 1571 4640 inter
1589 4593 1653 4642 eos
1668 4587 1749 4637 con·

259 4690 446 4762 numerari
476 4689 540 4783 qui
568 4713 590 4759 a
619 4686 783 4762 Secretis
812 4707 899 4762 sunt
928 4689 966 4764 S.
999 4693 1042 4763 R.
1075 4692 1133 4776 R.
1155 4692 1226 4764 hoc
1255 4717 1364 4765 mane
1393 4706 1567 4764 votorum
1596 4713 1746 4765 suorum,

261 4839 319 4886 me
369 4830 534 4898 auctore,
574 4828 633 4885 est
673 4814 794 4885 lactus
831 4816 952 4911 (?...)
983 4817 1076 4910 'lpse
1113 4818 1210 4889 enim
1249 4841 1324 4912 ego
1362 4842 1445 4890 cum
1483 4816 1591 4890 istius
1629 4837 1748 4912 preces

261 4941 351 5012 Sino
375 4938 420 5012 D.
444 4938 490 5010 N.
514 4937 701 5034 Gregorio
731 4937 821 5009 XVl
850 4942 898 5011 ad
927 4941 997 5014 hoc
1017 4941 1279 5034 porrexissem,
1301 4943 1470 5036 exposui,
1493 4966 1640 5036 semper
1658 4940 1748 5010 inter

259 5064 452 5160 privilegia
479 5087 578 5158 quae
606 5078 819 5135 exterarum
848 5064 1018 5161 gentium
1047 5065 1294 5141 Auditoribus
1322 5065 1511 5161 impertita
1531 5081 1625 5150 sunt,
1645 5060 1744 5135 etiam

257 5189 347 5282 illud
381 5187 639 5261 connumerari
667 5202 709 5260 ut
738 5185 783 5261 de
813 5190 931 5261 tertiis
960 5215 982 5262 a
1010 5188 1174 5264 Secretis
1203 5215 1320 5287 penes
1350 5215 1392 5264 se
1422 5191 1622 5264 retinendis
1656 5187 1743 5260 lacta

255 5317 304 5388 sit
332 5313 537 5390 facultas...
570 5311 685 5384 SSms
717 5313 763 5386 D.
798 5315 842 5388 N.
874 5315 1036 5410 benigne
1065 5317 1243 5392 annuit...
