3688 5924
592 283 739 344 Honorio
757 287 811 344 III
829 317 842 330 ·
862 287 1021 360 Gregorio
1039 287 1089 347 IX

818 633 876 710 17.

106 818 284 890 Honorias
313 819 387 892 III
405 820 618 892 sententiam
644 822 759 894 latam
787 849 811 894 a
831 823 944 896 Palro
972 823 1015 896 de
1037 822 1133 896 Colle
1151 823 1275 908 medio,
1300 823 1496 921 Capellaao
1513 850 1587 914 aco,

175 941 339 1014 aradaiorr
366 969 535 1028 concesso,
565 955 690 1020 ratam
718 945 824 1020 haba
848 956 884 1020 at
908 946 1113 1041 confirmat.

174 1104 266 1176 (Rea.
284 1103 380 1178 Van,
398 1105 428 1176 9,
447 1107 507 1178 sol.
524 1107 601 1178 124,
622 1125 712 1168 armo
731 1109 776 1182 II,
793 1117 863 1184 cap.
882 1109 1189 1184 DVI,·Pnnssusr1‚
1210 1128 1242 1170 a.
1262 1112 1348 1177 656).

1363 1251 1441 1324 1217,
1458 1253 1528 1312 iulii
1550 1253 1590 1311 11.

174 1430 314 1506 Abbati
327 1448 368 1505 et
383 1429 594 1506 Conventui
605 1433 921 1509 Premo'nstratem
932 1434 1151 1509 Laudunen.
1164 1435 1257 1509 dioc.
1277 1433 1373 1508 Cum
1388 1459 1501 1510 causa
1516 1460 1590 1532 que

102 1556 274 1629 intervos
302 1583 351 1630 ex
378 1544 485 1654 parte
514 1581 587 1631 una
615 1576 654 1631 et
673 1557 875 1632 Iohannem
907 1616 1022 1634 .....
1052 1586 1213 1658 cumque
1238 1617 1352 1635 .....
1370 1576 1592 1656 procurator

102 1697 217 1753 vester
243 1681 294 1752 ad
324 1683 586 1778 Apostolicam
615 1681 753 1756 Sedem
781 1685 984 1758 accesserit
1013 1742 1180 1759 .....
1212 1710 1281 1757 nos
1318 1685 1429 1758 finem
1465 1683 1592 1759 litibus

100 1805 281 1900 imponere
312 1807 518 1902 cupientes
550 1805 726 1880 dilectum
755 1805 867 1882 filium
896 1809 1046 1881 Petrum
1074 1809 1122 1882 de
1151 1805 1258 1881 Colle
1286 1809 1422 1894 medio,
1455 1807 1593 1904 Capel-

99 1927 214 2000 ianum
235 1946 410 2004 nostrum
431 1989 544 2005 .....
575 1931 830 2004 concessimus
849 1932 1074 2005 Auditorem
1105 1991 1218 2008 .....
1250 1932 1331 2007 Nos
1352 1933 1467 2030 igitur
1484 1931 1592 2008 intel-

99 2053 298 2152 lectisque
328 2055 450 2128 dictus
479 2055 652 2128 Auditor,
670 2055 777 2129 nobis
805 2055 964 2130 fideliter
1000 2055 1179 2143 recitavit,
1208 2056 1331 2132 eidem
1366 2058 1593 2154 precipimus

99 2195 135 2250 ut
160 2179 207 2253 de
225 2180 438 2278 aliquorum
459 2179 632 2254 Fratrum
651 2195 866 2254 nostrorum
887 2179 1040 2256 consilio
1060 2208 1211 2256 causam
1231 2185 1351 2281 ipsam
1372 2181 1445 2256 fine
1464 2181 1592 2257 debito

98 2306 319 2380 terminaret.
341 2305 427 2403 Ipse
446 2331 536 2380 vero
555 2332 639 2380 veo.
660 2305 702 2382 sr.
720 2331 754 2379 n.
778 2307 816 2383 P.
836 2305 1012 2382 Sabinen.
1036 2307 1118 2406 Epi.
1140 2324 1179 2381 et
1198 2308 1322 2382 dilecti
1340 2305 1389 2383 fil.
1409 2331 1445 2382 n.
1465 2307 1509 2382 T.
1533 2367 1590 2384 ...

97 2429 302 2524 presbyteri
331 2427 542 2504 Cardioalis
570 2429 724 2504 consilio
752 2429 890 2519 habito,
921 2457 990 2504 vos
1124 2431 1376 2508 absolvit
1414 2431 1495 2504 Nos
1523 2433 1593 2506 ita-

97 2579 164 2649 que
191 2553 300 2650 quod
328 2556 376 2630 ab
404 2555 589 2630 Auditore
624 2555 794 2652 predicto
831 2555 1103 2631 sententialiter
1130 2555 1325 2630 diffinitum
1360 2571 1431 2641 est,
1468 2571 1592 2629 ratum

96 2677 282 2766 habentes,
317 2679 354 2752 id
381 2677 604 2754 auctoritate
632 2679 839 2775 apostolica
868 2681 1141 2756 confirmamus.

821 3002 878 3080 18.

98 3175 232 3248 lterum
260 3177 457 3249 Honorius
486 3176 557 3250 III
582 3176 757 3251 Graaam
789 3177 1028 3275 capellanum
1063 3203 1181 3266 suum,
1213 3181 1446 3278 Magistrum
1478 3190 1589 3276 vocat.

170 3347 265 3420 (Rue.
286 3347 380 3420 Van,
399 3348 429 3414 9,
442 3349 506 3422 sol.
526 3348 621 3419 232¹,
638 3365 729 3408 anno
748 3349 794 3417 ΙΙ,
812 3359 881 3425 cop.
900 3351 989 3418 955‚·
1007 3349 1192 3424 Pnossurn,
1211 3369 1243 3411 n.
1263 3353 1362 3426 1166).

1138 3493 1216 3568 1218,
1237 3495 1345 3554 martii
1363 3495 1409 3566 20,
1428 3495 1594 3555 Laterani.

172 3731 290 3748 .....
330 3673 468 3748 Coram
509 3673 645 3750 dilecto
686 3675 760 3750 filio
802 3675 993 3773 Magistro
1033 3676 1181 3763 Gratia,
1227 3676 1422 3774 Capellaao
1457 3687 1592 3765 nostro,

97 3821 202 3892 quem
228 3799 279 3872 H.
313 3796 496 3873 monacho
517 3855 630 3875 .....
653 3800 827 3876 dedimus
846 3801 1070 3874 Auditorem
1091 3859 1207 3877 .....
1228 3817 1299 3878 etc.
1322 3801 1465 3876 Datum
1486 3803 1594 3876 Late·

97 3923 169 3994 rani
197 3945 271 3996 xnr
301 3922 374 3997 kal.
404 3924 541 4020 aprilis
571 3948 671 4000 anno
699 3925 877 4001 secundo.

822 4241 880 4320 19.

101 4415 308 4516 Gregorius
322 4418 390 4492 IX
408 4417 670 4522 (my-1241)
693 4416 871 4522 Oct[om's]
887 4417 1109 4492 Subdz'aconi
1124 4429 1159 4492 at
1177 4417 1370 4518 Capellani
1384 4420 1445 4492 sui
1460 4428 1593 4492 seuten-

171 4543 266 4616 tiam
294 4542 498 4637 confirmat.

170 4715 267 4786 (Rae.
282 4709 375 4786 Vna,
387 4714 441 4788 14,
445 4715 510 4788 sol.
523 4714 574 4783 12,
590 4730 680 4773 anno
693 4714 720 4787 I,
732 4723 801 4789 cap.
814 4713 910 4773 LXX
919 4715 996 4782 VII;
1010 4715 1135 4774 Locren
1148 4715 1300 4786 Auvnav,
1319 4737 1332 4762 c
1345 4713 1409 4770 Les
1421 4713 1594 4784 Registres

98 4799 133 4855 de
153 4799 254 4871 Greg.
273 4797 334 4872 IX,
351 4797 513 4869 Parisiis,
531 4799 616 4858 1896
630 4825 658 4872 ι,
677 4817 708 4858 n.
735 4801 797 4872 77).

1175 4923 1253 4994 1227,
1272 4923 1349 4982 maii
1370 4924 1412 4995 11,
1431 4922 1593 4984 Laterani.

174 5111 364 5210 Magistro
398 5111 563 5185 Henrico
589 5109 828 5210 Pinguen[si],
858 5109 993 5184 clerico
1019 5106 1243 5182 venerabilis
1267 5107 1390 5182 fratris
1417 5108 1591 5184 nostri..

98 5236 260 5332 episcopi
287 5235 528 5311 Albaneosis
559 5233 657 5309 Cum
674 5234 771 5309 iuter
789 5251 827 5308 te
847 5259 891 5308 ac
913 5234 1131 5320 Arnoldum
1153 5233 1414 5329 presbyterum
1434 5232 1482 5305 de
1500 5231 1595 5306 Tra·

99 5359 202 5446 iectu,
234 5383 349 5457 super
375 5359 532 5434 ecclesia
560 5360 609 5436 de
638 5357 912 5458 Fleytheringis
940 5357 1090 5455 questio
1117 5371 1340 5443 verteretur,
1370 5356 1435 5430 tibi
1462 5371 1502 5429 et
1516 5355 1591 5439 W..

1748 3335 1752 3344 ι
