3718 5918
892 305 1030 365 Soeculo
1048 307 1080 364 X
1089 307 1155 365 VII

985 629 1005 672 ἢ*
1026 629 1046 670 il·

739 729 811 804 Die
839 728 937 802 lovis
965 753 1011 822 27
1041 730 1133 802 lunii
1167 734 1280 804 1680.

346 913 433 985 235.
475 889 601 965 Hodie
636 889 894 989 Congregatio
929 889 1162 987 particularis
1200 915 1223 964 a
1257 892 1370 966 Ssriro
1406 892 1453 968 D.
1491 893 1539 968 N.
1577 895 1748 992 deputata
1837 983 1838 1020 1

263 1041 377 1114 super
404 1015 660 1090 controversia
688 1040 773 1088 cum
802 1013 1089 1113 Pro—Regente,
1121 1016 1239 1112 plenis
1268 1017 1367 1092 votis
1400 1019 1555 1107 censuit,
1596 1019 1748 1118 Regenti
1837 1039 1838 1088 l

263 1166 337 1215 non
365 1141 487 1228 licere,
518 1167 586 1216 nec
614 1139 774 1226 licuisse,
804 1156 950 1213 mutare
978 1141 1141 1214 Iudicem
1169 1158 1373 1236 postquam
1403 1144 1603 1217 commeimo
1629 1144 1749 1218 effecta
1837 1117 1838 1188 i

262 1265 385 1339 luerat
411 1265 630 1352 communis,
660 1281 700 1340 et
726 1265 824 1338 lacta
844 1262 1024 1338 relatione
1044 1265 1163 1339 ssmo
1190 1290 1260 1363 per
1278 1269 1358 1340 eius
1377 1268 1603 1343 Auditorem
1624 1266 1748 1343 Dome·
1837 1301 1838 1360 3

205 1493 206 1496 Ἴ
262 1393 396 1466 sticum
425 1389 504 1489 (De
533 1390 649 1490 Luca)
678 1390 866 1465 Sanctitas
896 1389 972 1463 Sua
1001 1391 1267 1464 resolutionem
1299 1394 1524 1489 approbavit
1526 1452 1652 1469 ......
1837 1367 1838 1374 ¹

972 1727 1062 1808 347.

263 1895 372 1991 Papa
390 1903 425 1966 et
443 1893 541 1966 Rota
559 1901 687 1991 aptant
702 1900 744 1963 at
762 1891 963 1964 Aadz'lores
987 1892 1105 1964 Rotae
1118 1918 1190 1964 non
1207 1891 1384 1966 associent
1403 1891 1633 1976 Cardeaoles,
1656 1891 1751 1965 comi·

342 2027 420 2091 talu
447 2017 599 2090 solemni
614 2016 668 2088 aa’
696 2017 883 2114 Capellam
907 2025 1020 2089 rentes.

341 2173 457 2245 (Aaou.
475 2171 562 2245 Ror,
586 2195 599 2221 ‹
612 2170 778 2230 Diarium
797 2171 909 2230 Iacobi
924 2170 1065 2230 Emerix
1076 2173 1112 2245 »).

346 2394 434 2466 247.
464 2371 666 2444 Insinuavit
694 2372 782 2445 mihi
810 2371 922 2445 hodie
950 2370 996 2444 R.
1027 2369 1066 2444 P.
1088 2370 1135 2445 D.
1159 2369 1219 2443 De
1239 2369 1354 2455 Luca,
1374 2369 1620 2444 Sanctitatem
1645 2369 1751 2443 Suam

263 2521 336 2572 non
363 2498 527 2593 probare
554 2497 658 2592 quod
678 2496 884 2569 Auditores
904 2497 1027 2569 Rotae
1054 2496 1244 2569 associent
1264 2494 1485 2570 Cardinales
1504 2497 1657 2590 quando
1676 2520 1752 2568 cum
1837 2525 1838 2592 ;

261 2621 418 2697 solemni
451 2623 630 2695 comitatu
667 2621 851 2695 accedunt
888 2621 937 2695 ad
976 2619 1179 2717 Cappellas
1215 2617 1275 2694 vel
1311 2620 1361 2692 ad
1397 2618 1490 2693 alias
1519 2619 1750 2695 Functiones.

261 2747 346 2846 Ego
375 2747 562 2843 respondi,
593 2746 664 2820 hoc
693 2771 761 2820 nec
789 2747 918 2821 maiori
946 2747 1042 2842 parti
1073 2745 1322 2825 Dominorum
1346 2743 1506 2841 placere,
1526 2762 1566 2819 et
1588 2745 1752 2820 omnibus
1837 2729 1838 2742 ¹

257 2890 408 2971 gratum
437 2872 516 2946 sore
544 2873 576 2946 si
603 2873 676 2946 iste
704 2872 846 2946 abusus
866 2872 929 2968 qui
949 2870 1130 2966 paulatim
1150 2873 1285 2944 iterum
1303 2869 1468 2954 invaluit,
1490 2869 1596 2943 suavi
1616 2869 1753 2944 Sancti-

259 2997 347 3069 tatis
377 2996 477 3070 Suae
496 2996 650 3079 monito,
673 2995 709 3067 in
729 2995 829 3069 Rota
848 3019 916 3092 per
932 2995 1126 3069 Decanum
1146 3009 1317 3068 nostrum
1337 2993 1573 3090 exponendo,
1596 2993 1750 3068 tollatur.

969 3321 1060 3399 348.

261 3487 379 3560 Rotae
408 3483 606 3556 Decretum
633 3490 795 3556 statuens
821 3481 922 3581 quod
955 3485 1225 3556 Procuratores
1257 3509 1371 3556 mana
1400 3483 1566 3582 proprie
1601 3481 1752 3556 subscri-

339 3607 428 3680 bant
452 3607 575 3680 omnia
602 3614 637 3678 et
660 3607 811 3704 singola
838 3608 978 3705 scripta
1004 3633 1097 3704 quae
1125 3605 1266 3679 dabant
1291 3608 1456 3683 Panaeti.

343 3762 458 3834 (Auen.
478 3759 565 3833 Rou,
589 3759 779 3820 «Drare'um
799 3761 910 3820 Iacobi
926 3760 1114 3834 Emerix»).

708 3943 869 4016 Mercur.
903 3947 951 4015 26
982 3941 1175 4016 Februarii
1209 3945 1319 4017 1681.

344 4110 431 4177 266.
463 4103 549 4176 Fuit
577 4103 689 4177 etiam
710 4128 778 4199 per
807 4102 993 4177 Dominus
1020 4102 1232 4176 ordinatum
1262 4104 1365 4198 quod
1385 4101 1541 4198 quilibet
1565 4101 1750 4202 (Auditor)

260 4243 367 4301 curet
394 4226 496 4324 affigi
526 4227 648 4301 Portis
676 4227 903 4300 Audientiae
932 4227 1119 4322 propriae,
1150 4227 1253 4322 quod
1281 4229 1316 4299 in
1345 4242 1541 4324 posterum
1574 4225 1751 4300 Procura-
1837 4315 1838 4330 χ

260 4367 364 4426 tores
392 4353 495 4426 iuxta
522 4352 779 4426 ordinationes
807 4353 925 4426 factas
954 4354 989 4424 in
1020 4352 1119 4426 Rota
1146 4352 1221 4426 diei
1255 4376 1297 4425 12
1329 4351 1540 4426 decembris
1575 4357 1684 4446 1605,
1715 4363 1750 4422 et
1837 4399 1838 4404 =

260 4477 334 4550 diei
365 4497 384 4570 7
417 4476 541 4551 Martii
576 4485 672 4551 1612
704 4502 748 4552 ac
776 4493 976 4551 renovatas
1005 4477 1117 4550 tertio
1156 4477 1280 4551 Martii
1314 4483 1425 4571 1652,
1455 4501 1567 4551 manu
1604 4474 1749 4574 propria

260 4603 495 4677 subscribere
515 4604 678 4678 debeant
695 4629 829 4677 omnes
848 4602 1133 4676 Inlormationes
1153 4602 1269 4686 Facti,
1291 4602 1586 4699 Responsiones‚
1610 4603 1748 4677 Memo·

259 4727 372 4814 rialia,
389 4727 601 4802 Summaria
620 4745 659 4801 et
686 4727 876 4823 quaelibet
904 4725 975 4800 alia
1002 4751 1132 4801 eorum
1162 4728 1302 4824 scripta
1329 4751 1428 4823 quae
1448 4727 1593 4801 dabunt
1621 4728 1669 4802 D.
1690 4725 1749 4798 Po·

259 4853 361 4924 nenti
389 4852 424 4924 in
455 4851 590 4926 Causis
619 4854 690 4925 sub
717 4877 841 4948 poena
860 4850 1119 4948 suspensionis
1138 4851 1441 4926 irremissibiliter
1458 4852 1612 4927 arbitrio
1632 4847 1748 4926 Domi·
1837 4831 1838 4878 ³

260 5001 392 5052 norum
420 4978 547 5073 quoad
576 4993 727 5072 tempus
756 4977 994 5072 imponenda,
1025 4994 1063 5050 et
1092 4975 1247 5050 ulterius
1285 4976 1470 5050 reficiendi
1504 4976 1614 5050 alteri
1657 4973 1747 5048 Parti
1837 5055 1838 5082 χ

258 5125 446 5199 expensas
485 5101 764 5198 propositionis,
804 5127 870 5174 seu
909 5101 1101 5174 relationis
1137 5101 1289 5175 Causae
1329 5125 1444 5197 quam
1490 5103 1541 5175 ob
1568 5103 1747 5175 desectum

258 5225 489 5322 implementi
518 5227 775 5300 Ordinationis
803 5226 1016 5301 huiusmodi
1044 5225 1181 5300 differri
1208 5226 1420 5325 contigerit,
1449 5242 1489 5300 et
1516 5227 1621 5323 quod
1653 5225 1747 5299 dein·

257 5376 348 5448 ceps
378 5352 500 5424 nullus
529 5353 666 5426 scribat
695 5351 758 5446 qui
788 5376 861 5425 non
889 5351 1000 5424 luerit
1026 5352 1261 5425 examinatus
1284 5367 1325 5425 et
1346 5354 1593 5448 approbatus.
