3720 5914
257 327 311 386 144
889 321 1026 380 Saeculo
1043 319 1113 380 XV

254 520 408 620 perinde
444 536 563 596 stetur
596 522 632 595 in
667 521 842 594 omnibus
873 535 914 594 et
940 543 1008 616 per
1034 518 1170 602 omnia,
1200 534 1315 614 prout
1341 513 1582 615 originalibus
1617 513 1744 588 litteris

253 648 392 722 nostris
419 645 631 721 huiusmodi
658 671 702 718 ac
730 644 1041 740 predecessorum
1061 643 1313 739 predictorum
1338 656 1377 716 et
1404 641 1514 739 plena
1532 640 1626 714 fides
1649 639 1745 714 adhi-

253 774 400 858 beatur,
429 795 473 844 ac
502 771 533 844 si
562 771 659 844 dicte
686 767 888 867 originales
916 769 1039 842 littere
1067 767 1191 842 forent
1218 767 1381 842 exhibite
1400 765 1459 840 vel
1478 782 1641 840 ostense.

335 896 435 970 Nulli
463 919 557 994 ergo
584 895 736 970 omnino
764 893 955 969 hominum
983 893 1091 968 liceat
1126 891 1220 966 hanc
1254 889 1432 990 paginam
1460 907 1589 964 nostre
1620 888 1748 964 volun-

254 1022 353 1107 tatis
389 1020 684 1118 approbationis,
722 1017 1024 1102 confirmationis,
1055 1016 1341 1103 constitutionis,
1374 1014 1644 1102 declarationis,
1675 1030 1748 1090 sta-

252 1149 333 1233 tuti,
353 1146 609 1232 ordinationis,
629 1143 893 1228 concessionis,
910 1142 1176 1241 derogationis,
1199 1141 1467 1238 suspensionis,
1488 1140 1747 1226 revocationis,

249 1272 471 1348 cassationis
498 1288 537 1345 et
565 1269 801 1344 anullationis
828 1269 1039 1365 infringere,
1059 1266 1119 1340 vel
1142 1267 1186 1352 ei,
1208 1291 1302 1340 ausu
1324 1267 1532 1350 temerario,
1553 1266 1748 1341 contraire.

255 1399 294 1472 Si
321 1399 407 1494 quis
433 1412 560 1471 autem
588 1396 658 1470 hoc
685 1411 912 1490 attemptare
940 1393 1223 1490 presumpserit,
1254 1380 1548 1489 indignationem
1583 1391 1749 1486 omnipo-

253 1522 365 1596 tentis
402 1502 473 1596 Dei
509 1536 549 1595 et
575 1523 772 1595 beatorum
801 1518 900 1594 Petri
927 1533 967 1594 et
997 1517 1098 1592 Pauli
1125 1516 1398 1614 Apostolorum
1426 1515 1507 1590 eius
1534 1540 1577 1591 se
1605 1515 1751 1588 noverit

254 1671 503 1721 incursurum.

336 1772 477 1844 Datum
507 1771 639 1856 Rome,
668 1768 769 1866 apud
798 1767 978 1844 Sanctum
1008 1766 1169 1850 Petrum,
1199 1766 1313 1840 Anno
1341 1764 1607 1838 lncarnationis
1634 1763 1751 1838 domi·

254 1895 334 1970 nice
362 1894 561 1970 Millesimo
580 1893 953 1992 quadringentesimo
970 1891 1285 1990 quinquagesimo
1305 1891 1482 1976 secundo,
1504 1889 1623 1964 Nonis
1645 1889 1749 1976 lunii,

256 2021 496 2096 Pontificatus
524 2020 642 2093 nostri
670 2020 783 2093 Anno
811 2007 940 2092 Sexto.

972 2353 1035 2432 85.

254 2517 423 2617 Epistola
452 2518 569 2599 Petri,
596 2514 716 2588 Dua's
734 2513 971 2596 Britanniae,
993 2537 1103 2610 quam
1120 2523 1205 2586 unte
1222 2537 1362 2586 annum
1380 2535 1477 2610 1457
1495 2515 1613 2589 Rotae
1631 2517 1753 2591 Audi·

334 2641 472 2716 toribus
489 2642 598 2727 misit,
617 2639 816 2738 quamdam
834 2664 983 2712 causam
1001 2637 1077 2711 illis
1094 2638 1355 2712 commendans.
1384 2681 1411 2694 -
1438 2640 1566 2714 Huius
1581 2643 1752 2739 epistolas
1848 2689 1849 2704 2

334 2767 513 2842 Archrbti)
539 2774 662 2840 manet
686 2763 878 2862 exemplar
912 2761 1156 2838 authenticum
1191 2763 1230 2836 in
1250 2763 1399 2862 papiro,
1429 2773 1465 2836 et
1496 2764 1599 2839 allius
1634 2767 1749 2864 copia,

322 2895 434 2990 facta
461 2917 559 2966 anno
586 2913 693 2988 1757,
722 2887 780 2962 vel
803 2888 958 2962 circiter.

336 3068 450 3138 (Auen.
468 3067 556 3141 Ror,
581 3067 796 3141 ‹Prz'vr'legr'a
809 3093 834 3140 »,
854 3074 931 3127 tom.
948 3067 977 3140 I,
992 3071 1080 3142 part.
1099 3067 1161 3136 III,
1184 3069 1276 3142 epist.
1295 3069 1335 3140 7).

335 3245 478 3342 (copz'cr).
510 3244 631 3339 Copie
659 3245 772 3320 d’une
801 3245 930 3320 Lettre
959 3247 1006 3320 de
1036 3245 1159 3320 Pierre
1191 3246 1222 3319 ll
1255 3245 1340 3320 Duc
1373 3246 1421 3319 de
1454 3246 1643 3343 Bretagne
1675 3269 1752 3319 aux

254 3369 461 3442 Auditeurs
490 3369 537 3442 de
557 3369 613 3442 La
632 3370 731 3443 Rote
750 3368 797 3443 de
817 3371 948 3458 Rome,
970 3396 1067 3466 pour
1086 3371 1186 3445 Leur
1204 3371 1486 3446 recommander
1505 3370 1641 3444 Maitre
1659 3369 1752 3465 Jean

253 3494 428 3589 hymaud,
458 3494 523 3590 qui
552 3491 707 3590 plaidoit
742 3509 872 3569 contre
910 3495 1011 3570 Dom
1047 3495 1259 3570 Guillaume
1289 3495 1445 3570 Meliant
1479 3495 1535 3568 La
1574 3493 1674 3568 Cure
1701 3494 1752 3568 de

254 3618 456 3692 Montouer
483 3617 534 3690 du
564 3617 727 3692 Diocese
756 3619 804 3692 de
833 3620 978 3693 Nantes
1006 3645 1054 3692 au
1082 3619 1263 3695 Tribunal
1290 3620 1338 3694 de
1365 3619 1479 3694 ladite
1498 3620 1597 3695 Rote
1616 3643 1666 3694 ou
1686 3645 1752 3694 ees

255 3760 379 3818 sortes
407 3745 454 3817 de
482 3743 629 3816 Causes
658 3768 698 3816 se
726 3743 931 3838 plaidoient
957 3745 1069 3818 alors.

336 3869 449 3942 Cette
478 3869 607 3942 Lettre
635 3885 695 3942 est
723 3868 851 3942 dattee
888 3871 936 3942 de
973 3869 1126 3944 Vennes
1163 3869 1213 3942 du
1251 3869 1399 3943 dernier
1435 3870 1482 3943 de
1511 3869 1750 3966 Septembre.

255 3994 420 4066 L’annee
449 3992 547 4066 n’est
583 4019 653 4089 pas
688 4004 878 4090 marquee.
909 3995 936 4067 ll
972 4021 996 4090 y
1032 4021 1065 4080 a,
1100 4020 1147 4068 au
1182 3995 1312 4080 moine,
1347 4019 1422 4087 300
1450 4019 1529 4082 ans,
1562 3994 1687 4068 Pierre
1716 3995 1751 4070 ll

254 4129 361 4192 etant
388 4136 485 4193 mort
513 4143 559 4192 en
595 4141 705 4212 1457.
736 4119 849 4214 apres
877 4120 981 4194 avoir
1010 4129 1126 4218 regne
1158 4141 1177 4213 7
1208 4145 1288 4194 ans.
1319 4119 1373 4192 Le
1402 4119 1565 4218 langage
1583 4119 1649 4192 sait
1667 4144 1751 4193 con-

256 4245 388 4330 noitre,
418 4243 556 4340 qu'elle
585 4269 630 4316 ne
660 4245 801 4318 sauroit
830 4242 910 4318 etre
945 4246 993 4318 de
1032 4245 1156 4318 Pierre
1189 4245 1213 4331 l,
1244 4245 1308 4341 qui
1345 4260 1406 4320 est
1441 4247 1637 4339 beaucoup
1666 4244 1752 4341 plus

168 4417 170 4421 -
255 4370 396 4444 encien.

335 4548 567 4644 (exemplar).
713 4547 766 4621 Le
788 4547 872 4622 Duc
891 4549 939 4621 de
961 4547 1163 4644 Bretaigne
1184 4547 1306 4620 Conte

668 4673 716 4745 de
746 4673 929 4745 Montsort
956 4690 996 4746 et
1024 4673 1071 4745 de
1101 4671 1335 4747 Richemont.

336 4850 432 4924 Tres
462 4851 570 4925 chers
598 4866 637 4924 et
664 4851 807 4948 grands
834 4849 939 4922 amis
969 4893 995 4903 -
1023 4848 1050 4922 ll
1078 4863 1139 4923 est
1166 4849 1260 4922 ainsi
1286 4873 1363 4944 que
1398 4873 1468 4946 par
1503 4849 1668 4944 l’espace
1703 4849 1752 4921 de

257 4997 352 5046 xv111
380 5000 449 5048 ans
478 4989 516 5050 et
543 4975 628 5070 plus
657 4974 801 5074 l'eglise
836 4971 1067 5069 parrochiale
1103 4976 1150 5046 de
1188 4973 1390 5046 Montouer
1424 4998 1473 5047 ou
1511 4957 1751 5046 Diocesede

258 5101 405 5174 Nantes
432 5125 454 5172 a
482 5115 565 5192 este
594 5115 699 5172 entre
727 5123 786 5172 me
814 5099 900 5172 bien
928 5108 1012 5171 ame
1040 5116 1078 5171 et
1105 5095 1175 5172 leal
1212 5099 1413 5172 secretaire
1443 5097 1600 5170 Maistre
1634 5095 1749 5191 Jehan

256 5223 421 5321 hymaud
448 5239 488 5296 et
524 5224 612 5299 dom
642 5223 853 5298 Guillaume
882 5223 1039 5297 llleliant
1075 5222 1271 5322 litigieuse,
1302 5237 1342 5294 et
1376 5247 1450 5319 ya
1481 5247 1528 5294 eu
1563 5221 1751 5318 plusieurs

257 5365 454 5424 sentences
483 5347 595 5422 d'une
623 5365 709 5445 part
736 5365 775 5422 et
803 5348 981 5438 d'autres,
1013 5349 1180 5422 donnees
1213 5362 1295 5421 tant
1332 5373 1379 5421 en
1416 5347 1519 5421 Cour
1553 5346 1600 5420 de
1629 5347 1751 5420 Rome
