3748 5914
827 238 991 299 Pautov
1493 209 1495 216 ’
1600 239 1655 298 327

155 422 277 516 pturis
313 427 363 498 ad
402 449 537 500 causas
569 426 777 502 criminales
815 425 1043 516 facientibus,
1075 443 1249 501 teneatur
1276 426 1440 502 Auditor
1473 425 1565 514 illas,
1596 425 1655 500 vel

154 573 286 622 earum
313 550 538 648 exemplum,
568 567 610 625 ut
637 552 857 648 praefertur,
886 553 1052 627 exhiberi
1078 551 1212 628 iacere.

237 673 386 748 Nemini
412 674 521 750 liceat
539 678 690 752 turbare
717 677 885 752 ordinem
906 677 1130 750 servandum
1159 677 1195 749 in
1223 676 1546 752 distributionibus
1565 700 1653 748 cau·

155 823 295 884 sarum,
317 799 386 873 sed
405 799 550 874 illarum
569 801 854 910 commissiones
874 802 1142 876 distribuantur
1160 803 1259 876 bona
1277 801 1350 876 fide
1369 801 1472 875 iuxta
1484 799 1654 874 ordinem

154 922 286 1011 Turni,
316 925 380 1020 qui
415 923 514 1000 nullo
549 949 705 1022 prorsus
742 924 866 1010 modo,
896 951 1020 1023 neque
1054 951 1076 999 a
1109 927 1272 1014 notariis,
1304 951 1372 1000 nec
1407 953 1431 1000 a
1462 949 1653 1023 quoquam

152 1046 228 1122 alio
256 1064 506 1146 pervertatur,
536 1067 649 1148 prout
677 1076 792 1148 supra
820 1052 869 1126 de
896 1051 1098 1149 Signatura
1133 1051 1299 1126 Iustitiae
1329 1051 1553 1148 dispositum
1581 1065 1652 1124 est.

238 1173 292 1248 Ut
318 1193 443 1250 autem
472 1175 623 1250 debitus
650 1178 786 1251 modus
815 1176 993 1272 sportulis
1022 1175 1246 1272 imponatur,
1268 1201 1340 1249 non
1369 1175 1517 1273 possint
1535 1174 1655 1248 Audi-

155 1312 261 1372 tores
288 1325 310 1374 a
338 1301 518 1397 partibus,
540 1327 610 1398 per
638 1327 680 1376 se
707 1300 766 1376 vel
794 1302 916 1388 alium,
938 1301 1073 1398 quovis
1092 1300 1206 1376 modo
1225 1299 1477 1398 sportularum
1506 1301 1654 1374 nomine

152 1422 296 1519 aliquid
322 1441 453 1521 petere
485 1426 544 1501 vel
572 1427 737 1526 exigere,
772 1427 841 1501 sed
869 1451 988 1502 neca
1020 1443 1156 1523 sponte
1192 1426 1368 1502 dantibus
1403 1427 1501 1501 ultra
1529 1443 1653 1502 taxam

151 1548 427 1646 infrascriptam
455 1552 637 1648 accipere,
668 1551 863 1628 videlicet:

234 1674 275 1746 ln
303 1677 426 1750 causis
452 1677 686 1772 pecuniariis,
708 1702 777 1750 seu
804 1676 1021 1773 prophanis,
1042 1692 1109 1752 aut
1126 1701 1225 1773 quae
1248 1675 1339 1751 alias
1359 1677 1481 1774 pretio
1499 1699 1655 1773 quoquo

153 1799 270 1872 modo
296 1799 486 1874 aestimari
506 1801 664 1897 possint,
686 1803 717 1874 si
744 1801 958 1876 aestimatio
983 1802 1036 1876 rei
1063 1801 1111 1875 de
1129 1827 1206 1898 qua
1232 1816 1476 1900 agetur,non
1497 1801 1656 1874 excedat

153 1947 340 1996 summam
376 1924 475 1999 mille
513 1928 745 2010 ducatorum,
775 1950 912 2001 aureos
945 1927 1097 2012 decem;
1135 1951 1158 1999 a
1193 1925 1302 2014 mille,
1332 1949 1423 2000 vero
1457 1951 1579 2022 usque
1605 1925 1655 1998 ad

153 2042 286 2121 decem
305 2048 429 2138 millia,
449 2051 764 2149 vigintiquinque3
792 2077 815 2124 a
833 2051 964 2124 decern
992 2051 1152 2124 millibus
1172 2075 1293 2148 usque
1312 2050 1362 2124 ad
1380 2051 1510 2148 viginti
1530 2048 1652 2137 millia,

155 2173 448 2272 quinquaginta;
468 2175 622 2250 abinde
641 2199 756 2273 supra
774 2176 964 2272 usquead
983 2199 1260 2272 quamcumque
1275 2200 1472 2262 summam,
1492 2191 1652 2251 centum.

154 2296 196 2368 ln
223 2297 500 2374 beneficialibus
519 2324 621 2386 vero,
645 2299 676 2373 si
695 2299 863 2374 redditus
882 2324 1041 2387 annuus,
1066 2300 1209 2398 dequo
1236 2315 1383 2398 agetur,
1405 2323 1479 2372 non
1498 2299 1657 2374 excedat

155 2447 341 2496 summam
369 2439 519 2498 centum
548 2425 781 2512 ducatorum,
812 2423 980 2498 similiter
1006 2426 1155 2513 decem;
1186 2450 1209 2498 a
1238 2441 1386 2498 centum
1415 2419 1513 2498 verd
1536 2449 1655 2520 usque

153 2546 204 2618 ad
230 2544 341 2634 mille,
363 2547 494 2645 viginti
508 2549 707 2646 ,quinque3
736 2575 758 2623 a
778 2549 877 2623 mille
897 2574 1018 2646 usque
1046 2551 1096 2623 ad
1118 2550 1188 2623 tria
1217 2549 1340 2633 millia,
1362 2548 1653 2647 quinquaginta3

154 2671 205 2743 ab
231 2670 319 2745 inde
346 2677 437 2747 vero
465 2699 591 2769 supra,
616 2688 766 2752 centum
794 2697 932 2747 aureos
950 2699 1021 2770 pro
1041 2673 1219 2771 sportulis
1238 2673 1491 2770 cuiuscunque
1509 2688 1656 2748 senten·

154 2795 242 2881 tiae,
257 2795 473 2870 diffinitivae
486 2796 694 2882 dumtaxat,
711 2813 753 2872 ut
766 2798 986 2894 praefertur,
1008 2799 1178 2895 accipere
1191 2797 1351 2873 valcant.
1374 2797 1413 2871 Si
1431 2823 1523 2872 vero
1541 2821 1655 2871 causa

154 2921 456 2995 aestimationem
476 2947 549 2996 non
568 2921 676 2996 lacile
701 2923 871 3018 accipiat,
893 2921 1086 3019 sportulae
1113 2923 1342 3009 moderatae,
1365 2947 1434 3020 pro
1463 2947 1586 2996 rerum
1615 2937 1655 2996 et

153 3068 402 3139 personarum
421 3046 613 3142 qualitate,
634 3047 736 3121 iuxta
751 3063 860 3122 taxas
878 3048 1102 3144 praedictas,
1119 3047 1232 3144 recipi
1247 3047 1405 3144 possint.
1422 3047 1502 3121 Nec
1515 3045 1656 3143 aliquid

153 3167 252 3243 ultra
279 3194 353 3243 non
382 3171 503 3245 solum
530 3171 622 3268 ipsis
651 3172 909 3259 Auditoribus,
944 3172 1012 3246 sed
1041 3198 1109 3246 nec
1136 3196 1267 3246 eorum
1296 3171 1565 3258 Familiaribus,
1594 3171 1654 3245 vel

151 3273 452 3392 consanguineis,
469 3312 535 3370 aut
552 3295 634 3370 aliis
654 3297 850 3393 quibusvis
869 3297 1053 3394 personis,
1070 3297 1221 3384 directe,
1238 3295 1296 3369 vel
1311 3295 1500 3382 indirecte,
1521 3299 1655 3392 quovis

152 3419 329 3514 quaesito
357 3419 493 3508 colore,
524 3420 584 3494 vel
611 3421 775 3519 ingenio,
803 3421 972 3519 exceptis
1004 3420 1205 3496 esculentis
1232 3438 1272 3496 et
1305 3421 1525 3518 poculentis,
1555 3447 1654 3520 quae

153 3542 279 3618 triduo
302 3545 470 3618 consumi
484 3547 642 3642 possint,
673 3545 839 3641 ipsarum
868 3548 1149 3634 sententiarum,
1180 3562 1247 3620 aut
1274 3546 1501 3622 Auditorum
1520 3548 1653 3622 intuitu

152 3670 338 3763 praestari
358 3671 495 3766 possit;
516 3695 612 3767 quas
640 3671 791 3769 quidem
812 3669 1001 3768 sportulas
1025 3671 1127 3744 iuxta
1147 3687 1273 3745 taxam
1292 3670 1524 3768 praedictam
1551 3669 1654 3769 apud

152 3793 340 3867 notarium
369 3819 505 3869 causae
543 3812 633 3892 post
660 3796 911 3892 subscriptam
936 3796 1172 3884 sententiam,
1201 3815 1241 3869 et
1268 3820 1342 3870 non
1369 3813 1493 3884 antea,
1515 3795 1654 3894 deponi

152 3932 195 3991 et
221 3917 397 3994 Auditori
425 3920 639 4018 consignari
665 3920 850 3998 volumus.
882 3919 1073 4016 Quodque
1089 3903 1266 3995 ¹notarius
1286 3920 1585 4018 dispositionem,
1615 3936 1655 3996 et

152 4041 475 4118 confirmationem
502 4042 715 4119 huiusmodi
744 4045 781 4118 in
807 4045 902 4118 actis
930 4061 1071 4131 notare,
1102 4059 1141 4116 et
1168 4043 1385 4142 specificare
1413 4061 1597 4121 teneatur.

858 4290 945 4370 198.

30 4402 33 4407 Ι
151 4433 349 4506 Parlz'cula
367 4435 496 4508 Morus
509 4435 663 4535 proprii
674 4435 792 4510 Pauli
811 4439 849 4510 V
859 4448 971 4535 super
985 4435 1260 4524 Reformationc
1278 4435 1521 4509 tribunalium
1543 4435 1653 4510 Urbis

230 4567 266 4632 et
290 4561 367 4632 eriis
393 4558 618 4655 officialium,
649 4561 898 4634 Notan'orum
926 4561 1044 4634 Rotae
1070 4569 1183 4634 taxas
1207 4562 1410 4635 staminiis.

230 4713 346 4786 (Auen.
365 4713 452 4788 Ros,
476 4713 738 4774 «Ordinationes
750 4739 777 4789 ι,
791 4721 888 4796 part.-
899 4714 927 4788 Ι,
945 4731 978 4774 n.
997 4713 1081 4788 XX).

233 4877 322 4951 Cum
350 4906 415 4954 nos
441 4893 562 4980 nuper
588 4879 755 4980 generali
784 4880 1037 4956 reformationi
1065 4877 1318 4954 Tribunalium
1349 4877 1528 4956 Urbis...

632 5024 670 5095 T
663 5049 743 5096 axa
770 5025 1018 5098 Notariorum
1047 5023 1175 5098 Rotae.

231 5167 303 5240 Pro
321 5163 491 5264 quolibet
510 5167 726 5240 centenario
744 5167 918 5242 soliorum
941 5166 1090 5266 registri
1118 5165 1203 5240 boni
1232 5162 1319 5239 lacti
1346 5167 1448 5240 iuxta
1476 5165 1652 5240 reforma·

150 5293 293 5367 tionem
321 5289 555 5366 Sanctissimi
587 5294 659 5366 sub
686 5291 739 5366 tit.
769 5291 814 5366 dc
842 5291 1041 5389 Registris‚
1072 5289 1132 5365 iul.
1164 5291 1373 5388 sexaginta.
