3748 5914
260 272 317 333 242
888 263 1024 323 Socculo
1042 261 1131 323 XVI

342 487 386 538 ac
412 463 525 537 etiam
553 449 860 534 interdictorum
889 456 1117 530 Auditorum
1144 453 1444 530 Constitutiones
1473 452 1641 538 describi,

343 603 386 662 ut
412 587 449 662 hi
476 611 573 684 quos
603 585 834 682 contingunt,
864 583 969 678 quod
996 580 1045 656 ad
1072 581 1176 676 ipsos
1204 603 1280 654 non
1308 578 1557 676 pervenerint,
1587 593 1653 650 aut
1678 575 1761 649 illas

262 713 525 813 ignoraverint,
551 709 690 785 nullam
709 710 857 805 possint
874 707 1152 781 excusationem
1178 703 1414 803 pretendere,
1435 702 1495 777 vel
1514 701 1761 802 ignorantiam

263 840 449 938 allegare;
477 862 562 912 curn
599 860 674 908 non
709 834 757 908 sit
793 831 991 907 verisimile
1025 832 1128 929 apud
1156 831 1261 928 ipsos
1297 853 1491 904 remanere
1519 827 1761 926 incognitum,

263 963 368 1062 quod
395 979 472 1037 tam
501 974 675 1059 patenter
700 957 812 1032 luerit
839 958 1079 1055 publicatum.
1793 939 1796 946 ¹

345 1087 445 1162 Nulli
471 1112 566 1186 ergo
593 1086 745 1160 omnino
773 1084 963 1158 hominum
991 1083 1102 1157 liceat
1128 1081 1223 1155 hanc
1252 1079 1428 1178 paginam
1461 1093 1590 1153 nostre
1622 1101 1761 1174 appro-

263 1212 435 1299 bationis,
464 1209 724 1294 innovationis,
755 1207 991 1293 extentionis,
1025 1203 1287 1302 ampliationis,
1318 1204 1459 1291 statuti,
1491 1201 1761 1282 Ordinationis‚

265 1336 556 1412 Constitutionis
583 1349 654 1409 etc.
685 1333 725 1408 Si
753 1334 838 1428 quis
864 1348 992 1406 autem
1020 1346 1091 1408 etc.

345 1462 488 1536 Datum
516 1461 649 1546 Rome,
671 1459 773 1555 apud
801 1456 838 1531 S.
871 1457 1033 1542 Petrum,
1054 1481 1154 1530 anno
1181 1453 1446 1530 incarnationis
1465 1451 1662 1527 Dominice
1683 1451 1762 1524 Mil·

264 1587 396 1662 lesimo
424 1584 729 1684 quingentesimo
757 1583 934 1669 secundo,
957 1579 1077 1656 idibus
1099 1577 1238 1676 aprilis,
1260 1577 1500 1676 pontificatus
1528 1577 1647 1652 nostri
1666 1601 1764 1650 anno

266 1713 422 1787 decime.

973 1968 1060 2047 143.

272 2134 393 2208 Julius
420 2133 472 2208 II
492 2135 650 2232 (1503·1
662 2135 752 2230 513)
778 2131 934 2206 mandat
958 2132 1077 2206 Rotae
1113 2127 1366 2214 Auditm'bus,
1395 2127 1476 2200 lites
1507 2135 1619 2223 super
1658 2123 1767 2224 Capi-

348 2259 447 2347 tulis,
475 2241 696 2333 nontamen
715 2255 919 2358 priuilegia
948 2251 1208 2330 cardinalium
1235 2251 1504 2338 continentibus,
1533 2273 1766 2347 nequaqum

343 2385 478 2476 fovere,
508 2391 727 2480 exortasque
762 2383 938 2456 senuntia
970 2405 1039 2454 sua
1072 2379 1211 2471 finirc;
1239 2378 1525 2475 mandatumque
1555 2375 1769 2448 huiusmodi

348 2508 413 2582 sub
438 2516 571 2581 secreto
597 2533 758 2618 servare.

348 2662 464 2734 (Anca.
482 2659 569 2735 Rom,
594 2659 854 2719 ‹Ordinatioms
868 2683 895 2733 ι,
909 2662 997 2734 part.
1014 2657 1044 2732 1,
1061 2674 1094 2717 n.
1111 2657 1173 2730 15).

1524 2779 1603 2850 1505,
1623 2779 1703 2838 maii
1721 2778 1768 2838 27.

348 2951 461 3024 Iulius
474 3003 477 3011 ·
490 2975 590 3047 papa
617 2949 660 3022 ll.
681 2947 836 3035 -Cum,
857 2973 930 3022 non
950 2948 1095 3043 absque
1113 2945 1226 3020 animi
1246 2945 1363 3020 nostri
1390 2943 1635 3042 displicentia,
1656 2943 1767 3016 intel-

267 3076 467 3150 lexerimus
494 3075 598 3172 quod
630 3098 677 3146 ex
705 3072 900 3169 Capitulis,
929 3095 1004 3146 non
1041 3089 1168 3146 tamen
1205 3069 1399 3168 privilegia
1436 3083 1565 3151 sancte
1593 3069 1768 3142 Romane

268 3199 423 3275 ecclesie
452 3197 714 3273 Cardinalibus
741 3221 920 3271 concessa
948 3195 1235 3284 continentibus,
1264 3209 1303 3268 et
1330 3219 1399 3291 per
1425 3218 1495 3268 nos
1522 3193 1559 3267 in
1588 3191 1769 3266 Conclavi

270 3349 356 3420 quo,
378 3325 502 3399 divina
519 3322 670 3397 favente
697 3321 902 3409 clementia,
924 3321 1128 3395 adsummi
1150 3319 1387 3417 apostolatus
1415 3318 1558 3414 apicem
1577 3318 1767 3415 assumpti

268 3448 416 3535 suimus,
446 3447 604 3546 signatis
632 3472 707 3543 que
734 3446 919 3542 quottidie
939 3443 1023 3548 (sic)
1043 3446 1079 3519 in
1107 3445 1241 3528 causis,
1264 3459 1341 3516 tam
1370 3443 1467 3518 iuter
1493 3443 1649 3517 eosdem
1672 3439 1767 3515 Car-

268 3573 423 3657 dinales‚
452 3597 567 3669 quam
595 3570 688 3645 alias
720 3570 917 3657 Personas,
946 3595 1073 3645 coram
1109 3568 1255 3642 dilectis
1282 3567 1376 3654 filiis,
1405 3591 1604 3641 causarum
1641 3567 1768 3663 palatii

269 3698 386 3772 nostri
403 3696 637 3771 auditoribus
654 3697 886 3770 vertentibus
905 3693 1173 3791 producuntur,
1194 3692 1344 3767 diverse
1361 3690 1458 3766 inter
1476 3691 1632 3765 eosdem
1651 3691 1768 3764 Audi-

269 3838 371 3896 tores
407 3821 577 3896 oriuntur
603 3820 799 3917 opiniones
827 3835 865 3894 et
892 3820 988 3905 lites,
1019 3844 1103 3892 cum
1139 3817 1301 3914 partium
1330 3815 1568 3890 incommodo
1594 3830 1634 3890 et
1661 3816 1767 3914 gravi

268 3947 417 4035 damno,
448 3946 485 4020 in
513 3947 594 4020 dies
622 3961 823 4020 causentur
850 3961 889 4018 et
917 3947 953 4018 in
981 3945 1136 4042 longum
1164 3941 1442 4038 protrahantur,
1472 3941 1575 4016 etin
1603 3940 1767 4015 futurum

267 4073 427 4147 maiores
456 4074 612 4156 causari,
643 4070 791 4167 aliaque
819 4071 949 4168 peiora
985 4069 1188 4142 succedere
1224 4091 1340 4163 posse
1372 4065 1620 4140 verisimiliter
1646 4066 1769 4140 lormi-

266 4198 433 4272 dandum
461 4198 519 4282 sit,
552 4196 634 4271 Nos
660 4196 773 4292 igitur
792 4197 827 4269 in
851 4194 1045 4292 premissis
1073 4193 1121 4268 de
1140 4206 1355 4290 opportuno
1375 4192 1542 4266 remedio
1570 4191 1768 4288 providere

265 4305 447 4409 volentes,
477 4337 517 4394 et
553 4321 731 4417 predictis
767 4319 1110 4395 inconvenientibus
1138 4319 1290 4392 obviare
1317 4305 1357 4391 et
1391 4315 1625 4391 subditorum
1653 4316 1767 4389 Com-

267 4445 387 4521 modis
417 4445 571 4519 studere
600 4446 848 4530 intendentes,
870 4445 1014 4519 eisdem
1033 4443 1281 4518 Auditoribus
1309 4441 1345 4514 in
1364 4443 1502 4515 virtute
1530 4456 1659 4515 sancte
1679 4441 1768 4514 obe2

266 4571 405 4645 dientie
432 4595 502 4666 per
529 4585 728 4665 presentes
756 4569 983 4667 precipimus
1011 4583 1050 4641 et
1077 4567 1311 4650 mandamus,
1337 4565 1513 4662 quatinus
1541 4565 1610 4661 ipsi
1630 4566 1667 4638 in
1687 4565 1767 4663 qui-

267 4695 395 4771 busvis
432 4697 566 4779 causis,
605 4710 682 4769 tam
718 4694 991 4768 benefitialibus
1026 4717 1141 4789 quam
1178 4691 1259 4764 aliis
1296 4715 1412 4788 super
1442 4690 1683 4788 possessorio
1709 4688 1767 4762 vel

270 4820 445 4917 petitorio
473 4835 512 4894 et
540 4838 616 4894 tam
644 4819 680 4892 in
708 4818 827 4915 prima
854 4843 967 4914 quam
986 4816 1058 4891 alia
1085 4817 1217 4914 quavis
1236 4813 1402 4890 ulteriori
1420 4814 1608 4899 instantia,
1631 4814 1766 4889 Coram

271 4945 325 5018 eis
345 4944 527 5019 hactenus
547 4945 659 5019 motis
677 4960 717 5018 et
734 4943 939 5027 movendis,
956 4943 992 5014 in
1011 4942 1146 5038 quibus
1167 4939 1342 5038 Capitula
1360 4939 1573 5014 huiusmodi
1586 4939 1766 5035 producta

272 5069 394 5143 sorent
430 5083 469 5142 et
500 5067 796 5164 producerentur
833 5067 868 5139 in
905 5081 1114 5162 posterum,
1144 5063 1213 5138 illis
1242 5064 1401 5151 reiectis,
1431 5063 1555 5138 litibus
1582 5062 1673 5159 ipsis
1701 5085 1767 5158 per
1854 5091 1855 5130 3

274 5219 405 5268 eorum
425 5193 630 5266 sententias
649 5193 815 5267 debitum
830 5192 940 5265 finem
956 5191 1159 5287 imponant,
1178 5187 1326 5264 sublata
1340 5189 1394 5262 eis
1409 5205 1448 5262 et
1462 5187 1612 5263 cuilibet
1625 5211 1764 5268 eorum,

275 5319 408 5415 quavis
436 5319 544 5392 aliter
571 5315 755 5392 iudicandi
783 5333 821 5390 et
848 5317 1118 5414 interpretandi
1145 5316 1321 5390 facultate
1348 5330 1389 5388 et
1414 5313 1647 5390 auctoritate.
