3748 5914
795 327 909 388 Paulo
935 328 964 389 V
1574 325 1630 386 329

208 520 278 593 Pro
307 520 487 594 mandato
516 519 563 593 de
592 519 821 616 reportando
849 520 1063 619 registrum,
1093 535 1190 606 acta,
1218 519 1279 594 vel
1311 543 1525 615 processus,
1560 542 1627 592 seu

122 645 172 719 de
202 644 467 740 perquirend0,
498 644 559 718 iul.
589 661 752 741 quatuor
781 670 864 720 cum
894 643 1057 720 dimidio.

206 770 278 844 Pro
298 786 387 844 nota
406 772 615 844 sententiae
629 768 841 843 definitivae
856 770 891 842 in
907 770 1027 865 prima
1041 769 1229 856 instantia,
1244 767 1308 843 iul.
1325 769 1628 865 trigintaseptem

121 919 210 968 cum
239 893 403 969 dimidio.

206 1019 247 1092 ln
274 1021 441 1093 secunda
469 1020 657 1107 instantia,
687 1019 748 1095 iul.
779 1019 943 1117 triginta.

207 1145 247 1216 ln
275 1143 385 1218 tertia
411 1145 599 1231 instantia,
629 1145 690 1219 iul.
719 1143 928 1243 vigintiduo
957 1169 1040 1218 cum
1070 1143 1232 1219 dimidio.

208 1270 281 1343 Pro
308 1270 556 1344 instrumento
586 1269 795 1344 sententiae
824 1268 1050 1356 diffinitivae,
1081 1269 1142 1345 iul.
1173 1268 1396 1366 quindecim.

207 1395 279 1468 Pro
306 1395 556 1470 instrumento
574 1395 788 1470 diffinitivae
807 1394 1028 1480 sententiae,
1050 1420 1134 1469 cum
1153 1395 1345 1470 taxatione
1364 1417 1627 1490 expensarum,

123 1521 187 1596 iul.
217 1521 428 1617 vigintiduo
455 1546 539 1594 cum
568 1520 734 1596 dimidio.

208 1645 281 1719 Pro
309 1645 555 1720 instrumento
590 1647 792 1720 taxationis
828 1671 1082 1744 expensarum
1118 1646 1167 1719 ad
1200 1661 1361 1742 partem,
1393 1643 1454 1719 iul.
1485 1658 1631 1740 septem

124 1795 212 1844 cum
241 1769 407 1844 dimidio.

208 1896 279 1970 Pro
308 1911 398 1970 nota
422 1897 631 1971 sententiae
658 1896 972 1984 interlocutoriae,
1003 1891 1103 1973 nihil.

209 2022 280 2096 Pro
307 2022 440 2097 litteris
467 2020 792 2108 executorialibus,
824 2024 902 2097 sive
940 2047 1070 2097 eorum
1105 2023 1365 2107 instrumento,
1387 2021 1484 2095 ultra
1512 2022 1629 2117 depo·

126 2147 241 2221 situm
269 2163 460 2220 scutorum
488 2164 654 2245 quatuor
671 2173 755 2222 cum
776 2147 938 2235 dimidi0,
961 2147 1304 2244 excomputandum
1322 2164 1457 2243 postea
1477 2145 1512 2217 in
1532 2170 1631 2219 mer-

124 2272 219 2346 cede
248 2272 408 2370 registri,
438 2271 499 2346 iul.
530 2272 756 2368 quindecim.

210 2395 282 2470 Pro
311 2395 637 2472 nota-sententiae
665 2395 934 2471 declaratoriae
961 2397 1092 2495 vigore
1120 2395 1316 2482 monitorii,
1338 2395 1397 2470 vel
1425 2395 1631 2468 litterarum

126 2520 455 2604 executorialium,¹
475 2519 537 2595 iul.
567 2536 714 2617 septem
743 2547 826 2595 cum
854 2520 1020 2595 dimidio.

210 2643 282 2718 Pro
309 2643 560 2719 instrumento
588 2644 799 2720 sententiae
826 2645 1110 2731 declaratoriae,
1139 2643 1200 2720 iul.
1230 2643 1455 2740 quindecim.

210 2770 282 2842 Pro
310 2770 560 2844 instrumento
586 2770 869 2869 aggravationis
898 2772 947 2844 ad
975 2787 1133 2867 partem,
1163 2768 1224 2844 iul.
1255 2769 1476 2866 quindecim.

211 2895 282 2967 Pro
310 2896 560 2968 instrumento
589 2895 914 2993 reaggravationis
940 2895 990 2969 ad
1017 2911 1176 2991 partem,
1207 2892 1268 2969 iul.
1298 2893 1522 2988 quindecim.

157 3048 164 3060 ·
210 3018 282 3093 Pro
310 3019 559 3094 instrumento
588 3019 772 3094 interdicti
798 3021 848 3094 ad
876 3036 1033 3115 partem,
1065 3019 1124 3094 iul.
1155 3018 1376 3116 quindecim.

212 3145 283 3218 Pro
311 3145 561 3218 instrumento
589 3144 730 3220 brachii
766 3143 968 3219 saecularis
997 3170 1066 3241 per
1099 3170 1140 3219 se
1167 3158 1207 3218 et
1234 3144 1458 3241 simpliciter,
1487 3144 1634 3238 absque

128 3269 393 3356 declaratione,
426 3268 486 3345 iul.
516 3271 680 3369 triginta.

211 3395 283 3468 Pro
302 3396 551 3469 instrumento
570 3395 817 3470 absolutionis
843 3397 893 3470 ab
910 3394 1305 3470 excommunicationis
1333 3393 1529 3477 sententia,
1553 3393 1632 3466 sive

128 3519 402 3594 commissionis
421 3521 591 3595 eiusdem
611 3519 857 3594 absolutionis
876 3522 912 3594 in
930 3522 1101 3618 partibus
1119 3518 1276 3604 fiendae,
1297 3535 1337 3592 et
1355 3520 1427 3593 iam
1447 3519 1478 3591 si
1498 3518 1632 3591 luerint

127 3644 269 3740 plureS,
299 3645 378 3718 sive
408 3644 679 3731 Communitas,
705 3644 933 3741 Capitulum,
955 3660 1021 3718 aut
1049 3645 1272 3742 Collegium,
1294 3644 1329 3716 in
1353 3645 1485 3717 eadem
1505 3668 1629 3728 causa,

127 3785 169 3844 et
196 3771 436 3865 expeditione
459 3771 520 3846 iul.
551 3769 775 3868 quindecim.

212 3896 284 3968 Pro
311 3898 489 3970 mandato
517 3896 715 3970 executivo
743 3898 1010 3992 cuiuscumque
1039 3919 1220 3980 summae,
1250 3893 1310 3970 iul.
1341 3893 1503 3991 triginta.

211 4019 284 4093 Pro
312 4023 492 4095 mandato
519 4021 568 4094 de
596 4023 886 4108 manutenendo,
908 4021 1186 4118 reintegrando,
1209 4022 1288 4094 sive
1306 4020 1355 4093 de
1383 4016 1628 4102 immittendo,

129 4145 190 4219 iul.
221 4145 387 4244 triginta.

211 4268 261 4343 Et
303 4271 332 4344 si
374 4271 510 4346 dentur
546 4296 621 4346 non
660 4272 830 4346 conlecto
868 4273 1042 4369 registro,
1079 4270 1190 4345 liceat
1226 4271 1378 4369 exigere
1414 4270 1631 4366 depositum

129 4419 200 4492 pro
246 4393 341 4469 loliis
387 4397 673 4495 quinquaginta,
721 4397 1075 4494 excomputandum,
1124 4412 1166 4471 ut
1208 4421 1336 4492 supra,
1379 4394 1414 4467 in
1458 4395 1631 4468 mercede

131 4518 297 4616 registri.

212 4643 285 4716 Pro
303 4642 552 4716 instrumento
578 4643 761 4718 cessionis
780 4644 879 4731 iuris,
902 4641 987 4728 litis,
1006 4659 1046 4716 et
1065 4667 1213 4728 causae,
1235 4641 1314 4716 sive
1333 4640 1416 4726 litis,
1438 4659 1477 4717 et
1495 4665 1632 4716 causae

129 4769 337 4853 dumtaxat,
367 4767 399 4840 si
426 4767 647 4841 extrahatur
674 4768 909 4853 coniunctim,
939 4767 998 4841 vel
1027 4767 1240 4864 separatim,
1271 4766 1332 4840 iul.
1362 4782 1509 4863 septem
1548 4791 1632 4840 cum

130 4891 296 4966 dimidio

212 5017 283 5090 Pro
322 5033 422 5103 nota,
452 5041 520 5090 seu
558 5015 682 5114 rogitu
720 5018 956 5090 instrumenti
989 5016 1202 5091 huiusmodi
1240 5015 1422 5090 cessionis
1459 5017 1544 5090 bon.
1575 5015 1635 5087 tri·

130 5141 386 5239 gintaseptem
415 5165 498 5214 cum
528 5139 691 5228 dimidio,
714 5140 898 5228 videlicet,
920 5143 1073 5237 quando
1097 5166 1171 5214 non
1190 5139 1398 5214 extrahitur
1416 5141 1635 5214 instrumen-

131 5281 227 5352 tum;
248 5265 317 5339 sed
336 5266 367 5339 si
386 5265 617 5354 extrahatur,
638 5282 727 5339 tunc
746 5265 782 5337 in
800 5265 1031 5340 extractione
1059 5265 1148 5339 dicti
1176 5265 1413 5339 instrumenti
1432 5264 1636 5339 defalcatur

131 5391 229 5465 dicta
259 5415 416 5478 summa,
446 5391 534 5468 bon.
564 5390 867 5487 trigintaseptem
896 5416 979 5464 cum
1008 5390 1172 5466 dimidio.
