3718 5918
740 334 906 396 Clemente
924 333 993 396 XII
1564 337 1623 396 491,

196 525 293 602 Tam
323 528 394 602 Pro
423 529 673 604 Rubricatura
700 553 816 626 quam
844 553 913 625 pro
943 528 1147 604 Revisione
1173 528 1372 604 cuiuslibet
1401 527 1618 604 Centenarii

116 649 289 726 loliorum
319 653 522 728 Processus
550 654 717 729 fabricati
745 678 872 729 coram
900 654 1026 728 ludice
1054 679 1077 728 a
1104 676 1194 750 quo,
1216 653 1296 770 sive
1323 654 1426 728 sitin
1448 653 1620 728 Partibus

116 775 326 850 rubricatus
354 777 433 854 sive
462 801 548 867 non,
578 777 754 865 reculam,
784 803 829 852 ac
855 778 887 852 si
906 777 1103 875 quodlibet
1121 777 1249 852 folium
1267 778 1459 852 contineat
1477 777 1514 850 in
1531 801 1621 873 qua-

116 899 207 975 libet
233 899 328 976 illius
359 904 497 1002 pagina
523 903 641 980 lineas
669 902 1003 1002 vigintiquatuor,
1033 918 1073 978 et
1100 927 1174 977 una
1201 927 1378 1000 quaeque
1410 903 1509 978 linea
1546 900 1621 999 syl·

117 1022 223 1098 labas
252 1026 462 1115 duodecim,
491 1028 601 1104 liceat
628 1028 782 1126 exigere
811 1027 977 1102 Notariis
1005 1046 1112 1102 scuta
1140 1029 1240 1103 duo.
1301 1085 1308 1100 .
1365 1085 1374 1104 .
1431 1053 1483 1103 sc.
1517 1052 1550 1102 2.
1568 1068 1619 1084 -

201 1149 438 1228 Declaraudo
466 1178 536 1249 pro
564 1153 710 1228 clariori
737 1151 995 1251 intelligentia,
1026 1153 1130 1249 quod
1166 1153 1319 1248 quando
1356 1151 1392 1224 in
1431 1152 1622 1249 praesenti

119 1273 227 1348 Taxa
253 1275 419 1372 loquitur
446 1277 494 1350 de
521 1277 628 1363 soliis,
658 1293 699 1353 ut
728 1301 855 1374 supra,
883 1291 923 1352 et
950 1276 1053 1363 iufra,
1085 1275 1280 1373 quodlibet
1298 1275 1424 1351 lolium
1442 1277 1542 1351 idem
1561 1291 1621 1350 est

119 1414 162 1470 ut
190 1424 263 1473 una
292 1397 421 1490 Carta,
452 1402 567 1499 quod,
598 1419 638 1478 et
664 1426 763 1499 quae
792 1401 983 1478 continere
1011 1401 1127 1476 debet
1153 1403 1190 1476 in
1218 1417 1340 1478 totum
1369 1401 1489 1478 lineas
1526 1425 1621 1497 qua-

115 1521 291 1622 draginta
318 1541 417 1614 octo,
448 1527 518 1602 hoc
546 1544 617 1612 est,
647 1527 764 1602 lineas
792 1527 923 1625 viginti
947 1541 1111 1624 quatuor
1137 1526 1173 1602 in
1201 1524 1370 1623 qualibet
1396 1525 1493 1600 illius
1512 1527 1616 1612 facie,

116 1663 156 1720 et
185 1647 349 1744 syllabas
377 1651 576 1726 duodecim
604 1652 641 1726 in
669 1651 837 1749 qualibet
863 1651 975 1726 linea.

200 1773 239 1846 Si
280 1799 372 1849 vero
414 1777 450 1850 in
492 1777 594 1854 dicto
636 1775 817 1850 Processu
856 1775 1048 1850 extiterint
1085 1776 1310 1874 registratae
1348 1773 1620 1870 Depositiones

118 1897 289 1973 Testium
318 1901 354 1974 in
384 1901 568 1988 Partibus,
598 1926 724 1976 coram
751 1899 886 1974 eodem
914 1900 1039 1974 Iudice
1066 1925 1092 1973 a
1119 1923 1189 1998 quo
1216 1898 1526 1987 examinatorum,
1552 1899 1618 1973 tali

118 2047 209 2096 casu
236 2024 375 2120 quoad,
405 2027 499 2103 istas
525 2027 788 2102 tantummodo
815 2024 925 2102 liceat
953 2024 1119 2098 Notariis
1146 2025 1300 2123 exigere
1318 2040 1465 2099 scutum
1491 2048 1618 2109 unum,

119 2163 160 2220 et
186 2149 253 2224 ob:
287 2174 305 2222 2
313 2171 332 2243 5
364 2174 434 2247 pro
454 2151 622 2248 quolibet
646 2149 873 2226 Centenario
901 2149 1073 2224 foliorum
1092 2151 1309 2224 earumdem
1331 2147 1621 2246 Depositionum

121 2274 290 2372 regulari.
319 2277 369 2352 ad
396 2276 527 2364 lineas,
554 2292 593 2352 et
621 2275 794 2373 syllabas,
825 2292 867 2352 ut
895 2299 1009 2371 supra
1049 2331 1394 2351 ......
1446 2300 1499 2348 sc.
1534 2298 1589 2350 1.2
1598 2297 1617 2369 5

204 2399 264 2474 De
292 2402 532 2496 processibus
559 2415 686 2474 autem
722 2400 759 2473 in
798 2400 967 2475 Partibus
1001 2398 1198 2487 fabricatis,
1239 2398 1271 2473 si
1307 2398 1372 2495 qui
1399 2423 1422 2471 a
1450 2399 1622 2473 Partibus

121 2525 278 2618 produci
306 2527 530 2624 contigerint
556 2525 592 2599 in
622 2523 758 2601 Causis
787 2524 1009 2600 Commissis
1037 2525 1073 2599 in
1102 2523 1214 2612 Rota,
1244 2549 1328 2600 cum
1348 2522 1512 2598 clausula
1530 2567 1555 2579 -
1574 2547 1622 2596 ex

123 2651 277 2749 integro
305 2693 333 2708 ··
361 2653 419 2727 vel
447 2695 472 2708 -
500 2667 693 2748 tamquam
722 2651 758 2723 in
786 2652 907 2746 prima
934 2693 961 2706 -
987 2651 1100 2724 liceat
1126 2649 1293 2728 Notariis
1329 2650 1483 2748 exigere
1520 2649 1624 2722 Mer·

121 2776 254 2850 cedem
282 2776 465 2861 videlicet,
496 2778 622 2872 quoad
650 2791 735 2848 acta
762 2776 798 2849 in
835 2773 905 2848 illis
941 2790 1119 2851 contenta
1156 2799 1226 2870 pro
1263 2774 1344 2848 sola
1372 2774 1621 2848 Rubricatura

121 2899 172 2972 ad
200 2899 352 2996 suprad.
382 2903 575 2988 rationem,
607 2917 646 2974 et
673 2899 843 2998 regulam
863 2899 1072 2996 respective
1099 2899 1290 2984 linearum,
1321 2913 1361 2972 et
1383 2897 1619 2994 syllabarum,

122 3042 165 3099 ut
192 3049 327 3123 supra;
357 3024 539 3120 Quovero
566 3024 615 3098 ad
644 3025 728 3098 Iura
755 3025 791 3096 in
818 3022 889 3098 illis
916 3039 1104 3110 contenta,
1134 3024 1308 3121 exigatur
1335 3025 1479 3098 ratione
1511 3047 1622 3120 rege-

122 3151 203 3236 stri,
233 3169 272 3225 et
300 3153 507 3248 respective
536 3167 650 3248 prout
676 3151 839 3248 exigitur
868 3148 964 3224 circa
991 3149 1076 3224 Iura
1104 3150 1299 3244 producta.

203 3274 312 3350 Circa
342 3277 556 3364 Processus,
585 3299 684 3373 quos
711 3289 848 3350 vocant
877 3272 1197 3370 Compulsoriales
1225 3271 1426 3347 fabricatos
1462 3273 1499 3346 in
1532 3272 1621 3347 Par-

123 3399 224 3474 tibus
252 3391 383 3498 vigore
412 3399 778 3496 Compulsorialium,
808 3401 886 3472 sive
914 3397 1156 3496 generalium,
1188 3399 1266 3471 sive
1295 3395 1524 3492 specialium,
1564 3395 1623 3471 vel

120 3524 252 3622 vigore
280 3526 547 3620 cuiuscumque
574 3525 727 3600 alterius
755 3523 1087 3620 subdelegationis,
1118 3545 1277 3618 quarum
1305 3521 1437 3619 vigore
1456 3519 1622 3619 compul-

121 3665 262 3735 santur,
300 3663 340 3722 et
374 3649 620 3724 extrahuntur
647 3651 803 3747 quaevis
839 3647 934 3734 lura,
971 3662 1012 3722 et
1039 3644 1283 3729 documenta,
1324 3645 1434 3720 liceat
1470 3648 1622 3745 exigere

123 3771 290 3847 Notariis
318 3773 547 3862 Mercedem,
577 3775 647 3850 hoc
676 3774 789 3848 modo
813 3771 986 3846 videlicet
1003 3813 1030 3826 -
1049 3767 1188 3862 Quoad
1206 3770 1305 3843 Acta
1324 3772 1521 3846 occasione
1540 3795 1624 3845 exe·

120 3898 281 3972 curionis
301 3899 408 3985 lacta,
438 3900 541 3974 etin
570 3877 632 3975 dd.
665 3897 907 3973 Processibus
936 3909 1125 3982 contenta,
1155 3897 1299 3969 ratione
1339 3895 1621 3983 Rubricaturae,

122 4038 163 4097 et
190 4022 319 4118 quoad
346 4023 440 4111 Iura,
470 4037 510 4098 et
537 4025 763 4098 documenta
801 4019 1049 4118 compulsata,
1084 4035 1125 4094 et
1152 4035 1320 4094 extracta
1352 4020 1401 4093 ad
1439 4019 1622 4094 rationem

124 4148 297 4246 regestri,
332 4162 447 4244 prout
482 4147 531 4222 de
563 4147 645 4222 aliis
677 4149 822 4221 Iuribus
859 4146 1005 4241 absque
1039 4143 1113 4218 ulla
1148 4145 1390 4242 praeventiva
1428 4145 1623 4242 compulsa

121 4273 222 4370 exigi
251 4271 359 4358 solet,
400 4295 535 4370 nempe
567 4289 675 4347 scuta
711 4298 790 4360 sex,
829 4286 868 4345 et
903 4273 974 4347 ob:
1012 4276 1063 4346 6o
1095 4295 1164 4367 pro
1199 4268 1365 4366 quolibet
1395 4268 1623 4344 Centenario

64 4421 69 4428 ·
122 4396 306 4484 soliorum,
337 4413 376 4471 et
404 4421 479 4471 non
506 4397 610 4485 alias,
640 4397 734 4471 itaut
762 4398 860 4470 ultra
895 4396 1107 4470 mercedem
1140 4394 1392 4492 praedictam;
1428 4392 1489 4466 Nil
1527 4393 1624 4468 ultra

122 4521 270 4596 Notarii
297 4521 456 4618 praelati
483 4522 637 4621 exigere
664 4521 815 4598 valeant
841 4521 878 4596 in
905 4519 1215 4595 accomodatione
1233 4518 1481 4593 Processuum
1502 4518 1625 4594 huius·

120 4647 227 4722 modi
252 4646 421 4722 facienda
451 4648 723 4724 Defensoribus
752 4647 974 4734 Causarum,
1005 4669 1073 4722 nec
1092 4645 1235 4718 ratione
1256 4643 1411 4740 Copiae,
1434 4669 1502 4719 seu
1521 4669 1623 4720 acco·

119 4773 339 4848 modatione
367 4773 451 4848 loco
479 4772 634 4869 Copiae,
665 4795 734 4848 nec
761 4797 831 4868 pro
858 4771 993 4867 quovis
1020 4769 1093 4846 alio
1122 4771 1274 4857 motivo,
1302 4783 1343 4844 et
1369 4768 1489 4844 titulo.

203 4896 384 4991 Quovero
411 4899 461 4972 ad
483 4914 656 4975 coeteros
684 4896 779 5004 alios
807 4896 1012 4971 Processus
1040 4895 1099 4970 hic
1127 4919 1202 4970 non
1228 4917 1445 4991 expressos,
1475 4909 1514 4967 et
1541 4893 1624 4972 loco

118 5024 259 5097 lurium
286 5026 433 5120 absque
461 5022 537 5099 ulla
563 5023 806 5120 praeventiva
833 5022 1031 5118 compulsa
1059 5022 1266 5117 productos
1289 5033 1328 5094 et
1345 5019 1622 5116 producendos,

117 5149 270 5245 aliaque
298 5149 394 5237 Iura,
423 5163 464 5223 et
491 5149 719 5222 documenta
746 5172 1006 5244 quaecumque
1042 5148 1188 5243 absque
1226 5143 1299 5219 ulla
1334 5145 1476 5241 pariter
1513 5169 1624 5240 prae-

117 5275 272 5348 ventiva
299 5274 494 5370 compulsa
520 5273 716 5370 producta,
746 5289 786 5346 et
813 5271 1067 5369 producenda,
1089 5272 1119 5345 si
1139 5269 1349 5368 contigerit,
1371 5269 1475 5366 quod
1494 5293 1517 5342 a
1537 5269 1625 5342 Par-

20 5496 24 5506 Ι
117 5398 223 5474 tibus
251 5398 300 5472 de
327 5397 408 5483 illis,
439 5397 498 5472 vel
530 5398 677 5472 illorum
709 5409 818 5495 parte
852 5398 1064 5493 requiratur
1101 5395 1219 5492 copia,
1260 5419 1327 5468 seu
1364 5392 1625 5469 accomodatio
