3720 5916
781 287 895 347 Paulo
914 287 943 346 V
1553 287 1608 348 337

107 493 146 549 et
174 479 401 576 hypotecata
428 499 568 566 essent,
591 481 678 556 dicti
706 480 853 555 Notarii
880 507 923 554 se
951 505 993 553 se
1020 478 1262 578 collegialiter
1289 482 1457 580 obligare
1476 498 1516 556 et
1538 507 1608 578 pro

106 605 377 698 premissorum
404 607 668 702 exequutione,
689 621 730 680 ut
750 604 938 680 modernis
964 603 1027 680 dd.
1049 603 1317 702 scripturarum
1332 606 1505 680 Dominis
1525 631 1608 680 con·

106 753 201 825 grue
222 729 432 818 satisfieret,
462 748 502 806 et
529 731 710 827 pecuniae
738 730 788 805 ad
815 729 853 804 id
877 730 1113 803 necessariae
1132 731 1278 826 absque
1301 731 1455 805 alicuius
1473 730 1609 805 incom-

107 854 223 928 modo
250 857 458 953 comparari
486 873 654 954 possent,
686 880 801 952 super
837 853 1099 929 emolumentis
1135 872 1174 928 et
1208 858 1514 952 responsionibus
1543 858 1621 932 dd.·

107 979 376 1076 scripturarum
395 999 536 1056 certam
555 983 803 1079 quantitatem
817 979 996 1063 locorum,
1015 1005 1082 1053 seu
1102 981 1308 1077 portiorum
1329 983 1512 1056 Montium
1533 1007 1606 1057 non

106 1106 336 1190 vacabilium,
367 1108 416 1182 ad
435 1107 618 1182 rationem
638 1123 831 1182 scutorum
866 1129 938 1180 100
968 1121 1142 1179 monetae
1161 1130 1231 1202 pro
1250 1131 1406 1203 quoquo
1424 1107 1516 1194 loc0,
1539 1135 1606 1184 seu

105 1230 290 1325 portione,
307 1233 471 1306 erexerit
488 1231 624 1330 illaque
652 1247 692 1306 et
718 1230 800 1304 illas
819 1229 961 1304 Montis
983 1229 1087 1303 Pacis
1107 1248 1322 1329 nuncupato
1348 1233 1440 1308 alias
1460 1259 1528 1331 per
1546 1233 1604 1312 iel.

106 1381 179 1429 rec.
216 1355 362 1431 Sixtum
392 1358 531 1454 Papam
559 1356 607 1444 V,
638 1357 973 1430 Praedecessorem
1012 1371 1191 1438 nostrum,
1223 1383 1338 1453 super
1364 1360 1607 1454 proventibus

108 1480 353 1555 Dohanarum
383 1481 498 1556 Urbis
534 1483 583 1554 ad
612 1482 796 1555 rationem
834 1479 999 1575 quinque
1036 1503 1118 1552 cum
1157 1497 1293 1576 quarta
1320 1498 1428 1577 parte
1455 1483 1608 1558 alterius

105 1605 235 1680 similis
277 1607 371 1680 scuti
406 1621 581 1682 monetae
610 1631 679 1701 pro
715 1603 883 1703 quolibet
919 1619 1046 1678 erecto
1083 1605 1271 1678 addiderit
1301 1622 1341 1680 et
1367 1607 1535 1695 univerit,
1570 1624 1608 1684 et

103 1731 141 1806 d.
164 1729 286 1804 Monti
304 1732 426 1805 dictae
444 1754 615 1805 annonae
635 1755 820 1804 summam
838 1753 907 1826 per
924 1728 989 1804 dd.
1010 1727 1199 1815 Notarios,
1222 1745 1262 1804 ut
1282 1732 1500 1828 praefertur,
1521 1759 1608 1829 per-

105 1854 327 1929 solvendam
346 1855 442 1929 inter
459 1871 609 1930 caetera
631 1857 923 1951 assignamenta,
945 1868 1132 1950 perpetuo
1150 1857 1378 1930 concesserit
1395 1882 1478 1930 cum
1498 1858 1608 1932 facul·

106 1979 260 2063 tatibus,
290 1978 453 2067 indultis,
482 1979 807 2063 declarationibus,
837 1978 979 2076 gratiis,
1012 1976 1216 2076 Privilegiis
1245 1996 1285 2053 et
1311 1979 1476 2067 cautelis,
1496 1982 1608 2057 latius

105 2104 143 2175 in
171 2103 303 2178 cedula
331 2104 412 2178 eius
440 2117 566 2177 motus
596 2102 739 2199 proprii
764 2104 813 2176 ab
841 2127 888 2176 eo
916 2102 1054 2201 signati
1081 2118 1122 2175 et
1148 2102 1183 2174 in
1208 2101 1368 2178 Camera
1386 2104 1608 2202 Apostolica

106 2229 311 2326 registrari,
331 2228 478 2325 plenius
496 2229 719 2314 continetur,
739 2241 779 2301 et
795 2226 833 2300 id
851 2242 971 2302 totum
990 2228 1232 2324 experientia,
1253 2253 1376 2301 rerum
1410 2229 1604 2328 Magistra,

104 2355 281 2428 omnibus
308 2356 449 2428 bonum
476 2370 516 2427 et
543 2353 633 2426 utile
661 2377 749 2427 esse
778 2352 959 2440 docuerit,

189 2478 271 2554 Nos
298 2495 424 2552 autem
453 2476 563 2572 plene
591 2478 704 2550 etiam
731 2502 755 2550 a
774 2474 918 2550 dilectis
946 2475 1029 2548 filiis
1057 2475 1097 2549 S.
1123 2477 1259 2562 Rotae,
1279 2494 1318 2549 et
1342 2477 1470 2552 Palatii
1489 2481 1606 2553 nostri

105 2603 320 2699 Apostolici
355 2603 603 2676 Auditoribus
631 2603 819 2677 certiorati
855 2626 928 2674 non
963 2601 1084 2677 solum
1113 2603 1161 2675 de
1189 2601 1305 2676 literis
1333 2620 1372 2677 et
1405 2605 1607 2702 privilegiis

106 2728 446 2803 Praedecessorum
476 2745 690 2802 nostrorum
718 2726 768 2800 ad
795 2727 960 2801 favorem
991 2726 1233 2801 Notariorum
1262 2752 1459 2802 causarum
1480 2729 1609 2804 Palatii

108 2853 290 2948 praedicti
310 2869 350 2926 et
367 2851 513 2927 illorum
528 2876 800 2936 successorum,
818 2852 982 2948 desuper
1000 2850 1185 2948 expeditis
1204 2869 1243 2925 et
1262 2855 1460 2940 concessis,
1478 2879 1608 2928 verum

105 2994 146 3051 et
165 2978 270 3075 quod
298 2978 504 3075 scripturae
532 2976 752 3050 eorumdem
781 2976 1035 3059 Notariorum,
1061 2992 1100 3049 et
1126 2977 1346 3051 successivis
1374 2979 1607 3074 temporibus

105 3120 146 3176 et
165 3103 447 3177 successoribus
475 3126 595 3197 usque
623 3103 659 3175 in
686 3115 925 3196 praesentem
954 3099 1053 3173 diem
1072 3102 1242 3198 sequutis
1260 3127 1331 3198 pro
1350 3103 1481 3177 maiori
1500 3121 1608 3200 parte

106 3229 156 3302 ad
184 3251 369 3323 personas
397 3227 578 3301 inhabiles
606 3243 645 3300 et
672 3225 876 3322 imperitas,
906 3224 1021 3299 etiam
1048 3241 1259 3312 extraneas,
1290 3245 1543 3323 pervenerunt
1569 3245 1610 3304 et

107 3357 156 3426 ab
175 3351 305 3427 officiis
333 3368 531 3447 separatae
559 3367 598 3424 et
616 3350 757 3424 divisae
777 3351 993 3424 detinentur
1019 3366 1059 3423 et
1082 3351 1323 3447 quamplures
1351 3353 1609 3448 deperduntur

105 3494 147 3550 et
173 3477 405 3572 dissipantur
439 3477 476 3548 in
513 3475 715 3550 multorum
743 3500 958 3574 gravamen,
989 3475 1168 3549 iacturam
1197 3491 1236 3549 et
1267 3477 1469 3551 maximum
1499 3478 1608 3552 detri-

106 3617 288 3686 mentum,
310 3617 350 3674 et
368 3616 570 3698 propterea
588 3600 638 3674 ad
666 3625 736 3674 nos
756 3599 998 3695 quamplures
1019 3598 1164 3672 Notarii
1183 3599 1387 3696 scripturas
1411 3603 1460 3676 ab
1477 3615 1607 3676 earum

108 3727 281 3800 Dominis
309 3725 578 3812 conduxerunt,
617 3740 730 3822 prout
766 3724 878 3800 hodie
914 3723 1118 3798 conductas
1156 3727 1327 3808 retinent,
1367 3741 1407 3798 et
1443 3728 1608 3801 nonnulli

98 3876 237 3927 eorum
266 3852 544 3948 propensione
573 3850 794 3924 ducatorum
814 3866 972 3946 septem,
1002 3847 1062 3922 alii
1090 3865 1235 3945 septem
1265 3877 1348 3924 cum
1377 3851 1539 3939 dimidio,
1569 3871 1610 3928 et

107 3977 277 4073 plerique
305 3991 392 4051 octo
419 3990 460 4049 et
486 3975 611 4050 sorsan
639 3976 737 4050 ultra
765 3975 800 4047 in
828 3975 997 4074 singulos
1024 3953 1204 4049 centenos
1231 3977 1390 4050 ducatos
1417 3979 1607 4053 annuatim

109 4101 258 4176 solvere
287 4117 490 4200 cogantur:
512 4125 630 4198 quare
649 4101 814 4195 desuper
831 4100 1001 4195 publicae
1029 4115 1069 4171 et
1095 4101 1265 4195 privatae
1288 4098 1435 4175 utilitati
1452 4118 1492 4176 et
1511 4127 1608 4179 com-

109 4226 280 4300 moditati
308 4225 495 4322 provideri
522 4224 705 4310 volentes,

192 4351 299 4425 Motu
328 4350 441 4448 igitur
467 4351 622 4446 proprio
640 4367 679 4423 et
706 4375 754 4423 ex
777 4364 880 4424 certa
899 4364 1028 4422 nostra
1048 4349 1213 4437 scientia,
1233 4375 1277 4424 ac
1295 4352 1344 4424 de
1362 4353 1607 4449 Apostolicae

109 4476 216 4549 nobis
244 4473 446 4548 attributae
474 4474 674 4570 potestatis
702 4473 946 4569 plenitudine,
974 4489 1014 4546 et
1050 4498 1124 4546 non
1158 4474 1208 4548 ad
1239 4475 1459 4550 eorumdem
1489 4476 1607 4550 Nota·

108 4602 249 4674 riorum
277 4615 317 4673 et
343 4600 500 4672 aliorum
518 4623 588 4695 pro
616 4598 672 4673 eis
700 4599 807 4672 nobis
836 4597 985 4672 oblatae
1014 4597 1203 4694 petitionis
1221 4599 1472 4685 instantiam,¹
1494 4626 1608 4697 quas-

108 4750 271 4821 cumque
290 4725 336 4798 ie.
367 4720 439 4800 rec.
470 4724 608 4797 Leonis
638 4723 686 4810 X,
718 4723 796 4798 Iulii
824 4723 881 4811 Ill,
904 4723 957 4796 Pii
977 4723 1100 4820 Papae
1120 4722 1182 4810 IV,
1204 4740 1245 4797 et
1261 4725 1418 4799 aliorum
1447 4725 1608 4800 Praede-

107 4874 302 4925 cessorum
338 4865 553 4924 nostrorum
587 4848 741 4935 litteras,
773 4848 1061 4922 constitutiones
1093 4864 1132 4922 et
1167 4849 1432 4934 ordinationes,
1462 4867 1503 4924 et
1536 4852 1608 4924 alia

107 5000 371 5075 quaecumque
409 4989 562 5061 statuta,
596 4975 886 5050 consuetudines
915 4992 953 5047 et
985 4975 1150 5060 decreta,
1187 4999 1270 5048 cum
1308 4976 1607 5073 quibuscumque

186 5200 351 5260 lRevocat
362 5214 582 5276 quascumque
591 5199 715 5258 litteras
727 5199 931 5274 Apostolicas
940 5199 1061 5259 Leonis
1070 5200 1109 5272 X,
1119 5199 1190 5285 Iulii
1203 5199 1245 5258 ΙΙΙ
1257 5209 1289 5258 et
1301 5199 1350 5259 Pii
1363 5200 1408 5260 IV
1420 5208 1452 5260 et
1470 5203 1609 5261 aliorum

109 5290 401 5349 Praedecessorum
419 5296 451 5347 et
467 5288 532 5346 alia
549 5303 771 5363 quaecumque
784 5295 901 5348 statuta
913 5296 946 5347 et
962 5289 1090 5348 decreta
1104 5289 1308 5361 continentia,
1319 5291 1496 5364 scripturas
1509 5290 1610 5350 Rotae

108 5395 172 5438 non
193 5393 321 5437 vacare.

1468 5539 1498 5574 Η
