3720 5914
244 301 297 360 164
884 298 1020 358 soeculo
1039 298 1109 357 XV

242 492 543 577 deliberavimus,
573 508 700 566 vestre
729 492 836 566 Rme.
875 491 1129 580 dominationi,
1160 517 1274 590 quam
1303 517 1378 565 non
1410 493 1624 568 dubitamus
1651 494 1750 566 hunc

243 611 367 693 locum
404 640 543 699 amare,
572 631 707 713 utpote
735 617 830 690 illius
857 619 1067 692 membrum
1096 617 1300 715 singulare,
1329 617 1418 712 quia
1454 617 1490 690 in
1526 642 1574 692 eo
1612 617 1749 692 nutrita

244 761 282 818 et
309 768 429 818 exeo
458 743 582 816 extitit
608 742 774 816 exaltata
800 758 840 817 et
876 765 952 838 que
980 768 1050 839 pro
1082 767 1152 816 sua
1180 743 1290 816 insita
1318 744 1522 838 prudencia
1550 743 1619 818 hec
1647 758 1748 818 recte

244 869 450 969 cognoscit,
467 868 680 942 huiusmodi
696 892 877 953 reserare,
894 882 937 941 ut
949 867 1045 942 circa
1061 891 1106 941 ea
1121 892 1192 964 pro
1205 868 1349 944 honore
1363 851 1445 943 sini.
1458 851 1545 945 dmi.
1557 851 1639 954 n-ri„
1650 869 1749 942 curie

246 997 418 1070 Romane
446 1008 486 1066 et
514 993 703 1088 republice
727 992 926 1066 christiane
953 1017 1028 1088 que
1057 993 1156 1067 hunc
1183 993 1307 1068 locum
1336 1011 1505 1068 nostrum
1534 1019 1687 1090 semper
1713 993 1748 1067 in

253 1143 392 1216 magna
421 1116 665 1193 observancia
692 1134 731 1191 et
759 1116 1004 1197 veneratione¹
1026 1116 1168 1202 habuit,
1199 1119 1352 1192 studeat
1380 1142 1568 1215 reparare.
1598 1118 1751 1215 Suppli-

245 1269 373 1318 camus
402 1243 516 1340 igitur
542 1241 677 1316 affectu
704 1265 783 1338 quo
809 1266 1015 1336 possumus
1044 1241 1089 1316 E.
1119 1240 1165 1318 V.
1197 1243 1304 1317 Rme.
1346 1242 1393 1316 D.
1425 1260 1614 1339 quatenus
1647 1245 1750 1340 apud

245 1368 491 1444 Sanctitatem
520 1367 659 1440 domini
687 1365 805 1440 nostri
832 1366 972 1440 instare
1001 1366 1149 1462 placeat
1176 1383 1218 1441 ut
1244 1392 1360 1464 super
1387 1369 1579 1463 premissis
1602 1385 1642 1442 et
1668 1366 1750 1441 aliis

245 1517 321 1590 que
339 1495 375 1566 in
395 1492 668 1588 presentiarum
697 1491 845 1565 silentio
864 1491 1101 1587 preterimus,
1122 1509 1336 1590 opportune
1355 1493 1557 1588 providere
1574 1493 1752 1591 dignetur

245 1632 358 1713 prout
385 1616 545 1690 antehac
564 1641 649 1690 esse
668 1616 899 1691 voluntatem
920 1616 1058 1690 domini
1079 1617 1207 1703 nostri,
1229 1617 1461 1714 experientia
1480 1633 1589 1701 teste,
1611 1641 1751 1715 cogno·

246 1743 378 1817 vimus.
402 1743 442 1815 ln
470 1741 541 1815 hoc
570 1740 755 1837 siquidem
782 1741 892 1815 faciet
919 1755 1046 1814 vestra
1074 1742 1183 1814 Rma.
1212 1742 1417 1817 dominatio
1445 1768 1524 1816 rem
1553 1742 1638 1817 Deo
1666 1767 1751 1840 gra-

246 1882 335 1954 tam,
365 1891 441 1962 que
468 1869 581 1940 etiam
609 1866 744 1940 honori
771 1865 880 1940 Ssmi.
910 1848 998 1940 dmi.
1028 1845 1095 1941 nr-i.
1125 1881 1165 1940 et
1184 1882 1315 1941 nostro
1334 1867 1519 1954 conducit,
1540 1889 1683 1962 nosque
1711 1867 1752 1940 id

247 1991 505 2066 describemus
532 1990 582 2064 ad
608 1991 769 2089 gratiam
798 1989 1038 2089 singularem.
1077 1990 1199 2063 Parati
1236 1991 1285 2064 ad
1321 1991 1446 2065 omnia
1482 2008 1609 2066 vestre
1638 1992 1748 2066 Rme.

250 2116 526 2191 Dominationis
560 2116 795 2213 beneplacita
832 2131 871 2189 et
907 2117 1095 2203 mandata,
1131 2139 1244 2211 quam
1282 2114 1485 2190 altissimus
1522 2115 1675 2190 feliciter
1711 2131 1753 2190 et

248 2240 409 2339 longeve
435 2241 486 2315 ad
514 2240 731 2340 suffragium
759 2239 915 2314 ecclesie
943 2265 1011 2314 sue
1040 2255 1169 2313 sancte
1197 2264 1420 2315 conservare
1448 2239 1635 2339 dignetur.

328 2365 518 2462 Scriptum
547 2365 669 2439 Rome
697 2366 757 2439 die
786 2388 866 2438 xx11
895 2363 982 2438 iunii
1015 2371 1126 2458 1462.

571 2526 616 2601 E.
646 2525 692 2600 V.
724 2527 832 2600 Rme.
864 2525 912 2599 D.

854 2667 934 2743 Filii
962 2685 1000 2742 et
1029 2667 1241 2744 Servitores
1269 2668 1448 2743 Decanus
1475 2685 1515 2744 et
1543 2669 1752 2743 Auditores

853 2818 1050 2868 causarum
1069 2797 1173 2868 'sacri
1202 2795 1328 2891 palatii
1356 2795 1562 2890 apostolici.

972 3143 1036 3222 95.

250 3324 346 3397 Pius
364 3320 664 3419 [Iprr'vilega'um
690 3321 910 3419 cxpcdz'endi
919 3322 1047 3418 gratis
1073 3321 1218 3396 litteras
1242 3323 1456 3423 apostolicas
1483 3325 1610 3398 ceteris
1631 3325 1749 3398 Rotae

331 3445 580 3520 Audz'toribus
605 3471 806 3520 concessum
834 3473 857 3520 a
889 3444 1025 3521 calisto
1043 3447 1120 3534 III,
1150 3448 1316 3522 extendit
1339 3448 1394 3521 ad
1409 3457 1538 3547 postea
1564 3459 1599 3522 et
1613 3475 1748 3523 succes·

334 3571 408 3660 sior
427 3569 630 3644 Auditores
647 3567 789 3668 effectos
805 3578 842 3643 et
856 3569 1004 3666 collegio
1031 3570 1193 3645 alz'orum
1223 3570 1485 3646 Coauditorum
1511 3581 1746 3670 aggregatos.

267 3699 270 3706 '
328 3695 483 3768 scilicet:
498 3694 673 3770 Sanctum
688 3696 858 3782 Romero,
876 3695 1075 3770 Iohannem
1093 3695 1137 3768 de
1157 3695 1355 3783 Ceretanis,
1377 3697 1532 3771 Petrum
1551 3697 1702 3772 Ferrici
1716 3709 1751 3771 el

330 3819 532 3894 Iohannem
559 3819 603 3892 de
637 3818 824 3893 Ccsorz'nis
851 3822 982 3917 (1462,
1013 3819 1167 3894 ianuarii
1197 3841 1259 3914 25,
1289 3822 1457 3918 Romae).

330 3974 448 4046 (Aaou.
466 3972 544 4032 Ros.
568 3972 786 4045 ‹Prr'vilegia
798 3997 824 4044 »,
843 3979 920 4032 tom.
940 3973 967 4047 I,
982 3980 1070 4048 part.
1089 3974 1117 4046 I,
1134 3989 1168 4032 n.
1187 3973 1291 4045 XIII).

967 4295 1031 4376 96.

305 4476 401 4550 Pius
428 4474 479 4547 II
497 4475 809 4573 cxpectativarum
821 4475 1026 4573 przirz'legia
1054 4475 1299 4550 Auditoribus
1327 4479 1444 4550 Rotae
1470 4476 1675 4572 confirmat.

332 4634 448 4708 (Anca.
467 4631 554 4706 Ror,
579 4629 932 4703 ‹Pr2u2·1eg2·a»,r0m.
951 4632 976 4702 I,
992 4637 1080 4706 part.
1097 4633 1126 4706 I,
1144 4649 1177 4693 n.
1196 4631 1283 4706 XII).

1308 4793 1387 4868 1462,
1405 4794 1559 4855 februarii
1574 4797 1597 4867 1,
1616 4796 1749 4856 Romae.

332 4955 596 5054 Motuproprio
622 4955 797 5030 volumus
825 4981 869 5030 ac
897 4982 944 5030 ex
978 4972 1082 5030 certa
1118 4955 1273 5030 scientia
1307 4957 1452 5032 dilectis
1482 4957 1564 5034 filiis
1602 4960 1748 5060 collegii

249 5105 447 5156 causarum
475 5081 602 5177 palatii
629 5079 826 5176 apostolici
845 5080 1104 5167 Auditoribus;
1127 5079 1341 5176 Capellanis
1370 5083 1521 5170 nostris,
1541 5083 1750 5180 apostolica

250 5208 474 5281 auctoritate
505 5206 745 5280 concedimus
781 5207 923 5301 pariter
959 5221 998 5280 et
1030 5203 1263 5280 declaramus
1300 5207 1404 5303 quod
1434 5267 1682 5285 .......
1712 5212 1749 5284 in

249 5333 487 5406 assecutione
515 5329 779 5407 beneficiorum
807 5329 1144 5405 ecclesiasticorum
1174 5355 1499 5430 quorumcumque
1527 5359 1603 5432 que
1634 5359 1750 5431 expe-
