3718 5918
718 321 910 382 Innocentio
929 320 984 381 XI

805 691 896 771 344.

104 847 161 920 De
187 847 288 946 Stylo
320 849 438 924 Rotae
464 850 665 925 Auditorcs
696 851 893 950 nequibant
926 851 1091 950 allegari
1118 817 1280 951 norperti,
1309 860 1344 925 et
1368 849 1597 950 suffragium

169 971 346 1066 ferebant
369 974 410 1047 in
436 975 557 1048 causis
583 975 624 1048 iu
650 975 779 1072 quibus
804 985 1001 1073 antequam
1020 977 1137 1050 Rotae
1155 975 1357 1049 Audc'tores
1374 974 1596 1075 ffectifucs·

180 1104 266 1181 sent,
296 1098 369 1170 soli
385 1100 737 1196 pronuntiaverant.

178 1269 294 1344 (Aaou
315 1270 402 1346 Ron,
425 1272 613 1333 ‹Drarium
631 1273 743 1334 Iacobi
760 1273 944 1346 Emerita).

180 1495 268 1544 221.
301 1527 396 1548 .....
435 1472 618 1547 habemus
646 1473 785 1570 stylum
813 1472 1061 1548 inveteratum
1081 1475 1185 1570 quod
1203 1475 1410 1550 Auditores
1429 1463 1595 1572 sbspecti

102 1592 253 1692 allegari
273 1620 347 1670 non
367 1614 529 1694 possunt
549 1622 598 1672 ex
617 1597 747 1694 quoin
769 1598 870 1673 Rota
889 1598 1133 1697 collegialiter
1150 1599 1315 1676 iudicant
1327 1659 1334 1676 .
1347 1663 1353 1676 .
1366 1655 1374 1673 .
1388 1657 1416 1674 ..
1437 1601 1502 1676 bo:
1520 1578 1596 1676 me:

104 1716 212 1796 Card.
242 1720 369 1794 Virilis
394 1736 435 1795 et
464 1721 611 1796 Bichius
638 1747 791 1819 semper
818 1723 898 1798 sine
934 1724 1228 1798 contradictione
1261 1725 1415 1799 admissi
1450 1724 1600 1798 luerunt

103 1845 150 1917 ad
177 1844 394 1944 suffragium
423 1845 615 1920 ferendum
643 1847 680 1920 in
707 1849 832 1921 causis
858 1847 894 1922 in
923 1848 1059 1943 quibus
1088 1846 1157 1922 soli
1185 1863 1378 1944 tamquam
1398 1847 1599 1923 Locumte·

103 1982 232 2043 nentes
259 1969 457 2045 Auditoris
486 1969 671 2044 camerae
699 1970 1036 2067 pronunciaverant
1038 2031 1154 2049 ......

809 2327 901 2408 345.

104 2483 169 2560 Ex
200 2487 415 2564 hannonis
449 2513 542 2588 quae
564 2489 818 2566 'Auditoribus
853 2491 1038 2566 solvebant
1072 2491 1231 2566 Notarii
1264 2491 1381 2564 Rotae
1410 2491 1599 2589 portunus

177 2611 339 2688 locorum
365 2615 574 2690 vacandum
599 2615 847 2692 accrescebant
870 2615 1116 2692 Auditoribus
1142 2618 1182 2690 in
1210 2617 1310 2690 Rota
1329 2615 1596 2716 praesentiora.

178 2786 295 2858 (Anca.
313 2787 402 2862 Ros,
425 2786 615 2848 «Dianium
633 2788 745 2848 Iacobi
760 2787 946 2860 Emerixv).

628 2983 758 3060 Sabati
785 2989 807 3058 8
836 2985 929 3060 lunii
963 2989 1074 3062 1680.

180 3187 268 3257 227.
300 3162 470 3239 Fuerunt
503 3162 614 3240 hodie
653 3163 749 3239 inter
777 3189 911 3237 novem
942 3164 1128 3239 Dominos
1162 3164 1361 3239 distributa
1398 3164 1598 3242 honoraria

103 3285 342 3362 Notariorum
375 3313 445 3386 pro
481 3289 673 3364 mensibus
703 3289 947 3373 Decembris·
967 3288 1135 3376 Ianuarii,
1170 3288 1363 3364 Februarii
1397 3306 1436 3364 et
1473 3291 1599 3366 Martii

102 3414 268 3507 proxime
297 3413 520 3510 praeteritis,
551 3415 654 3488 etin
682 3412 751 3488 illis
779 3413 1074 3510 comprehensae
1102 3429 1180 3488 tres
1207 3414 1401 3512 portiones
1432 3414 1599 3490 locorum

102 3537 309 3612 vacantium
347 3539 649 3635 necquidquam
685 3538 815 3613 habuit
848 3536 982 3612 haeres
1010 3539 1075 3614 bo:
1115 3563 1189 3615 me:
1225 3538 1475 3636 Bevilacquae
1512 3539 1599 3614 licet

102 3660 179 3756 ipse
206 3663 481 3761 supervixisset
508 3687 630 3760 usque
657 3662 706 3736 ad
735 3663 834 3737 diem
869 3688 915 3735 22
947 3661 1090 3760 Aprilis
1124 3663 1294 3760 proxime
1329 3664 1522 3760 praeteriti
1558 3679 1598 3738 et

101 3783 146 3860 de
171 3813 218 3862 eo
248 3803 421 3884 tempore
450 3787 595 3864 Notarii
623 3787 889 3885 deposuissent
918 3802 1059 3862 certam
1086 3789 1334 3885 quantitatem
1362 3788 1400 3862 in
1427 3789 1599 3865 manibus

103 3909 149 3986 D.
178 3911 345 3986 Mauritii
368 3912 550 3986 Giribaldi
569 3911 699 3986 Nostri
719 3911 959 4008 Depositarii,
980 3913 1069 4008 quia
1086 3913 1294 3987 attenditur
1311 3931 1461 4009 tempus
1481 3913 1600 3988 distri·

100 4021 276 4113 butiohis:
306 4063 354 4110 ex
381 4061 460 4134 quo
489 4035 625 4112 solutio
644 4035 687 4110 fit
706 4036 878 4135 Collegio
901 4054 942 4111 et
960 4061 1036 4110 non
1054 4037 1213 4135 singulis
1231 4037 1478 4114 Auditoribus
1495 4039 1600 4113 iuxta

99 4161 366 4260 obligationem
383 4160 554 4260 Collegio
570 4161 813 4236 Notariorum
832 4161 967 4235 saetam
986 4177 1077 4259 post
1094 4161 1358 4237 deductionem
1379 4161 1599 4239 Officiorum

100 4309 180 4366 as.
200 4313 249 4362 m.
282 4286 479 4361 Clemente
508 4287 625 4362 X....

805 4569 895 4650 346.

19 4839 21 4846 Ι
100 4729 276 4827 Reganus
305 4729 556 4806 Cancellareae
572 4732 742 4827 facultas
767 4733 893 4828 quoad
914 4731 1051 4808 iudices
1077 4733 1229 4818 dandos,
1250 4731 1309 4805 uel
1331 4731 1597 4829 subrogandos.

178 4885 295 4960 (Anca.
315 4886 406 4961 Ron,
430 4887 619 4948 ‹Dcarc'rcm
638 4888 750 4948 Iacobi
768 4887 905 4948 Emerix
917 4891 955 4962 »).

181 5111 269 5183 234.
303 5147 418 5168 .....
448 5091 603 5190 Regens
633 5089 888 5166 Cancellariae
917 5115 990 5166 non
1029 5090 1144 5166 habet
1178 5088 1392 5166 facultatem
1432 5091 1601 5166 mutandi

102 5212 274 5300 Iudicem,
305 5214 375 5288 sed
402 5213 524 5289 solum
557 5205 670 5289 dandi
696 5241 720 5290 a
748 5215 928 5314 principio
964 5231 1004 5290 et
1036 5216 1266 5316 subrogandi
1303 5213 1526 5292 cumulative
1563 5215 1599 5289 in

104 5365 191 5414 casu
220 5339 351 5413 mortis
379 5339 437 5414 vel
466 5341 711 5436 promotionis
738 5357 805 5415 aut
833 5365 1005 5416 recessus
1033 5341 1240 5418 Auditoris.
