3686 5916
878 301 1015 363 Saeculo
1035 303 1140 364 XVII

960 631 1050 712 426.

257 775 304 849 In
334 773 622 874 Congregatranc
648 775 764 850 rotali
778 778 911 850 mana's
927 773 1136 876 septembris
1153 774 1393 849 exhibebatur
1410 777 1552 862 tabella,
1573 804 1636 852 seu
1655 779 1758 853 Dia-

335 900 447 986 rium,
477 901 608 976 rotalis
634 901 674 974 in
701 926 775 998 qua
802 901 1003 1001 descriptas
1029 909 1140 974 arant
1166 901 1283 974 Rotae
1308 901 1436 988 saturi
1468 903 1564 975 anai
1588 903 1752 992 tartara,

337 1025 482 1122 altaque
509 1025 766 1099 tractabantur
789 1026 1082 1125 praeparatam
1099 1025 1325 1121 saturarum
1352 1025 1583 1103 iadia'orum.

337 1179 443 1248 (Asca
460 1177 547 1252 Ros..
571 1178 760 1238 ‹Daartum
783 1177 1004 1254 Camarum).

682 1361 756 1435 Die
784 1361 945 1436 Veneris
979 1385 1018 1434 11
1056 1361 1195 1456 7mbris
1230 1381 1329 1456 1750

336 1504 405 1578 fuit
432 1503 692 1604 Congregatio
721 1503 867 1578 Rotalis
895 1506 931 1578 in
959 1529 1036 1601 qua
1064 1503 1228 1578 stabilita
1257 1503 1326 1578 luit
1353 1504 1514 1600 aperitio
1534 1505 1661 1580 Rotae
1685 1531 1757 1604 pro

258 1629 318 1704 die
348 1654 366 1702 2
400 1629 501 1704 8bris
528 1646 567 1702 et
596 1629 716 1702 Rriius
737 1629 914 1702 Decanus
934 1627 1101 1702 exhibuit
1121 1627 1292 1702 Diarium
1312 1628 1448 1704 Rotale
1466 1629 1757 1725 imprimendum

258 1777 327 1852 pro
355 1777 453 1828 anno
481 1753 652 1851 proximo
679 1753 799 1829 rotali.

338 1877 475 1954 Postea
502 1877 537 1951 in
565 1901 679 1952 causa
707 1878 890 1952 Romana.
920 1875 1149 1975 Legitimae.
1164 1935 1196 1953 ..
1224 1877 1316 1952 alias
1335 1877 1502 1952 resoluta
1519 1895 1561 1952 et
1577 1879 1758 1977 expedita

256 2028 382 2078 coram
411 2003 509 2079 Rriro
540 2004 694 2077 Decano
722 2001 936 2076 videntibus
963 2001 1138 2075 omnibus
1168 2000 1354 2089 Dominis,
1394 2017 1579 2076 statutum
1618 2021 1680 2078 est
1718 2020 1759 2077 ut

258 2153 378 2203 novae
406 2127 667 2225 appellationis
702 2125 916 2203 commissio
952 2124 1178 2225 dirigeretur
1206 2127 1251 2202 R.
1283 2125 1322 2203 P.
1353 2125 1401 2203 D.
1433 2125 1570 2202 Bussio
1607 2129 1672 2225 qui
1709 2154 1756 2202 ex

255 2251 385 2328 ordine
413 2253 565 2328 ultimus
593 2251 814 2350 suffragium
843 2251 980 2324 tulerat
1007 2250 1044 2324 in
1072 2252 1315 2348 praecedenti
1343 2251 1531 2338 instantia,
1552 2254 1624 2327 etsi
1654 2279 1755 2328 com-

257 2377 385 2452 missio
417 2377 678 2476 appellationis
718 2378 860 2450 directa
896 2373 1056 2472 primum
1095 2375 1323 2474 reperiretur
1359 2375 1406 2454 R.
1437 2377 1476 2452 P.
1512 2376 1560 2452 D.
1598 2377 1755 2478 Migazzi

257 2500 425 2601 indeque
447 2503 493 2578 R.
524 2501 562 2578 P.
595 2503 643 2576 D.
674 2501 838 2576 Canillac
866 2501 930 2597 qui
969 2499 1005 2573 in
1041 2501 1140 2575 dicta
1179 2500 1362 2600 superiori
1398 2499 1576 2577 instantia
1613 2502 1755 2600 primus

257 2627 423 2702 omnium
450 2627 572 2701 iuerat
598 2627 702 2701 iuxta
729 2626 897 2700 ordinem
926 2622 1166 2723 suffragatus.
1198 2623 1248 2699 Et
1274 2649 1344 2723 pro
1369 2624 1505 2700 effectu
1543 2625 1756 2701 huiusmodi

258 2749 495 2825 resolutionis
521 2750 732 2825 intimatum
758 2749 828 2823 suit
864 2749 963 2823 Rmo
1003 2749 1159 2824 Decano
1187 2765 1229 2823 ut
1261 2765 1432 2824 moneret
1468 2749 1754 2850 collitigantium

260 2873 490 2949 Defensores
517 2873 620 2972 quod
648 2873 718 2973 ipsi
745 2888 920 2950 curarent
946 2888 989 2946 ut
1014 2872 1113 2948 dicta
1141 2872 1353 2950 commissio
1381 2873 1427 2950 R.
1458 2873 1498 2950 P.
1529 2873 1578 2949 D.
1619 2875 1753 2950 Bussio

259 2999 495 3098 dirigeretur.

966 3207 1056 3288 427.

261 3353 511 3440 Cameranits,
540 3353 741 3440 intimatio,
769 3351 959 3426 asnittbat
983 3351 1179 3426 traditati
1204 3351 1414 3427 Pallzarum
1437 3353 1562 3447 sacta
1585 3379 1610 3426 a
1627 3355 1753 3453 pniao
1835 3313 1836 3316 Ἴ

341 3477 542 3552 Cardzaale
570 3476 746 3552 Diacana.

338 3635 453 3708 (Anca.
471 3631 559 3704 Ros..
582 3632 771 3692 ‹Drarium
791 3631 965 3692 &marala
977 3633 1013 3704 ι).

678 3812 852 3887 Mercurii
883 3837 930 3904 29
961 3813 1185 3888 Novembris
1220 3833 1332 3908 1752.

339 3953 426 4047 Qua
454 3953 556 4028 Sacri
584 3952 770 4029 Auditorii
808 3953 1048 4029 Camerarius
1082 3956 1225 4031 accessi
1258 3955 1328 4032 hac
1364 3980 1485 4045 mane,
1525 3957 1630 4032 iuxta
1667 3960 1754 4033 mihi

259 4077 516 4152 transmissam
544 4077 812 4152 intimationem
839 4079 889 4153 ad
915 4079 1032 4154 aedes
1061 4077 1161 4154 Emi.
1175 4137 1205 4156 ..
1229 4079 1339 4155 Primi
1366 4080 1463 4155 inter
1482 4080 1520 4157 S.
1542 4082 1588 4158 R.
1611 4083 1655 4158 E.
1677 4084 1755 4159 dia·

256 4226 373 4278 conos
403 4201 622 4278 Cardinales
649 4219 688 4276 et
715 4203 968 4280 assistentiam
996 4204 1166 4302 praestiti
1194 4205 1382 4280 traditioni
1412 4205 1523 4284 Pallii.

961 4479 1051 4560 428.

260 4625 330 4700 Ad
344 4625 558 4726 parendum
585 4625 706 4700 iassai
730 4623 923 4698 Benedicti
947 4623 1020 4699 XI
1022 4627 1063 4711 V,
1088 4625 1203 4698 Rotas
1227 4623 1426 4722 CoHrgium
1454 4625 1611 4700 celebrat
1629 4625 1757 4729 Capel-

338 4751 414 4826 lam
441 4751 497 4824 aa'
519 4750 557 4825 S.
588 4749 646 4824 M.
675 4751 716 4823 in
742 4750 803 4823 aaa
829 4749 908 4823 lata
935 4749 975 4823 in
1003 4747 1175 4823 honorem
1203 4747 1271 4823 SS.
1301 4750 1392 4826 AA.
1432 4749 1542 4826 Pari
1565 4761 1601 4825 et
1627 4751 1754 4828 Pauli.

340 4908 454 4980 (Anca.
472 4907 559 4981 Rom,
584 4905 773 4966 ‹Drart'um
794 4905 969 4966 Carnerate
981 4907 1017 4978 »).

795 5091 924 5164 Lunae
952 5116 970 5164 2
993 5089 1071 5164 Iulii
1105 5110 1217 5184 1753.

338 5234 589 5308 lnterluerunt
618 5234 686 5308 hac
715 5258 824 5308 mane
854 5233 937 5308 RR.
968 5231 1036 5307 ΡΡ.
1069 5231 1157 5308 DD.
1186 5231 1222 5304 in
1259 5231 1429 5306 Ecclesia
1463 5229 1501 5306 S.
1536 5229 1681 5305 Mariae
1718 5231 1752 5303 in

261 5357 330 5434 Via
359 5359 452 5433 Lata
480 5359 618 5455 inqua
646 5359 866 5434 habitafuit
895 5357 1077 5457 Cappella
1112 5357 1148 5429 in
1186 5357 1368 5432 honorem
1397 5355 1556 5429 SSrirum
1584 5357 1751 5452 Aposto
