3748 5914
816 307 906 368 Iulio
923 307 965 368 II
1501 305 1507 334 ⁶
1583 311 1638 370 247

132 501 453 578 iurisdictionibus
480 518 521 577 et
547 503 656 577 bouis
683 501 763 578 aliis
800 501 1108 600 quibuscumque,
1141 503 1347 577 dummodo
1374 503 1425 577 ad
1460 504 1638 580 ecclesias

134 627 369 702 Monasteria
397 642 436 700 et
464 625 536 700 alia
563 627 624 724 pia
652 627 734 702 loca
761 626 870 702 aliter
896 651 1011 725 quam
1039 653 1086 703 ex
1113 626 1293 703 fructibus
1320 651 1451 702 earum
1482 644 1525 703 ut
1552 654 1639 728 pre·

131 751 254 827 fertur
281 754 329 826 de
356 753 493 848 quibus
519 752 629 827 licere
656 753 829 828 voluerat
855 753 910 826 eis
942 778 1013 849 pro
1050 769 1140 827 voto
1176 752 1376 849 disponere
1413 778 1488 829 non
1524 754 1639 852 perti-

134 893 279 964 nerent,
310 877 345 951 in
381 876 459 951 vita
495 878 663 974 ipsorum
701 893 739 952 et
773 877 810 950 in
846 877 977 951 mortis
1013 878 1181 962 articulo,
1212 893 1326 976 prout
1352 879 1407 952 eis
1435 879 1636 966 videretur,

134 1005 348 1100 disponere,
380 1003 520 1087 testari,
550 1000 760 1090 codicillari,
780 1027 903 1101 eaque
929 1000 1068 1101 legare,
1090 1003 1311 1100 relinquere,
1332 1027 1399 1078 seu
1419 1005 1515 1078 inter
1532 1005 1639 1079 vivos

135 1143 177 1202 et
204 1151 317 1201 causa
345 1127 487 1213 mortis,
526 1141 592 1201 aut
625 1152 697 1225 pro
736 1129 1039 1202 remuneratione
1074 1128 1244 1202 laborum
1278 1127 1339 1202 vel
1370 1130 1638 1226 obsequiorum

135 1253 193 1328 eis
220 1255 488 1350 impensorum,
516 1253 712 1350 quibusvis
743 1253 917 1349 personis
951 1251 1219 1349 cuiuscumque
1245 1268 1379 1341 status,
1409 1255 1553 1353 gradus
1579 1254 1639 1328 vel

135 1376 360 1453 conditionis
387 1377 531 1466 fierent,
552 1377 667 1452 etiam
694 1377 727 1452 si
753 1377 844 1452 alias
871 1377 1042 1462 heredes,
1065 1377 1244 1476 legatarii,
1274 1376 1469 1468 donatarii,
1490 1381 1637 1454 uuiver-

138 1502 239 1578 sales
265 1518 332 1577 aut
358 1501 604 1600 particulares
631 1503 801 1590 heredes,
832 1527 1071 1577 successores
1097 1516 1137 1575 et
1164 1527 1327 1599 persone
1355 1485 1445 1577 alie'
1454 1504 1504 1578 ad
1541 1528 1639 1601 quos

136 1653 185 1702 ex
212 1627 448 1701 dominorum
475 1625 669 1702 voluntate
691 1625 751 1701 illa
769 1626 1031 1724 pervenissent
1048 1626 1120 1714 filii,
1142 1627 1324 1724 Nepotes,
1346 1626 1639 1726 Consanguinei,

136 1753 295 1839 Affines,
325 1751 533 1840 familiares,
563 1752 623 1826 vel
663 1750 724 1826 alii
764 1751 877 1826 etiam
918 1751 1116 1850 incapaces
1143 1766 1183 1827 et
1218 1751 1398 1827 inhabiles
1430 1767 1571 1839 essent,
1600 1768 1641 1826 et

135 1876 367 1954 inhabilitate
407 1876 468 1951 vel
507 1877 753 1974 incapacitate
793 1901 1033 1974 quacumque
1074 1879 1204 1964 notati,
1244 1878 1449 1952 dummodo
1489 1875 1641 1951 crimine

136 2003 215 2078 lese
244 2003 451 2076 maiestatis
479 2001 531 2076 rei
558 2017 626 2076 aut
651 2002 809 2076 ecclesie
838 2001 1009 2076 Romane
1036 2001 1167 2076 hostes
1204 2026 1279 2076 non
1314 2003 1532 2090 existerent,
1561 2025 1641 2077 ero·

136 2151 241 2226 gare,
271 2126 423 2212 donare,
453 2126 593 2223 legare,
624 2124 834 2223 relinquere
861 2151 907 2200 ac
932 2126 1045 2200 etiam
1073 2125 1109 2199 in
1137 2125 1222 2222 pios
1248 2141 1287 2200 et
1314 2125 1407 2201 alios
1439 2151 1640 2223 quoscum·

137 2277 214 2348 que
240 2277 333 2325 usus
361 2265 580 2324 convertere
606 2264 646 2324 et
673 2251 704 2324 si
744 2251 848 2347 ipsas
888 2249 1161 2324 ecclesiasticas
1200 2267 1266 2324 aut
1306 2248 1529 2348 dignitatem
1571 2275 1639 2325 seu

135 2374 498 2450 administrationem
538 2373 722 2448 habentes
764 2373 959 2480 regulares
1000 2398 1195 2471 personas,
1225 2374 1273 2449 de
1313 2375 1422 2449 bonis
1449 2375 1639 2472 predictis,

135 2501 245 2575 aliter
273 2523 348 2573 uon
384 2499 581 2598 disposito,
615 2499 802 2574 decedere
830 2500 1075 2597 contingeret,
1106 2498 1257 2586 Palatia,
1289 2498 1448 2606 Domos,
1477 2499 1639 2587 Casalia,

134 2641 175 2701 et
202 2624 360 2699 aliorum
387 2624 554 2723 ipsorum
583 2625 683 2726 bona
710 2626 746 2698 in
775 2623 880 2700 Urbe
908 2624 1077 2722 predicta
1104 2624 1163 2698 vel
1190 2623 1283 2698 infra
1319 2623 1486 2698 milliaria
1513 2624 1666 2712 huius-k

136 2751 239 2825 modi
265 2749 508 2824 consistentia
536 2749 587 2824 ad
613 2751 861 2847 proximiores
889 2775 980 2823 suos
1016 2749 1129 2824 etiam
1158 2751 1189 2825 si
1220 2750 1375 2848 Agnati,
1405 2749 1581 2849 Cognati,
1602 2765 1640 2823 et

135 2875 260 2948 minus
289 2873 471 2969 Capaces,
492 2871 553 2948 vel
580 2873 760 2949 inhabiles
780 2872 912 2959 forent,
934 2889 976 2948 ut
993 2873 1190 2970 prefertur,
1212 2874 1319 2949 salvo
1337 2889 1463 2948 tamen
1482 2873 1637 2973 gradus,

133 2997 378 3099 prerogativa
405 3001 508 3074 iuxta
534 2998 820 3096 dispositionem
848 2998 948 3084 iuris,
978 3001 1009 3072 si
1037 2999 1145 3073 aliter
1170 2999 1219 3073 de
1254 2999 1421 3096 ipsorum
1458 2997 1641 3073 deceden-

133 3125 228 3199 tium
257 3123 451 3199 voluntate
479 3148 553 3198 non
580 3139 782 3211 constaret,
799 3125 899 3199 bona
926 3125 1098 3221 predicta
1116 3125 1335 3199 devenirent
1351 3123 1500 3221 ipsique
1520 3122 1641 3220 proxi·

134 3252 276 3326 miores
304 3250 382 3323 sive
410 3248 553 3349 Agnati
579 3249 639 3324 vel
668 3248 831 3347 Cognati
859 3249 895 3324 in
923 3250 979 3324 eis
997 3250 1202 3324 succedere
1220 3263 1378 3346 possent
1399 3265 1439 3323 et
1457 3249 1641 3324 deberent

133 3378 172 3449 in
200 3375 374 3451 omnibus
400 3391 441 3450 et
467 3399 535 3473 per
561 3375 685 3449 omnia
721 3375 877 3472 perinde
905 3399 949 3449 ac
981 3375 1013 3449 si
1049 3374 1325 3450 descendentes
1351 3374 1424 3462 filii,
1455 3375 1639 3472 Nepotes,

132 3502 290 3600 Agnati,
320 3499 381 3574 vel
410 3500 585 3598 Cognati,
609 3499 764 3588 habiles,
786 3525 945 3596 capaces
972 3518 1012 3575 et
1039 3500 1199 3574 heredes
1219 3499 1347 3598 scripti
1366 3499 1580 3574 extitissent
1596 3523 1640 3573 ac

135 3626 289 3712 Palatia,
320 3625 480 3712 Domos‚
519 3623 668 3699 Casalia
708 3639 750 3698 et
790 3623 933 3720 reliqua
974 3625 1074 3698 bona
1114 3625 1281 3722 ipsorum
1322 3649 1371 3699 ex
1410 3623 1539 3698 labore
1580 3624 1640 3697 vel

133 3750 317 3826 industria
345 3775 418 3824 uon
446 3764 572 3824 autem
600 3775 648 3823 ex
683 3748 864 3824 fructibus
891 3749 1098 3824 redditibus
1126 3764 1165 3823 et
1192 3749 1437 3846 proventibus
1455 3747 1641 3822 ‘ecclesia-

134 3875 240 3951 sticis
266 3874 450 3972 acquisita
477 3873 635 3948 fuissent
662 3874 892 3948 concesserit
918 3875 1049 3969 eisque
1085 3870 1300 3948 facultatem
1336 3891 1376 3947 et
1409 3887 1640 3970 potestatem

133 4000 300 4075 testandi
325 4015 365 4074 et
391 3996 464 4074 alia
490 3999 675 4097 premissa
702 3998 859 4073 faciendi
887 4023 956 4095 per
983 4023 1072 4072 suas
1099 3997 1244 4073 litteras
1272 4013 1376 4073 motu
1415 3997 1569 4095 proprio
1600 4013 1641 4070 et

132 4151 183 4201 ex
210 4140 314 4200 certa
343 4124 497 4198 scientia
524 4123 737 4221 impartitus
765 4124 843 4198 fuit.

217 4249 268 4323 Et
303 4248 440 4323 deinde
481 4247 542 4345 pie
580 4247 760 4328 memorie
794 4247 1013 4323 Alexander
1045 4248 1111 4345 Pp.
1142 4248 1203 4334 Vl,
1242 4247 1355 4323 etiam
1392 4247 1640 4344 predecessor

134 4388 276 4460 noster,
308 4373 416 4447 Motu
445 4389 483 4447 et
511 4371 666 4447 scientia
694 4373 874 4450 similibus
902 4398 946 4447 ac
966 4374 1013 4448 de
1040 4372 1197 4447 fratrum
1226 4399 1379 4448 suorum
1407 4387 1538 4447 sancte
1566 4371 1640 4444 Ro·

133 4524 246 4574 mane
274 4497 431 4572 ecclesie
459 4495 724 4584 Cardinalium,
756 4497 804 4572 de
832 4523 993 4595 quorum
1012 4521 1169 4572 numero
1192 4513 1281 4573 tunc
1308 4521 1469 4584 eramus,
1485 4495 1639 4570 consilio

134 4623 278 4720 pariter
304 4637 344 4696 et
370 4646 529 4697 assensu
558 4621 702 4697 litteras
722 4622 827 4708 Sixti,
858 4621 1140 4719 predecessoris
1176 4620 1400 4708 huiusmodi,
1438 4636 1479 4695 et
1514 4621 1640 4694 omnia

134 4751 172 4822 in
199 4747 270 4822 illis
298 4761 476 4822 contenta
501 4747 726 4845 approbavit
751 4773 795 4821 ac
823 4761 1007 4844 perpetue
1035 4745 1218 4821 firmitatis
1237 4749 1352 4821 robur
1374 4745 1581 4821 obtinuisse
1600 4759 1640 4818 et

134 4873 306 4948 obtinere
334 4871 474 4946 debere
500 4872 613 4945 etiam
641 4871 770 4967 quoad
798 4871 956 4959 Domos‚
996 4871 1148 4957 Palatia,
1178 4869 1334 4958 edificia,
1362 4886 1403 4945 et
1435 4870 1508 4944 alia
1539 4870 1641 4944 bona

134 4995 338 5072 immobilia
364 5019 408 5070 ac
437 4996 516 5069 iura
545 5020 783 5094 quecumque
811 4997 847 5069 in
874 4995 1051 5094 predictis
1078 4996 1211 5072 litteris
1238 5021 1431 5094 expressa,
1467 4995 1504 5069 iu
1540 4994 1639 5068 dicta

7 5123 8 5186 l
136 5121 252 5210 Urbe,
283 5120 343 5196 vel
370 5135 488 5208 extra,
519 5136 586 5195 aut
613 5146 734 5219 prope
762 5146 858 5209 eam,
887 5121 937 5195 ad
964 5121 1130 5197 milliaria
1158 5123 1289 5196 decem
1317 5119 1559 5196 consistentia
1591 5145 1639 5193 ex

133 5247 316 5323 fructibus
343 5246 589 5342 proventibus
607 5262 646 5321 et
663 5246 926 5321 emolumentis
946 5245 1164 5321 Officiorum
1183 5269 1506 5343 quorumcumque
1525 5243 1638 5319 Curie

7 5419 8 5446 i
135 5369 306 5472 predicte
332 5370 516 5468 acquisita
542 5387 582 5445 et
608 5372 836 5469 acquirenda
863 5372 900 5445 iu
927 5386 1123 5469 posterum
1150 5369 1317 5447 decrevit
1348 5387 1388 5446 et
1423 5369 1635 5453 declaravit,
