3684 5920
745 233 904 305 Gregorio
922 233 954 292 X
962 233 1010 293 VI

833 568 924 647 541.

331 711 496 786 Adiutor
522 739 546 786 a
574 712 715 786 Studiis
741 715 945 785 assumitur
971 713 1010 785 in
1039 713 1258 787 Auditorcm
1287 715 1415 788 Rotae.

200 869 314 938 (Anca.
332 868 418 941 Ros„
443 867 569 928 «Liber
588 869 621 927 S.
641 869 755 942 Rotae,
774 886 806 929 n.
825 870 888 942 t»,
903 876 982 943 pag.
1001 869 1085 940 291).

612 1072 685 1146 Die
716 1097 764 1165 24
794 1072 986 1146 Februarii
1022 1075 1132 1164 1836.

199 1231 389 1304 inlocum
427 1233 509 1305 Eriii
546 1231 685 1326 Spada,
717 1233 880 1306 Auditor
918 1259 986 1330 pro
1026 1233 1218 1307 Bononiae
1248 1233 1449 1317 Provincia,
1480 1233 1621 1307 electus

121 1371 180 1428 est
207 1355 359 1429 Praesul
388 1357 555 1454 ignatius
583 1356 815 1455 Alberghini‚
847 1359 910 1454 qui
939 1360 1009 1432 huc
1037 1383 1159 1454 usque
1194 1383 1328 1432 munus
1367 1359 1562 1432 Adiutoris
1599 1384 1622 1432 a

121 1478 252 1552 Studio
281 1482 427 1555 functus
456 1497 515 1555 est
542 1484 644 1578 apud
675 1483 718 1556 R.
751 1483 789 1556 P.
821 1485 869 1558 D.
900 1484 961 1557 Dc
990 1483 1146 1579 Cuppis.

826 1794 915 1872 542.

122 1937 257 2012 Contra
278 1941 566 2039 praeteritionem
600 1939 816 2012 Traianalis
842 1938 1071 2035 Sc'gnatrcrac
1097 1939 1156 2012 ius
1184 1939 1301 2011 Rotae
1323 1938 1471 2011 Decane'
1494 1937 1621 2011 aebro-

192 2065 318 2160 gandi
341 2065 381 2136 in
407 2065 527 2137 coasts
555 2064 750 2136 Ponentcm
776 2063 847 2136 sibi
870 2063 1084 2148 adserentes,
1115 2061 1234 2161 Papa,
1264 2062 1390 2136 audito
1418 2064 1457 2134 in
1474 2088 1517 2134 rc
1543 2071 1621 2136 ooto

199 2187 353 2273 Decani,
382 2191 489 2262 c'stius
515 2191 574 2262 ins
600 2191 821 2286 recognoscit
845 2203 881 2261 et
905 2188 1108 2283 confirmat.

197 2346 313 2416 (Auca.
332 2303 419 2418 Roi,
443 2345 568 2405 «caer
586 2345 620 2403 s.
646 2345 758 2419 Rotae,
776 2362 807 2404 n.
827 2347 891 2418 4.,
906 2353 984 2420 pag.
1003 2345 1172 2416 soa-307).

224 2547 335 2620 Dalla
365 2547 582 2644 Segreteria
611 2571 677 2642 per
704 2547 756 2643 gii
784 2545 901 2619 Affari
930 2546 966 2619 di
995 2545 1105 2618 Statu
1133 2545 1266 2618 interni
1295 2546 1355 2620 N⁰
1379 2547 1510 2641 48518.

657 2707 711 2780 Li
735 2731 785 2801 23
813 2707 951 2803 Luglio
978 2705 1081 2802 1836.

202 2851 280 2922 «ln
308 2850 405 2923 vista
434 2849 530 2922 della
558 2849 673 2948 lunga
702 2849 869 2923 malattia
897 2850 965 2922 che
985 2849 1096 2923 soffre
1125 2849 1252 2922 Mons‘
1272 2849 1332 2922 De
1361 2849 1506 2945 Cuppis
1527 2849 1621 2922 Udi-

123 2987 238 3047 «tore
272 2974 368 3047 della
396 2972 434 3046 S.
468 2973 577 3085 Rota,
607 3001 628 3047 e
657 2973 959 3050 dcll'incertezza
982 2973 1191 3069 dell’epoca
1210 2976 1245 3046 in
1265 2975 1322 3048 cui
1342 2977 1451 3070 potri
1471 2975 1620 3071 seguire

123 3096 192 3170 <ia
234 3097 273 3170 cli
315 3097 365 3171 lui
406 3097 639 3196 guarigione,
671 3102 780 3195 putri
818 3099 957 3174 Mons‘‚
984 3097 1139 3172 Decano
1177 3097 1236 3170 del
1275 3099 1316 3170 d⁰
1348 3096 1385 3172 S.
1416 3097 1619 3171 Tribunale

123 3221 295 3294 ‹valersi
322 3221 382 3296 del
412 3223 538 3296 diritto
567 3222 636 3295 che
664 3223 700 3294 in
729 3222 780 3296 tal
813 3245 903 3295 caso
939 3221 990 3318 gli
1026 3237 1210 3318 compete,
1249 3220 1486 3318 surrogando
1523 3221 1619 3295 altro

123 3343 308 3440 sPrelato
338 3347 373 3418 in
404 3347 569 3420 Poneute
599 3346 696 3421 delle
726 3347 850 3420 Cause
879 3373 901 3419 a
929 3345 980 3420 lui
1008 3372 1229 3420 commesse.

921 3488 1006 3562 «A.
1039 3487 1088 3562 D.
1119 3487 1231 3560 Card.
1263 3487 1480 3562 Gamberini
1499 3515 1537 3563 s».
1609 3577 1613 3586 ⁸
1645 3543 1648 3552 .

823 3769 913 3846 543.
1011 3791 1017 3804 ’

115 3908 328 3984 imminente
353 3937 536 4008 aggressu
563 3910 708 3985 cholera
735 3912 861 3995 morbi,
900 3911 995 3985 Urbs
1023 3911 1192 4010 publicas
1220 3910 1376 4011 peragit
1396 3912 1618 4010 propitiato-

192 4038 274 4108 rias
294 4038 541 4134 processiones
566 4036 621 4110 ad
646 4036 786 4109 leonem
805 4035 932 4109 Ssmac
960 4035 1128 4132 Virginis
1146 4079 1162 4092 -
1184 4037 1300 4110 Rotae
1318 4035 1486 4108 tribunal
1508 4059 1615 4110 suam

195 4160 298 4234 ducit
328 4203 354 4216 ·-
391 4161 481 4234 ordo
510 4162 855 4258 praecedentz'arnm
892 4161 989 4234 inter
1023 4163 1126 4234 sacri
1159 4160 1355 4234 tribunalis
1389 4160 1552 4234 addictos
1584 4168 1619 4233 et

198 4283 393 4380 Officzales.

196 4423 315 4492 (Accu.
334 4421 421 4494 Ror„
445 4421 570 4481 «Liber
588 4422 621 4480 S.
641 4422 755 4495 Rotae,
772 4438 805 4481 n.
824 4422 887 4495 t»,
904 4430 981 4496 pag.
994 4421 1071 4482 307.
1083 4421 1165 4495 308,
1176 4422 1263 4495 309).

536 4608 708 4681 Mercurii
742 4631 761 4700 7
793 4583 1023 4705 Septembris
1058 4606 1184 4700 1836!

195 4765 365 4842 Pluribus
404 4766 540 4842 abhinc
579 4770 688 4842 anuis
731 4771 902 4843 universa
944 4769 1098 4864 Europa
1143 4793 1166 4841 a
1210 4770 1376 4866 quodam
1417 4769 1616 4845 afflictatur

115 4892 257 4978 morbo,
288 4892 351 4987 qui
379 4891 493 4990 vulgo
525 4891 670 4966 cholera
706 4893 930 4990 appellatur.
965 4895 1026 4967 Ab
1059 4893 1236 4968 extremis
1273 4894 1448 4968 indorum
1481 4896 1557 4968 oris
1594 4921 1617 4969 a

116 5011 275 5113 Moschy
302 5016 461 5112 delatus,
491 5020 539 5091 de
567 5019 722 5116 regione
759 5020 795 5092 in
823 5019 1025 5122 ¹regionem
1063 5020 1173 5093 nimia
1208 5019 1443 5093 festinatione
1479 5045 1617 5117 prope·-

143 5329 148 5340 .
172 5329 178 5342 ι
196 5242 204 5275 ¹
225 5241 306 5346 Puto
323 5251 431 5390 e2r7rate
449 5245 605 5320 scriptum
624 5243 721 5304 fuisse
740 5245 762 5302 7
780 5251 867 5320 sept,
886 5243 964 5304 dum
983 5243 1064 5304 sorte
1075 5244 1174 5304 scribi
1186 5244 1350 5304 debuisset
1362 5245 1400 5304 17
1414 5247 1615 5321 septembris

117 5343 180 5388 nisi
198 5347 308 5391 verius
375 5378 382 5391 .
