3686 5916
756 319 922 379 Clemente
940 317 1027 379 XIII
1583 320 1638 378 587

133 509 282 595 dorum,
313 510 349 581 in
386 509 522 606 quibus
559 511 661 583 iuxta
699 510 930 606 praedictam
966 535 1103 585 novam
1142 511 1361 584 methodum
1398 509 1638 584 consecutive

134 633 517 729 comprehendentur;
546 650 586 707 et
614 635 666 707 sic
694 636 845 733 agendo
873 637 1074 734 exigantur
1101 635 1353 733 Regestorum
1383 635 1636 708 emolumenta

132 758 185 830 ad
214 783 381 831 normam
410 758 610 842 Taxarum,
642 760 797 856 perinde
825 785 868 832 ac
897 761 929 834 si
957 761 1082 834 omnia
1109 783 1177 856 per
1205 775 1402 832 extensum
1432 759 1635 856 registrata

135 882 307 956 fuissent.

220 1005 367 1096 Quium
397 1008 587 1082 Absoluto
616 1008 798 1106 Regest0,
830 1009 969 1084 servari
998 1022 1037 1082 et
1066 1009 1197 1104 reponi
1225 1007 1388 1082 debeant
1422 1007 1637 1102 Scripturae

129 1131 338 1230 originales
365 1135 400 1206 in
431 1133 612 1207 fasciculis
641 1133 837 1232 separatis,
859 1135 995 1231 quibus
1025 1134 1239 1233 singulatim
1263 1133 1392 1207 titulus
1411 1149 1636 1230 apponatur,

134 1260 252 1331 verba
267 1259 478 1334 continens:
495 1257 590 1332 Iura
604 1259 752 1332 dabarsa
771 1259 980 1334 Causarum
994 1260 1251 1357 expeditarum
1267 1259 1391 1332 Annis
1455 1275 1496 1332 ut
1511 1259 1635 1331 distin·

130 1400 300 1479 guantur
327 1385 376 1458 ab
403 1383 482 1457 aliis
510 1383 693 1458 fasciculis
723 1385 990 1480 scripturarum
1019 1387 1055 1458 in
1084 1386 1206 1458 causis
1240 1385 1405 1457 nondum
1438 1382 1634 1478 expeditis

129 1521 176 1580 et
203 1531 361 1602 quarum
390 1509 526 1582 lurium
564 1509 720 1605 proinde
754 1511 877 1583 adhuc
915 1535 989 1584 non
1027 1509 1067 1582 fit
1105 1526 1299 1607 regestum
1336 1535 1385 1582 ax
1416 1507 1533 1604 officia
1570 1508 1637 1580 sed

132 1631 300 1704 instante
328 1633 508 1706 alterutra
527 1658 574 1706 ex
594 1633 817 1731 litigantium
846 1648 965 1730 parte,
986 1649 1179 1731 regestum
1204 1633 1332 1706 confici
1352 1633 1493 1729 poterit
1514 1630 1639 1705 soluto

132 1757 248 1830 solito
271 1757 373 1832 iuxta
391 1775 498 1831 taxas
517 1759 715 1853 stipendio,
736 1775 775 1832 et
792 1757 888 1833 alter
908 1760 964 1832 hic
983 1759 1180 1833 fasciculus
1201 1759 1322 1832 notari
1341 1759 1481 1855 poterit
1508 1755 1635 1830 titulo:

134 1882 234 1954 Iura
260 1882 406 1956 dabarsa
435 1882 643 1956 Causarum
662 1884 900 1982 pendentium
927 1885 1054 1959 annis.
1070 1941 1102 1961 ..

218 2007 339 2080 Sexto.
372 2007 433 2080 Ad
461 2007 737 2102 praedictorum
767 2010 931 2082 omnium
966 2009 1292 2106 complementum,
1323 2009 1463 2105 iniungi
1501 2007 1638 2080 debeat

133 2131 303 2204 Notariis
332 2132 511 2228 obligatio
531 2133 587 2205 bis
607 2133 741 2207 saltem
762 2135 795 2204 in
816 2158 915 2208 anno
935 2134 1068 2208 librum
1087 2133 1413 2208 Accomodatarum
1432 2129 1634 2213 scrutandi,

129 2257 353 2330 adnotando
387 2257 591 2352 scripturas
618 2275 777 2331 eatenus
809 2259 1075 2332 accomodatas
1110 2283 1208 2355 quae
1244 2258 1403 2332 subinde
1439 2255 1636 2331 confestim

131 2397 247 2456 erunt
276 2382 570 2477 recuperandae.

218 2506 386 2604 Septima
418 2507 508 2580 Post
545 2506 710 2579 ultimam
749 2507 898 2594 Rotam,
929 2531 1028 2603 quae
1065 2507 1225 2582 habetur
1262 2507 1296 2580 in
1336 2505 1638 2603 Quadragesima

132 2633 308 2706 videlicet
345 2633 570 2706 instantibus
611 2634 710 2706 feriis
749 2633 940 2708 Paschatis
983 2634 1295 2716 Resurrectionis,
1339 2658 1361 2706 a
1404 2633 1560 2706 Decano
1593 2654 1638 2702 ac

132 2757 286 2831 duobus
315 2756 561 2831 Auditoribus
589 2757 806 2833 Senioribus
834 2783 909 2832 una
937 2784 1021 2832 cum
1050 2783 1181 2832 eorum
1211 2759 1464 2854 Depositari0,
1485 2756 1637 2830 visiten-

134 2900 198 2956 tur
225 2883 392 2979 quolibet
420 2884 533 2956 Anno
562 2883 706 2966 Officia,
729 2901 768 2957 et
795 2884 964 2958 eiusdem
994 2883 1215 2958 visitationis
1243 2884 1440 2958 occasione
1458 2880 1636 2956 exhibere

134 3007 301 3106 debeant
331 3006 475 3080 Notarii
504 3033 545 3080 se
574 3033 820 3105 recuperasse
845 3033 918 3083 non
939 3010 1060 3082 solum
1080 3011 1285 3104 scripturas
1303 3007 1551 3082 accomodatas
1568 3005 1636 3078 sed

130 3131 247 3206 etiam
277 3132 448 3228 Regesta
475 3157 672 3206 causarum
701 3134 961 3228 expeditarum
981 3135 1193 3231 explevisse
1213 3133 1414 3228 omniaque
1432 3130 1504 3206 alia
1523 3131 1637 3204 desu-

133 3283 204 3354 per
231 3271 408 3330 contenta
437 3255 713 3353 adimplevisse,
745 3259 846 3354 quod
881 3258 912 3331 si
947 3260 1010 3354 qui
1047 3258 1145 3332 forte
1182 3259 1217 3332 in
1255 3258 1382 3354 aliquo
1419 3256 1633 3340 defecerint,

134 3383 283 3478 possint
310 3383 358 3456 ab
384 3382 516 3456 iisdem
546 3383 669 3456 Rotae
697 3384 944 3458 Auditoribus
972 3384 1021 3457 ad
1049 3384 1379 3480 adimplementum
1408 3382 1504 3480 cogi.
1524 3383 1637 3455 inter-

133 3505 269 3603 positis
288 3507 419 3602 poenis
439 3507 670 3602 pecuniariis,
694 3507 809 3580 Manu
830 3509 963 3606 Regia,
983 3535 1027 3581 ac
1046 3509 1158 3582 etiam
1178 3511 1227 3582 ab
1246 3508 1399 3594 Officiis,
1426 3521 1466 3580 et
1492 3503 1635 3579 emolu-

135 3647 349 3702 mentorum
377 3629 468 3725 ipsis
497 3631 747 3726 spectantium
776 3633 1045 3726 suspensione:
1084 3631 1125 3704 Si
1151 3656 1242 3704 vero
1270 3632 1424 3704 omissio
1452 3629 1561 3702 fuerit
1588 3655 1637 3702 ex

135 3771 245 3849 parte
265 3753 560 3840 Causidicorum,
575 3754 639 3849 qui
659 3756 836 3849 requisiti,
856 3758 1061 3850 scripturas
1080 3757 1239 3829 reddere
1260 3754 1525 3840 recusaverint,
1547 3769 1636 3826 tunc

133 3877 207 3973 ipsi
227 3878 461 3964 Visitatores,
485 3879 596 3951 etiam
625 3894 756 3952 contra
774 3877 879 3974 ipsos
898 3880 1029 3974 poenis
1048 3881 1280 3976 pecuniariis,
1301 3905 1345 3954 ac
1365 3879 1481 3952 Manu
1501 3879 1633 3976 Regia,

135 4017 179 4076 ut
206 4027 321 4098 supra
349 4001 555 4098 procedere
582 4003 739 4100 possint.

219 4127 362 4202 Octavo.
393 4127 452 4202 Ne
481 4129 725 4223 imposterum
754 4143 830 4202 tarn
859 4132 1078 4216 sententiae,
1108 4153 1223 4227 quam
1252 4130 1426 4215 Decreta,
1456 4153 1500 4202 ac
1529 4127 1637 4200 Deci·

134 4251 261 4326 siones
291 4251 448 4326 Rotales
476 4267 628 4326 careant
664 4253 968 4349 praecedentium
1005 4271 1175 4330 actorum
1211 4257 1470 4350 productione,
1499 4255 1634 4327 iterum

135 4377 274 4472 imponi
302 4377 466 4464 debebit,
496 4380 601 4474 quod
629 4379 664 4451 in
694 4379 816 4454 causis
843 4379 1135 4476 appellationum
1164 4380 1363 4454 Auditorio
1392 4380 1514 4452 Rotae
1542 4379 1636 4450 dire·

134 4500 215 4582 ctis,
239 4527 311 4576 non
341 4505 622 4577 subscribantur
649 4504 762 4578 dubia
789 4528 813 4576 a
841 4505 1082 4592 Ponentibus,
1106 4505 1175 4579 nisi
1203 4506 1307 4602 prius
1328 4504 1524 4579 Rotalibus
1545 4503 1635 4577 Offi-

135 4625 201 4698 ciis
229 4627 448 4700 transmissa
476 4629 550 4700 sint
577 4643 744 4702 extracta
773 4629 988 4714 Processus,
1019 4631 1129 4714 Acta,
1159 4647 1199 4704 et
1228 4631 1465 4704 Documenta
1493 4629 1635 4725 primae

133 4749 343 4836 instantiae,
364 4777 408 4825 ac
432 4753 501 4825 nisi
529 4753 805 4848 praecesserint
823 4753 956 4826 solitae
974 4754 1188 4831 citationes:
1209 4755 1279 4828 Aa'
1292 4755 1482 4828 decadum
1508 4763 1635 4827 cantra

132 4875 422 4960 commestionem,
448 4885 635 4951 utcontra
665 4878 779 4950 lura:
806 4879 908 4952 iuxta
935 4880 1210 4974 praescriptum
1241 4881 1404 4966 Decreti,
1424 4882 1474 4954 ab
1500 4881 1635 4954 eodem

133 4999 336 5086 Tribunali,
367 5027 451 5074 cum
488 5002 760 5099 approbatione
798 5002 1006 5077 Clementis
1044 5003 1115 5078 Xll
1152 5006 1212 5078 die
1247 5029 1290 5098 13
1321 5005 1500 5079 Octobris
1535 5027 1578 5098 17
1585 5027 1633 5099 59

131 5125 309 5210 emanati,
330 5125 433 5221 quod
461 5127 686 5221 impressum
714 5127 861 5224 legitur,
883 5143 923 5201 et
950 5129 999 5201 ab
1026 5129 1160 5202 eodem
1180 5128 1358 5204 Pontifice
1376 5131 1634 5204 confirmatum

133 5246 201 5320 fuit
230 5250 265 5321 in
294 5273 362 5322 sua
392 5250 670 5325 Constitutione
708 5276 807 5348 quae
842 5253 969 5349 incipit
1000 5253 1193 5328 Romanus
1221 5255 1409 5350 Pontifex,
1440 5257 1459 5352 ξ
1490 5277 1523 5350 7.
1555 5256 1634 5330 Sub

135 5372 277 5448 Datum
310 5396 357 5469 27
388 5375 544 5449 Ianuarii
571 5398 678 5469 1740.
702 5377 752 5449 Et
779 5402 801 5450 a
830 5376 988 5452 Notario
1017 5381 1181 5452 omniurn
1210 5395 1406 5479 gestorum
1436 5407 1520 5455 cum
1540 5380 1631 5455 iura·
