3748 5914
243 317 300 377 276
436 359 438 364 .
872 319 1010 378 soeculo
1028 319 1117 380 XVI

243 509 367 596 sticas,
397 535 441 582 ac
469 511 541 584 alia
570 527 783 607 opportuna
810 511 898 584 iuris
928 512 1103 597 remedia,
1129 510 1381 608 appellatione
1400 511 1623 609 postposita,
1644 537 1748 586 com-

243 635 446 730 pescendo,
476 623 649 719 invoeato
663 634 776 709 etiam
804 634 854 708 ad
882 634 953 708 hoc
982 635 1012 708 si
1040 659 1137 732 opus
1165 634 1289 742 fuerit,¹
1315 635 1452 710 auxilio
1478 635 1618 710 brachii
1644 661 1745 710 secu·

243 759 340 834 laris.
372 759 459 834 Non
487 759 725 846 obstantibus
754 759 784 834 si
812 759 900 834 dicti
928 760 1135 834 Auditores
1163 767 1211 834 et'
1230 759 1506 835 Locatenentes
1534 763 1568 834 in
1605 759 1746 833 eisdem

242 884 410 960 ecclesiis
439 884 516 958 sive
543 883 633 960 locis
662 884 819 981 primam
848 911 921 960 non
950 885 1103 960 fecerint
1130 885 1370 960 residentiam
1403 885 1649 982 personalem.
1691 887 1748 960 Ac

244 1035 358 1105 super
385 1009 589 1084 idoneitate
618 1010 744 1106 quoad
773 1009 1024 1107 parochialem
1052 1009 1259 1098 ecclesiam,
1280 1010 1385 1085 etde
1404 1035 1479 1084 non
1507 1011 1747 1086 concedendo

243 1132 350 1209 alicui
378 1134 538 1230 gratiam
567 1135 840 1230 expectativam
870 1151 978 1208 extra
997 1133 1186 1208 nationem
1206 1159 1323 1220 suam,
1344 1157 1481 1209 aenon
1502 1134 1746 1232 acceptando,

244 1259 375 1357 vigore
393 1253 554 1332 cuiu'svis
572 1259 694 1356 gratie
712 1261 957 1356 expectative,
979 1258 1132 1354 aliquod
1152 1257 1370 1334 beneficium
1386 1259 1613 1356 generaliter
1630 1285 1748 1336 reser-

244 1400 383 1470 vatum,
415 1409 481 1457 seu
509 1383 704 1472 afiectum;
735 1408 803 1458 nec
831 1408 906 1459 non
934 1384 982 1458 de
1010 1381 1250 1470 insinuandis,
1272 1397 1311 1456 et
1330 1381 1562 1480 publicandis
1579 1399 1749 1482 accepta-

244 1509 407 1582 tionibus
430 1507 694 1582 beneficiorum
713 1511 844 1606 vigore
869 1509 1075 1606 gratiarum
1100 1509 1432 1606 expectativarum,
1453 1523 1747 1606 acceptatorum,

244 1649 284 1708 et
309 1633 390 1710 aliis
418 1633 620 1732 diligentiis
648 1633 824 1708 faciendis
853 1659 921 1731 pro
941 1649 1113 1731 tempore
1132 1633 1253 1720 editis,
1269 1634 1371 1708 dicte
1391 1633 1622 1708 Cancellarie
1642 1660 1751 1732 regu-

142 1793 146 1800 ·
243 1758 300 1846 lis,
329 1784 373 1833 ac
400 1757 459 1833 fel.
489 1758 757 1833 recordationis
795 1758 972 1832 Bonifacii
1003 1757 1087 1832 Vlll
1125 1777 1256 1834 contra
1292 1775 1490 1856 exemptos
1526 1757 1640 1844 edita,
1676 1783 1752 1854 que

245 1883 381 1981 incipit,
422 1884 593 1967 Volentes,
623 1909 666 1957 ac
704 1885 815 1958 etiarn
851 1907 920 1981 per
952 1908 1066 1980 quam
1103 1883 1366 1958 concessiones
1408 1883 1457 1956 de
1497 1883 1678 1957 fructibus
1716 1885 1751 1956 in

131 2064 132 2068 η
244 2009 416 2084 absentia
442 2008 688 2105 percipiendis
717 2011 797 2082 sine
826 2007 1070 2105 prefinixione
1097 2007 1278 2105 temporis
1297 2008 1375 2082 fieri
1403 2009 1659 2104 prohibentur,
1683 2033 1753 2081 nec

245 2157 320 2206 non
348 2157 422 2229 que
450 2113 638 2230 incipiunt,
677 2132 780 2207 Sicut
813 2133 925 2206 bonus
955 2141 1099 2230 partor,
1129 2147 1168 2206 et
1209 2133 1344 2228 quibus
1385 2133 1606 2229 disponitur,
1646 2133 1754 2229 quod
1866 2155 1867 2202 3

230 2258 366 2332 ‘nullus
393 2258 524 2356 vigore
551 2257 769 2333 facultatum
797 2283 866 2354 per
894 2259 1024 2332 sedem
1052 2257 1259 2355 predictam
1286 2282 1357 2354 pro
1390 2273 1560 2355 tempore
1597 2283 1754 2332 conces-

245 2409 382 2469 sarum,
412 2383 538 2480 aliqua
565 2381 745 2458 beneficia
773 2383 1027 2457 ecclesiastica
1046 2382 1238 2481 resignare
1256 2383 1389 2479 possit,
1410 2385 1479 2456 nisi
1499 2383 1644 2458 illorum
1666 2407 1753 2480 pos-

246 2509 453 2601 sessionem
488 2507 679 2604 pacificam
722 2533 791 2605 per
831 2511 996 2604 quatuor
1034 2531 1185 2582 menses
1226 2507 1408 2594 habuerit,
1437 2524 1477 2582 et
1514 2507 1753 2582 nihilominus

245 2633 423 2709 beneficia
462 2633 546 2731 ipsa
577 2634 614 2707 in
650 2633 778 2707 odium
814 2634 1082 2732 resignantium
1123 2657 1259 2708 vacare
1300 2649 1524 2708 censeantur
1563 2659 1610 2708 eo
1652 2635 1750 2730 ipso,
1866 2627 1867 2632 ’

161 2778 164 2786 ·
245 2758 340 2834 Sixti
366 2759 428 2844 lV,
458 2775 496 2834 et
524 2757 728 2834 innocentii
756 2758 851 2847 Vlll,
880 2782 925 2834 ac
946 2751 1022 2856 ¹per
1048 2782 1145 2854 quas
1173 2760 1283 2834 tertia
1310 2783 1397 2856 pars
1433 2761 1597 2832 omnium
1634 2761 1754 2834 bono·

238 2907 339 2970 rum,
369 2883 580 2980 dequibus
608 2884 661 2957 rei
688 2907 757 2981 per
785 2907 1044 2980 quoscumque
1065 2870 1244 2968 Prelatos,
1265 2884 1398 2982 vigore
1426 2908 1754 2980 quarumcumque

244 3008 460 3084 facultatum
487 3011 542 3084 eis
570 3034 638 3107 per
664 3008 795 3084 sedem
823 3009 1032 3106 predictam
1069 3033 1351 3094 concessarum,
1391 3009 1520 3082 testari
1553 3034 1620 3083 seu
1658 3009 1754 3083 alias

245 3134 394 3230 disponi
421 3134 629 3232 contigerit,
662 3133 821 3208 Camere
848 3135 1028 3231 predicte,
1059 3135 1268 3230 apostolice
1295 3159 1364 3231 pro
1392 3133 1488 3208 illius
1516 3135 1754 3210 necessitati·

245 3261 316 3333 bus
330 3258 515 3356 applicata
534 3257 668 3331 dicitur
685 3255 902 3345 Alexandri,
921 3258 1026 3344 Sixti,
1042 3275 1081 3332 et
1100 3257 1254 3333 aliorum
1272 3283 1593 3356 quorumcumque
1614 3259 1753 3334 Roma·

247 3409 380 3458 norum
424 3383 639 3458 Pontificum
681 3385 995 3480 predecessorum
1037 3399 1252 3459 nostrorum
1288 3409 1332 3458 ac
1374 3384 1595 3461 Lateranen.
1635 3385 1751 3460 etiam

246 3509 447 3584 novissime
474 3507 650 3582 celebrati
678 3523 717 3582 et
745 3509 930 3606 generalis
959 3507 1222 3596 Conciliorum,
1250 3523 1290 3584 et
1316 3509 1511 3605 quibusvis
1544 3509 1624 3584 aliis
1656 3535 1753 3605 apo-

246 3632 397 3720 stolicis,
428 3657 496 3706 nec
533 3656 605 3707 non
647 3631 684 3704 in
721 3632 1019 3717 Provincialibus,
1050 3647 1090 3706 et
1130 3631 1380 3728 Synodalibus
1424 3634 1597 3708 Conciliis
1639 3635 1752 3708 editis

244 3757 495 3857 generalibus,
539 3756 599 3832 vel
640 3756 865 3853 specialibus
907 3756 1258 3844 Constitutionibus,
1302 3772 1342 3831 et
1379 3759 1675 3833 ordinationibus
1707 3785 1751 3832 ac

244 3884 439 3983 quibusvis
467 3908 536 3979 per
563 3907 631 3956 nos
659 3880 707 3956 de
736 3899 961 3967 nostrorum,
991 3898 1030 3956 et
1058 3883 1155 3956 dicte
1184 3907 1278 3958 rom.
1306 3881 1463 3956 ecclesie
1497 3881 1750 3957 Cardinalium

243 4007 476 4082 familiarium
503 4008 764 4082 continuorum
793 4005 1108 4094 commensalium,
1124 4022 1163 4080 et
1181 4006 1263 4080 aliis
1283 4005 1469 4081 beneficiis
1488 4007 1751 4082 ecclesiasticis

246 4158 315 4231 per
342 4157 423 4220 nos,
452 4149 492 4206 et
518 4131 648 4206 sedem
677 4130 850 4206 eamdem
878 4131 996 4218 factis,
1025 4147 1065 4206 et
1097 4157 1166 4229 pro
1194 4148 1366 4229 tempore
1394 4131 1572 4206 faciendis
1605 4132 1751 4229 specia-

245 4257 353 4346 libus,
382 4256 442 4331 vel
469 4255 707 4354 generalibus
725 4257 1054 4343 reservationibus,
1075 4272 1114 4330 et
1131 4255 1399 4344 affectionibus,
1421 4281 1490 4330 nec
1509 4281 1583 4330 non
1602 4255 1750 4355 legibus

244 4383 506 4479 imperialibus,
538 4397 577 4456 et
605 4380 902 4478 Municipalibus,
932 4405 976 4454 ac
1005 4380 1237 4478 Regnorum,
1268 4382 1553 4468 Provinciarum,
1578 4381 1749 4456 ecclesia·

246 4531 339 4592 rum,
380 4506 708 4592 Monasteriorum,
744 4520 783 4579 et
819 4503 998 4588 locorum,
1028 4505 1065 4578 in
1102 4507 1238 4601 quibus
1275 4505 1572 4603 incompatibilia,
1603 4523 1643 4580 et
1679 4507 1749 4580 alia

245 4631 436 4714 secularia,
466 4656 510 4705 ac
538 4630 724 4728 regularia
752 4629 930 4704 beneficia
958 4630 1169 4705 huiusmodi
1199 4631 1325 4705 forsan
1353 4632 1499 4716 fuerint,
1522 4656 1588 4705 seu
1616 4656 1639 4704 a
1667 4632 1748 4727 qui-

245 4758 317 4832 bus
344 4757 425 4853 ipsa
445 4753 631 4852 regularia
658 4752 838 4828 beneficia
859 4753 1075 4851 dependere
1093 4755 1302 4855 contigerit,
1324 4771 1364 4829 et
1383 4755 1567 4828 Ordinum
1587 4779 1746 4851 quorum

245 4880 305 4957 illa
333 4881 523 4955 extiterint
549 4879 771 4967 iuramento,
801 4877 1081 4954 confirmatione
1109 4880 1317 4976 apostolica
1336 4881 1394 4955 vel
1414 4881 1546 4976 quavis
1575 4881 1745 4955 firmitate

246 5007 317 5080 alia
345 5005 531 5079 roboratis
559 5003 720 5089 statutis,
751 5018 790 5077 et
817 5003 1161 5091 consuetudinibus,
1185 5003 1388 5103 privilegiis
1416 5029 1569 5102 quoque
1596 5005 1745 5078 indultis

244 5149 283 5206 et
309 5129 442 5205 litteris
470 5127 685 5224 apostolicis
713 5128 855 5201 eisdem
886 5117 1040 5227 Regnis,
1059 5129 1267 5216 Provinciis,
1290 5127 1467 5215 ecclesiis,
1494 5130 1742 5214 Monasteriis‚

245 5273 285 5330 et
312 5255 402 5329 locis
430 5278 473 5327 ac
509 5251 623 5326 etiam
661 5250 864 5326 Cluniacen
893 5266 932 5326 et
969 5251 1174 5328 Cistercien
1211 5255 1415 5329 Ordinibus
1453 5279 1521 5330 nec
1554 5279 1628 5329 non
1666 5255 1746 5352 qui-

245 5381 373 5455 busvis
400 5376 572 5476 personis
601 5378 868 5472 cuiuscumque
898 5377 1100 5476 dignitatis
1132 5393 1256 5454 status
1283 5380 1438 5478 gradus,
1466 5394 1507 5453 et
1525 5381 1745 5455 conditionis
