<?xml version="1.0" encoding="UTF-8"?>
<!DOCTYPE html PUBLIC "-//W3C//DTD XHTML 1.0 Transitional//EN"
    "http://www.w3.org/TR/xhtml1/DTD/xhtml1-transitional.dtd">
<html xmlns="http://www.w3.org/1999/xhtml" xml:lang="en" lang="en">
 <head>
  <title>
</title>
<meta http-equiv="Content-Type" content="text/html;charset=utf-8" />
  <meta name='ocr-system' content='tesseract 3.04.00' />
  <meta name='ocr-capabilities' content='ocr_page ocr_carea ocr_par ocr_line ocrx_word'/>
</head>
<body>
  <div class='ocr_page' id='page_1' title='image "./capellanipapaee00cercgoog_0436.png"; bbox 0 0 3720 5916; ppageno 0'>
   <div class='ocr_carea' id='block_1_1' title="bbox 230 305 1112 371">
    <p class='ocr_par' dir='ltr' id='par_1_1' title="bbox 230 305 1112 371">
     <span class='ocr_line' id='line_1_1' title="bbox 230 305 1112 371; baseline 0.005 -5"><span class='ocrx_word' id='word_1_1' title='bbox 230 305 287 366; x_wconf 77' lang='lat'>392</span> <span class='ocrx_word' id='word_1_2' title='bbox 857 309 994 369; x_wconf 81' lang='lat' dir='ltr'>Saeculo</span> <span class='ocrx_word' id='word_1_3' title='bbox 1007 309 1039 370; x_wconf 88' lang='lat' dir='ltr'><strong><em>X</em></strong></span> <span class='ocrx_word' id='word_1_4' title='bbox 1047 310 1112 371; x_wconf 88' lang='lat' dir='ltr'>VII</span> 
     </span>
    </p>
   </div>
   <div class='ocr_carea' id='block_1_2' title="bbox 186 501 1731 4469">
    <p class='ocr_par' dir='ltr' id='par_1_2' title="bbox 228 501 1729 852">
     <span class='ocr_line' id='line_1_2' title="bbox 229 501 1727 603; baseline 0.001 -27"><span class='ocrx_word' id='word_1_5' title='bbox 229 504 303 576; x_wconf 92' lang='lat' dir='ltr'>tiae</span> <span class='ocrx_word' id='word_1_6' title='bbox 331 501 380 575; x_wconf 93' lang='lat' dir='ltr'>ad</span> <span class='ocrx_word' id='word_1_7' title='bbox 409 504 680 599; x_wconf 85' lang='lat' dir='ltr'>Acolythorum</span> <span class='ocrx_word' id='word_1_8' title='bbox 709 505 918 600; x_wconf 83' lang='lat' dir='ltr'>respective</span> <span class='ocrx_word' id='word_1_9' title='bbox 947 503 1066 580; x_wconf 87' lang='lat' dir='ltr'>officia</span> <span class='ocrx_word' id='word_1_10' title='bbox 1094 505 1130 578; x_wconf 96' lang='lat' dir='ltr'>in</span> <span class='ocrx_word' id='word_1_11' title='bbox 1152 503 1336 602; x_wconf 90' lang='lat' dir='ltr'>Cappella</span> <span class='ocrx_word' id='word_1_12' title='bbox 1361 506 1520 603; x_wconf 88' lang='lat' dir='ltr'>aliisque</span> <span class='ocrx_word' id='word_1_13' title='bbox 1541 506 1727 592; x_wconf 84' lang='lat' dir='ltr'>Ecclesiis,</span> 
     </span>
     <span class='ocr_line' id='line_1_3' title="bbox 229 628 1729 729; baseline 0.002 -29"><span class='ocrx_word' id='word_1_14' title='bbox 229 653 274 701; x_wconf 90' lang='lat' dir='ltr'>ac</span> <span class='ocrx_word' id='word_1_15' title='bbox 302 629 614 725; x_wconf 85' lang='lat' dir='ltr'><strong>processionibus,</strong></span> <span class='ocrx_word' id='word_1_16' title='bbox 646 631 880 727; x_wconf 89' lang='lat' dir='ltr'>caeterisque</span> <span class='ocrx_word' id='word_1_17' title='bbox 908 630 1063 716; x_wconf 88' lang='lat' dir='ltr'>actibus,</span> <span class='ocrx_word' id='word_1_18' title='bbox 1095 646 1134 702; x_wconf 91' lang='lat' dir='ltr'>et</span> <span class='ocrx_word' id='word_1_19' title='bbox 1161 628 1410 704; x_wconf 78' lang='lat' dir='ltr'>functionibus</span> <span class='ocrx_word' id='word_1_20' title='bbox 1437 631 1616 729; x_wconf 86' lang='lat' dir='ltr'>praelatis</span> <span class='ocrx_word' id='word_1_21' title='bbox 1648 657 1729 704; x_wconf 95' lang='lat' dir='ltr'>cum</span> 
     </span>
     <span class='ocr_line' id='line_1_4' title="bbox 228 752 1569 852; baseline 0.001 -25"><span class='ocrx_word' id='word_1_22' title='bbox 228 752 484 850; x_wconf 85' lang='lat' dir='ltr'>assignatione</span> <span class='ocrx_word' id='word_1_23' title='bbox 512 753 580 828; x_wconf 91' lang='lat' dir='ltr'>loci</span> <span class='ocrx_word' id='word_1_24' title='bbox 609 754 776 852; x_wconf 88' lang='lat' dir='ltr'>congrui,</span> <span class='ocrx_word' id='word_1_25' title='bbox 806 767 849 827; x_wconf 91' lang='lat' dir='ltr'>ut</span> <span class='ocrx_word' id='word_1_26' title='bbox 877 755 991 828; x_wconf 89' lang='lat' dir='ltr'>moris</span> <span class='ocrx_word' id='word_1_27' title='bbox 1019 770 1089 840; x_wconf 87' lang='lat' dir='ltr'>est,</span> <span class='ocrx_word' id='word_1_28' title='bbox 1119 753 1331 828; x_wconf 87' lang='lat' dir='ltr'>exercenda</span> <span class='ocrx_word' id='word_1_29' title='bbox 1358 755 1569 842; x_wconf 85' lang='lat' dir='ltr'>admittant,</span> 
     </span>
    </p>

    <p class='ocr_par' dir='ltr' id='par_1_3' title="bbox 186 877 1731 3593">
     <span class='ocr_line' id='line_1_5' title="bbox 308 877 1730 976; baseline 0 -26"><span class='ocrx_word' id='word_1_30' title='bbox 308 903 353 951; x_wconf 92' lang='lat' dir='ltr'>ac</span> <span class='ocrx_word' id='word_1_31' title='bbox 381 877 627 952; x_wconf 85' lang='lat' dir='ltr'>decernentes</span> <span class='ocrx_word' id='word_1_32' title='bbox 656 879 811 952; x_wconf 88' lang='lat' dir='ltr'>easdem</span> <span class='ocrx_word' id='word_1_33' title='bbox 840 894 1061 976; x_wconf 87' lang='lat' dir='ltr'>praesentes</span> <span class='ocrx_word' id='word_1_34' title='bbox 1080 879 1226 953; x_wconf 86' lang='lat' dir='ltr'>litteras</span> <span class='ocrx_word' id='word_1_35' title='bbox 1254 880 1365 954; x_wconf 88' lang='lat' dir='ltr'>etiam</span> <span class='ocrx_word' id='word_1_36' title='bbox 1386 906 1433 954; x_wconf 93' lang='lat' dir='ltr'>ex</span> <span class='ocrx_word' id='word_1_37' title='bbox 1460 905 1508 954; x_wconf 91' lang='lat' dir='ltr'>eo</span> <span class='ocrx_word' id='word_1_38' title='bbox 1526 880 1631 976; x_wconf 94' lang='lat' dir='ltr'>quod</span> <span class='ocrx_word' id='word_1_39' title='bbox 1649 879 1730 976; x_wconf 92' lang='lat' dir='ltr'>qui-</span> 
     </span>
     <span class='ocr_line' id='line_1_6' title="bbox 230 1003 1731 1100; baseline 0 -24"><span class='ocrx_word' id='word_1_40' title='bbox 230 1027 390 1098; x_wconf 85' lang='lat' dir='ltr'>cumque</span> <span class='ocrx_word' id='word_1_41' title='bbox 408 1003 522 1076; x_wconf 90' lang='lat' dir='ltr'>etiam</span> <span class='ocrx_word' id='word_1_42' title='bbox 542 1003 695 1100; x_wconf 90' lang='lat' dir='ltr'>speciali</span> <span class='ocrx_word' id='word_1_43' title='bbox 714 1003 956 1099; x_wconf 88' lang='lat' dir='ltr'>expressione</span> <span class='ocrx_word' id='word_1_44' title='bbox 976 1003 1077 1100; x_wconf 85' lang='lat' dir='ltr'>digni</span> <span class='ocrx_word' id='word_1_45' title='bbox 1097 1005 1132 1076; x_wconf 92' lang='lat' dir='ltr'>in</span> <span class='ocrx_word' id='word_1_46' title='bbox 1157 1003 1375 1100; x_wconf 88' lang='lat' dir='ltr'>praemissis</span> <span class='ocrx_word' id='word_1_47' title='bbox 1393 1005 1577 1078; x_wconf 89' lang='lat' dir='ltr'>interesse</span> <span class='ocrx_word' id='word_1_48' title='bbox 1598 1004 1731 1078; x_wconf 89' lang='lat' dir='ltr'>haben-</span> 
     </span>
     <span class='ocr_line' id='line_1_7' title="bbox 229 1127 1726 1224; baseline 0 -23"><span class='ocrx_word' id='word_1_49' title='bbox 229 1143 300 1214; x_wconf 89' lang='lat' dir='ltr'>tes,</span> <span class='ocrx_word' id='word_1_50' title='bbox 331 1153 398 1200; x_wconf 90' lang='lat' dir='ltr'>seu</span> <span class='ocrx_word' id='word_1_51' title='bbox 427 1127 567 1202; x_wconf 88' lang='lat' dir='ltr'>habere</span> <span class='ocrx_word' id='word_1_52' title='bbox 597 1127 880 1224; x_wconf 89' lang='lat' dir='ltr'>quomodolibet</span> <span class='ocrx_word' id='word_1_53' title='bbox 909 1128 1202 1224; x_wconf 89' lang='lat' dir='ltr'>praetendentes</span> <span class='ocrx_word' id='word_1_54' title='bbox 1230 1130 1279 1202; x_wconf 91' lang='lat' dir='ltr'>ad</span> <span class='ocrx_word' id='word_1_55' title='bbox 1308 1153 1353 1202; x_wconf 88' lang='lat' dir='ltr'>ea</span> <span class='ocrx_word' id='word_1_56' title='bbox 1380 1129 1513 1216; x_wconf 90' lang='lat' dir='ltr'>vocati,</span> <span class='ocrx_word' id='word_1_57' title='bbox 1535 1145 1575 1203; x_wconf 90' lang='lat' dir='ltr'>et</span> <span class='ocrx_word' id='word_1_58' title='bbox 1602 1129 1726 1213; x_wconf 91' lang='lat' dir='ltr'>auditi,</span> 
     </span>
     <span class='ocr_line' id='line_1_8' title="bbox 230 1254 1729 1350; baseline -0.003 -20"><span class='ocrx_word' id='word_1_59' title='bbox 230 1279 296 1330; x_wconf 89' lang='lat' dir='ltr'>seu</span> <span class='ocrx_word' id='word_1_60' title='bbox 326 1277 461 1326; x_wconf 89' lang='lat' dir='ltr'>causae</span> <span class='ocrx_word' id='word_1_61' title='bbox 490 1269 646 1349; x_wconf 84' lang='lat' dir='ltr'>propter</span> <span class='ocrx_word' id='word_1_62' title='bbox 674 1277 770 1349; x_wconf 90' lang='lat' dir='ltr'>quas</span> <span class='ocrx_word' id='word_1_63' title='bbox 799 1254 904 1349; x_wconf 88' lang='lat' dir='ltr'>ipsae</span> <span class='ocrx_word' id='word_1_64' title='bbox 923 1269 1144 1350; x_wconf 86' lang='lat' dir='ltr'>praesentes</span> <span class='ocrx_word' id='word_1_65' title='bbox 1172 1269 1396 1328; x_wconf 89' lang='lat' dir='ltr'>emanarunt</span> <span class='ocrx_word' id='word_1_66' title='bbox 1422 1255 1620 1339; x_wconf 84' lang='lat' dir='ltr'>adductae,</span> <span class='ocrx_word' id='word_1_67' title='bbox 1641 1254 1729 1326; x_wconf 89' lang='lat' dir='ltr'>veri·</span> 
     </span>
     <span class='ocr_line' id='line_1_9' title="bbox 230 1376 1726 1477; baseline 0.002 -28"><span class='ocrx_word' id='word_1_68' title='bbox 230 1376 372 1464; x_wconf 75' lang='lat' dir='ltr'>beatae,</span> <span class='ocrx_word' id='word_1_69' title='bbox 403 1393 470 1450; x_wconf 89' lang='lat' dir='ltr'>aut</span> <span class='ocrx_word' id='word_1_70' title='bbox 506 1377 724 1452; x_wconf 89' lang='lat' dir='ltr'>iustificatae</span> <span class='ocrx_word' id='word_1_71' title='bbox 758 1401 831 1452; x_wconf 89' lang='lat' dir='ltr'>non</span> <span class='ocrx_word' id='word_1_72' title='bbox 869 1376 1015 1465; x_wconf 86' lang='lat' dir='ltr'>luerint,</span> <span class='ocrx_word' id='word_1_73' title='bbox 1048 1393 1114 1452; x_wconf 88' lang='lat' dir='ltr'>aut</span> <span class='ocrx_word' id='word_1_74' title='bbox 1148 1403 1196 1452; x_wconf 89' lang='lat' dir='ltr'>ex</span> <span class='ocrx_word' id='word_1_75' title='bbox 1229 1377 1302 1453; x_wconf 87' lang='lat' dir='ltr'>alia</span> <span class='ocrx_word' id='word_1_76' title='bbox 1330 1402 1567 1477; x_wconf 88' lang='lat' dir='ltr'>quacumque</span> <span class='ocrx_word' id='word_1_77' title='bbox 1605 1403 1726 1464; x_wconf 86' lang='lat' dir='ltr'>causa,</span> 
     </span>
     <span class='ocr_line' id='line_1_10' title="bbox 229 1501 1726 1597; baseline -0.001 -21"><span class='ocrx_word' id='word_1_78' title='bbox 229 1503 364 1584; x_wconf 85' lang='lat' dir='ltr'>colore.</span> <span class='ocrx_word' id='word_1_79' title='bbox 383 1518 581 1596; x_wconf 89' lang='lat' dir='ltr'>praetextu</span> <span class='ocrx_word' id='word_1_80' title='bbox 601 1519 641 1576; x_wconf 89' lang='lat' dir='ltr'>et</span> <span class='ocrx_word' id='word_1_81' title='bbox 659 1501 782 1597; x_wconf 90' lang='lat' dir='ltr'>capite</span> <span class='ocrx_word' id='word_1_82' title='bbox 801 1503 914 1576; x_wconf 89' lang='lat' dir='ltr'>etiam</span> <span class='ocrx_word' id='word_1_83' title='bbox 934 1503 969 1574; x_wconf 94' lang='lat' dir='ltr'>in</span> <span class='ocrx_word' id='word_1_84' title='bbox 985 1526 1143 1596; x_wconf 89' lang='lat' dir='ltr'>corpore</span> <span class='ocrx_word' id='word_1_85' title='bbox 1157 1503 1246 1577; x_wconf 92' lang='lat' dir='ltr'>iuris</span> <span class='ocrx_word' id='word_1_86' title='bbox 1265 1501 1405 1592; x_wconf 88' lang='lat' dir='ltr'>clauso,</span> <span class='ocrx_word' id='word_1_87' title='bbox 1421 1503 1534 1578; x_wconf 89' lang='lat' dir='ltr'>etiam</span> <span class='ocrx_word' id='word_1_88' title='bbox 1555 1504 1726 1589; x_wconf 87' lang='lat' dir='ltr'>enormis,</span> 
     </span>
     <span class='ocr_line' id='line_1_11' title="bbox 230 1625 1729 1725; baseline 0 -25"><span class='ocrx_word' id='word_1_89' title='bbox 230 1628 510 1700; x_wconf 87' lang='lat' dir='ltr'>enormissimae</span> <span class='ocrx_word' id='word_1_90' title='bbox 538 1641 579 1700; x_wconf 89' lang='lat' dir='ltr'>et</span> <span class='ocrx_word' id='word_1_91' title='bbox 605 1625 731 1701; x_wconf 86' lang='lat' dir='ltr'>totalis</span> <span class='ocrx_word' id='word_1_92' title='bbox 766 1627 953 1712; x_wconf 88' lang='lat' dir='ltr'>laesionis,</span> <span class='ocrx_word' id='word_1_93' title='bbox 985 1626 1085 1701; x_wconf 92' lang='lat' dir='ltr'>nullo</span> <span class='ocrx_word' id='word_1_94' title='bbox 1119 1653 1284 1725; x_wconf 92' lang='lat' dir='ltr'>unquam</span> <span class='ocrx_word' id='word_1_95' title='bbox 1317 1643 1489 1724; x_wconf 86' lang='lat' dir='ltr'>tempore</span> <span class='ocrx_word' id='word_1_96' title='bbox 1524 1630 1574 1702; x_wconf 87' lang='lat' dir='ltr'>de</span> <span class='ocrx_word' id='word_1_97' title='bbox 1606 1629 1729 1702; x_wconf 89' lang='lat' dir='ltr'>subre-</span> 
     </span>
     <span class='ocr_line' id='line_1_12' title="bbox 229 1749 1729 1847; baseline 0 -23"><span class='ocrx_word' id='word_1_98' title='bbox 229 1751 378 1847; x_wconf 91' lang='lat' dir='ltr'>ptionis,</span> <span class='ocrx_word' id='word_1_99' title='bbox 399 1749 458 1824; x_wconf 85' lang='lat' dir='ltr'>vel</span> <span class='ocrx_word' id='word_1_100' title='bbox 476 1751 718 1846; x_wconf 89' lang='lat' dir='ltr'>obreptionis,</span> <span class='ocrx_word' id='word_1_101' title='bbox 740 1768 807 1825; x_wconf 90' lang='lat' dir='ltr'>aut</span> <span class='ocrx_word' id='word_1_102' title='bbox 835 1749 1013 1826; x_wconf 90' lang='lat' dir='ltr'>nullitatis</span> <span class='ocrx_word' id='word_1_103' title='bbox 1040 1753 1142 1837; x_wconf 92' lang='lat' dir='ltr'>vitio,</span> <span class='ocrx_word' id='word_1_104' title='bbox 1169 1779 1236 1826; x_wconf 92' lang='lat' dir='ltr'>seu</span> <span class='ocrx_word' id='word_1_105' title='bbox 1266 1753 1480 1827; x_wconf 87' lang='lat' dir='ltr'>intentionis</span> <span class='ocrx_word' id='word_1_106' title='bbox 1508 1768 1672 1835; x_wconf 89' lang='lat' dir='ltr'>nostrae,</span> <span class='ocrx_word' id='word_1_107' title='bbox 1691 1766 1729 1825; x_wconf 90' lang='lat' dir='ltr'>et</span> 
     </span>
     <span class='ocr_line' id='line_1_13' title="bbox 230 1874 1725 1976; baseline 0.001 -28"><span class='ocrx_word' id='word_1_108' title='bbox 230 1877 414 1950; x_wconf 88' lang='lat' dir='ltr'>interesse</span> <span class='ocrx_word' id='word_1_109' title='bbox 434 1874 665 1972; x_wconf 39' lang='lat' dir='ltr'>,habentium</span> <span class='ocrx_word' id='word_1_110' title='bbox 695 1900 913 1964; x_wconf 87' lang='lat' dir='ltr'>consensus,</span> <span class='ocrx_word' id='word_1_111' title='bbox 943 1892 983 1951; x_wconf 91' lang='lat' dir='ltr'>et</span> <span class='ocrx_word' id='word_1_112' title='bbox 1009 1877 1083 1951; x_wconf 88' lang='lat' dir='ltr'>alio</span> <span class='ocrx_word' id='word_1_113' title='bbox 1115 1877 1284 1973; x_wconf 92' lang='lat' dir='ltr'>quolibet</span> <span class='ocrx_word' id='word_1_114' title='bbox 1309 1879 1551 1974; x_wconf 89' lang='lat' dir='ltr'>quantumvis</span> <span class='ocrx_word' id='word_1_115' title='bbox 1579 1901 1725 1976; x_wconf 90' lang='lat' dir='ltr'>magno,</span> 
     </span>
     <span class='ocr_line' id='line_1_14' title="bbox 231 1997 1728 2100; baseline 0.001 -28"><span class='ocrx_word' id='word_1_116' title='bbox 231 1997 476 2086; x_wconf 72' lang='lat' dir='ltr'>substantiali,</span> <span class='ocrx_word' id='word_1_117' title='bbox 507 2016 547 2073; x_wconf 89' lang='lat' dir='ltr'>et</span> <span class='ocrx_word' id='word_1_118' title='bbox 574 1999 849 2098; x_wconf 84' lang='lat' dir='ltr'>inexcogitabili</span> <span class='ocrx_word' id='word_1_119' title='bbox 878 2001 1026 2075; x_wconf 86' lang='lat' dir='ltr'>delectu</span> <span class='ocrx_word' id='word_1_120' title='bbox 1056 2003 1189 2087; x_wconf 89' lang='lat' dir='ltr'>notari,</span> <span class='ocrx_word' id='word_1_121' title='bbox 1218 2001 1441 2100; x_wconf 89' lang='lat' dir='ltr'>impugnari,</span> <span class='ocrx_word' id='word_1_122' title='bbox 1463 2000 1665 2089; x_wconf 89' lang='lat' dir='ltr'>invalidari,</span> <span class='ocrx_word' id='word_1_123' title='bbox 1695 2003 1728 2074; x_wconf 92' lang='lat' dir='ltr'>in</span> 
     </span>
     <span class='ocr_line' id='line_1_15' title="bbox 230 2124 1729 2214; baseline -0.001 -15"><span class='ocrx_word' id='word_1_124' title='bbox 230 2127 524 2199; x_wconf 89' lang='lat' dir='ltr'>controversiam</span> <span class='ocrx_word' id='word_1_125' title='bbox 553 2124 732 2209; x_wconf 88' lang='lat' dir='ltr'>revocari,</span> <span class='ocrx_word' id='word_1_126' title='bbox 761 2125 810 2198; x_wconf 92' lang='lat' dir='ltr'>ad</span> <span class='ocrx_word' id='word_1_127' title='bbox 838 2127 1019 2200; x_wconf 90' lang='lat' dir='ltr'>terminos</span> <span class='ocrx_word' id='word_1_128' title='bbox 1047 2126 1136 2200; x_wconf 90' lang='lat' dir='ltr'>iuris</span> <span class='ocrx_word' id='word_1_129' title='bbox 1164 2127 1301 2214; x_wconf 90' lang='lat' dir='ltr'>reduci,</span> <span class='ocrx_word' id='word_1_130' title='bbox 1331 2143 1397 2202; x_wconf 90' lang='lat' dir='ltr'>aut</span> <span class='ocrx_word' id='word_1_131' title='bbox 1428 2125 1613 2201; x_wconf 90' lang='lat' dir='ltr'>adversus</span> <span class='ocrx_word' id='word_1_132' title='bbox 1650 2124 1729 2200; x_wconf 91' lang='lat' dir='ltr'>illas</span> 
     </span>
     <span class='ocr_line' id='line_1_16' title="bbox 227 2249 1728 2349; baseline 0 -27"><span class='ocrx_word' id='word_1_133' title='bbox 227 2249 442 2344; x_wconf 90' lang='lat' dir='ltr'>aperitionis</span> <span class='ocrx_word' id='word_1_134' title='bbox 470 2251 558 2338; x_wconf 86' lang='lat' dir='ltr'>oris,</span> <span class='ocrx_word' id='word_1_135' title='bbox 589 2251 834 2325; x_wconf 90' lang='lat' dir='ltr'>restitutionis</span> <span class='ocrx_word' id='word_1_136' title='bbox 861 2253 898 2324; x_wconf 90' lang='lat' dir='ltr'>in</span> <span class='ocrx_word' id='word_1_137' title='bbox 926 2250 1113 2349; x_wconf 87' lang='lat' dir='ltr'>integrum</span> <span class='ocrx_word' id='word_1_138' title='bbox 1141 2251 1201 2326; x_wconf 91' lang='lat' dir='ltr'>vel</span> <span class='ocrx_word' id='word_1_139' title='bbox 1229 2252 1329 2326; x_wconf 90' lang='lat' dir='ltr'>aliud</span> <span class='ocrx_word' id='word_1_140' title='bbox 1357 2253 1624 2348; x_wconf 88' lang='lat' dir='ltr'>quodcumque</span> <span class='ocrx_word' id='word_1_141' title='bbox 1644 2250 1728 2324; x_wconf 90' lang='lat' dir='ltr'>iuris</span> 
     </span>
     <span class='ocr_line' id='line_1_17' title="bbox 230 2372 1727 2472; baseline 0.001 -27"><span class='ocrx_word' id='word_1_142' title='bbox 230 2373 325 2457; x_wconf 87' lang='lat' dir='ltr'>lacti,</span> <span class='ocrx_word' id='word_1_143' title='bbox 347 2373 405 2448; x_wconf 85' lang='lat' dir='ltr'>vel</span> <span class='ocrx_word' id='word_1_144' title='bbox 424 2375 569 2471; x_wconf 87' lang='lat' dir='ltr'>gratiae</span> <span class='ocrx_word' id='word_1_145' title='bbox 598 2372 803 2449; x_wconf 89' lang='lat' dir='ltr'>remedium</span> <span class='ocrx_word' id='word_1_146' title='bbox 833 2377 1021 2472; x_wconf 88' lang='lat' dir='ltr'>impetrari</span> <span class='ocrx_word' id='word_1_147' title='bbox 1050 2393 1116 2449; x_wconf 91' lang='lat' dir='ltr'>aut</span> <span class='ocrx_word' id='word_1_148' title='bbox 1142 2377 1255 2450; x_wconf 89' lang='lat' dir='ltr'>etiam</span> <span class='ocrx_word' id='word_1_149' title='bbox 1285 2391 1387 2450; x_wconf 91' lang='lat' dir='ltr'>motu</span> <span class='ocrx_word' id='word_1_150' title='bbox 1416 2374 1523 2450; x_wconf 92' lang='lat' dir='ltr'>simili</span> <span class='ocrx_word' id='word_1_151' title='bbox 1550 2399 1727 2450; x_wconf 88' lang='lat' dir='ltr'>concesso</span> 
     </span>
     <span class='ocr_line' id='line_1_18' title="bbox 230 2499 1727 2598; baseline 0 -27"><span class='ocrx_word' id='word_1_152' title='bbox 230 2499 445 2595; x_wconf 88' lang='lat' dir='ltr'>quempiam</span> <span class='ocrx_word' id='word_1_153' title='bbox 465 2500 500 2571; x_wconf 93' lang='lat' dir='ltr'>in</span> <span class='ocrx_word' id='word_1_154' title='bbox 530 2501 674 2582; x_wconf 88' lang='lat' dir='ltr'>iudicio,</span> <span class='ocrx_word' id='word_1_155' title='bbox 704 2501 763 2574; x_wconf 91' lang='lat' dir='ltr'>vel</span> <span class='ocrx_word' id='word_1_156' title='bbox 792 2517 898 2574; x_wconf 90' lang='lat' dir='ltr'>extra</span> <span class='ocrx_word' id='word_1_157' title='bbox 926 2499 1015 2574; x_wconf 90' lang='lat' dir='ltr'>illud</span> <span class='ocrx_word' id='word_1_158' title='bbox 1043 2501 1106 2586; x_wconf 87' lang='lat' dir='ltr'>uti,</span> <span class='ocrx_word' id='word_1_159' title='bbox 1139 2525 1206 2575; x_wconf 91' lang='lat' dir='ltr'>seu</span> <span class='ocrx_word' id='word_1_160' title='bbox 1235 2527 1277 2574; x_wconf 89' lang='lat' dir='ltr'>se</span> <span class='ocrx_word' id='word_1_161' title='bbox 1304 2501 1431 2575; x_wconf 91' lang='lat' dir='ltr'>iuvare</span> <span class='ocrx_word' id='word_1_162' title='bbox 1459 2525 1584 2598; x_wconf 90' lang='lat' dir='ltr'>posse,</span> <span class='ocrx_word' id='word_1_163' title='bbox 1607 2525 1727 2596; x_wconf 90' lang='lat' dir='ltr'>neque</span> 
     </span>
     <span class='ocr_line' id='line_1_19' title="bbox 196 2606 1727 2724; baseline 0 -28"><span class='ocrx_word' id='word_1_164' title='bbox 196 2606 199 2631; x_wconf 68' lang='lat'>⁸</span> <span class='ocrx_word' id='word_1_165' title='bbox 230 2623 383 2696; x_wconf 90' lang='lat' dir='ltr'>easdem</span> <span class='ocrx_word' id='word_1_166' title='bbox 399 2642 621 2719; x_wconf 87' lang='lat' dir='ltr'>praesentes</span> <span class='ocrx_word' id='word_1_167' title='bbox 640 2627 711 2698; x_wconf 93' lang='lat' dir='ltr'>sub</span> <span class='ocrx_word' id='word_1_168' title='bbox 725 2624 918 2721; x_wconf 87' lang='lat' dir='ltr'>quibusvis</span> <span class='ocrx_word' id='word_1_169' title='bbox 938 2623 1121 2711; x_wconf 90' lang='lat' dir='ltr'>similium,</span> <span class='ocrx_word' id='word_1_170' title='bbox 1141 2623 1199 2700; x_wconf 90' lang='lat' dir='ltr'>vel</span> <span class='ocrx_word' id='word_1_171' title='bbox 1215 2626 1445 2700; x_wconf 89' lang='lat' dir='ltr'>dissimilium</span> <span class='ocrx_word' id='word_1_172' title='bbox 1460 2626 1677 2724; x_wconf 86' lang='lat' dir='ltr'>gratiarum,</span> <span class='ocrx_word' id='word_1_173' title='bbox 1692 2639 1727 2698; x_wconf 88' lang='lat' dir='ltr'>et</span> 
     </span>
     <span class='ocr_line' id='line_1_20' title="bbox 230 2747 1726 2854; baseline 0.003 -36"><span class='ocrx_word' id='word_1_174' title='bbox 230 2747 490 2822; x_wconf 89' lang='lat' dir='ltr'>voluntantum</span> <span class='ocrx_word' id='word_1_175' title='bbox 519 2749 818 2823; x_wconf 91' lang='lat' dir='ltr'>revocationibus</span> <span class='ocrx_word' id='word_1_176' title='bbox 846 2751 1121 2846; x_wconf 87' lang='lat' dir='ltr'>comprehendi,</span> <span class='ocrx_word' id='word_1_177' title='bbox 1149 2767 1215 2854; x_wconf 89' lang='lat' dir='ltr'>aut</span> <span class='ocrx_word' id='word_1_178' title='bbox 1243 2750 1559 2847; x_wconf 87' lang='lat' dir='ltr'>compraehensas</span> <span class='ocrx_word' id='word_1_179' title='bbox 1587 2748 1726 2823; x_wconf 87' lang='lat' dir='ltr'>censeri</span> 
     </span>
     <span class='ocr_line' id='line_1_21' title="bbox 229 2870 1726 2972; baseline 0.001 -27"><span class='ocrx_word' id='word_1_180' title='bbox 229 2872 297 2946; x_wconf 90' lang='lat' dir='ltr'>sed</span> <span class='ocrx_word' id='word_1_181' title='bbox 325 2872 374 2946; x_wconf 92' lang='lat' dir='ltr'>ab</span> <span class='ocrx_word' id='word_1_182' title='bbox 401 2870 471 2945; x_wconf 94' lang='lat' dir='ltr'>illis</span> <span class='ocrx_word' id='word_1_183' title='bbox 499 2897 651 2968; x_wconf 91' lang='lat' dir='ltr'>semper</span> <span class='ocrx_word' id='word_1_184' title='bbox 677 2887 869 2970; x_wconf 89' lang='lat' dir='ltr'>exceptas,</span> <span class='ocrx_word' id='word_1_185' title='bbox 899 2891 939 2947; x_wconf 90' lang='lat' dir='ltr'>et</span> <span class='ocrx_word' id='word_1_186' title='bbox 974 2877 1125 2972; x_wconf 91' lang='lat' dir='ltr'>quoties</span> <span class='ocrx_word' id='word_1_187' title='bbox 1160 2874 1244 2948; x_wconf 88' lang='lat' dir='ltr'>illae</span> <span class='ocrx_word' id='word_1_188' title='bbox 1275 2877 1513 2961; x_wconf 89' lang='lat' dir='ltr'>emanabunt,</span> <span class='ocrx_word' id='word_1_189' title='bbox 1543 2875 1659 2948; x_wconf 91' lang='lat' dir='ltr'>toties</span> <span class='ocrx_word' id='word_1_190' title='bbox 1692 2876 1726 2947; x_wconf 88' lang='lat' dir='ltr'>iu</span> 
     </span>
     <span class='ocr_line' id='line_1_22' title="bbox 229 2996 1725 3096; baseline 0 -27"><span class='ocrx_word' id='word_1_191' title='bbox 229 2997 424 3094; x_wconf 90' lang='lat' dir='ltr'>pristinum</span> <span class='ocrx_word' id='word_1_192' title='bbox 463 3011 502 3070; x_wconf 93' lang='lat' dir='ltr'>et</span> <span class='ocrx_word' id='word_1_193' title='bbox 535 2996 804 3071; x_wconf 89' lang='lat' dir='ltr'>validissimum</span> <span class='ocrx_word' id='word_1_194' title='bbox 841 3012 980 3072; x_wconf 91' lang='lat' dir='ltr'>statum</span> <span class='ocrx_word' id='word_1_195' title='bbox 1017 2999 1221 3085; x_wconf 89' lang='lat' dir='ltr'>restitutas,</span> <span class='ocrx_word' id='word_1_196' title='bbox 1261 3000 1447 3096; x_wconf 88' lang='lat' dir='ltr'>repositas</span> <span class='ocrx_word' id='word_1_197' title='bbox 1487 3015 1527 3072; x_wconf 91' lang='lat' dir='ltr'>et</span> <span class='ocrx_word' id='word_1_198' title='bbox 1562 2997 1725 3096; x_wconf 90' lang='lat' dir='ltr'>plenarie</span> 
     </span>
     <span class='ocr_line' id='line_1_23' title="bbox 230 3122 1725 3222; baseline 0 -26"><span class='ocrx_word' id='word_1_199' title='bbox 230 3123 490 3219; x_wconf 87' lang='lat' dir='ltr'>reintegratas,</span> <span class='ocrx_word' id='word_1_200' title='bbox 512 3146 557 3195; x_wconf 92' lang='lat' dir='ltr'>ac</span> <span class='ocrx_word' id='word_1_201' title='bbox 584 3122 696 3195; x_wconf 89' lang='lat' dir='ltr'>etiam</span> <span class='ocrx_word' id='word_1_202' title='bbox 725 3123 796 3196; x_wconf 90' lang='lat' dir='ltr'>sub</span> <span class='ocrx_word' id='word_1_203' title='bbox 823 3123 1022 3219; x_wconf 87' lang='lat' dir='ltr'>posteriori</span> <span class='ocrx_word' id='word_1_204' title='bbox 1050 3123 1152 3210; x_wconf 88' lang='lat' dir='ltr'>data,</span> <span class='ocrx_word' id='word_1_205' title='bbox 1173 3149 1242 3222; x_wconf 89' lang='lat' dir='ltr'>per</span> <span class='ocrx_word' id='word_1_206' title='bbox 1259 3147 1326 3198; x_wconf 89' lang='lat' dir='ltr'>eos</span> <span class='ocrx_word' id='word_1_207' title='bbox 1355 3125 1403 3198; x_wconf 89' lang='lat' dir='ltr'>ad</span> <span class='ocrx_word' id='word_1_208' title='bbox 1431 3148 1529 3221; x_wconf 90' lang='lat' dir='ltr'>quos</span> <span class='ocrx_word' id='word_1_209' title='bbox 1548 3148 1619 3220; x_wconf 94' lang='lat' dir='ltr'>pro</span> <span class='ocrx_word' id='word_1_210' title='bbox 1638 3139 1725 3196; x_wconf 88' lang='lat' dir='ltr'>tem·</span> 
     </span>
     <span class='ocr_line' id='line_1_24' title="bbox 229 3246 1723 3344; baseline 0.001 -24"><span class='ocrx_word' id='word_1_211' title='bbox 229 3270 322 3343; x_wconf 90' lang='lat' dir='ltr'>pore</span> <span class='ocrx_word' id='word_1_212' title='bbox 365 3246 560 3341; x_wconf 87' lang='lat' dir='ltr'>spectabit,</span> <span class='ocrx_word' id='word_1_213' title='bbox 599 3249 807 3344; x_wconf 87' lang='lat' dir='ltr'>respective</span> <span class='ocrx_word' id='word_1_214' title='bbox 840 3247 1022 3344; x_wconf 89' lang='lat' dir='ltr'>eligenda,</span> <span class='ocrx_word' id='word_1_215' title='bbox 1060 3249 1108 3322; x_wconf 90' lang='lat' dir='ltr'>de</span> <span class='ocrx_word' id='word_1_216' title='bbox 1141 3272 1240 3325; x_wconf 90' lang='lat' dir='ltr'>novo</span> <span class='ocrx_word' id='word_1_217' title='bbox 1275 3273 1476 3323; x_wconf 89' lang='lat' dir='ltr'>concessas</span> <span class='ocrx_word' id='word_1_218' title='bbox 1513 3247 1723 3344; x_wconf 85' lang='lat' dir='ltr'>firmasque,</span> 
     </span>
     <span class='ocr_line' id='line_1_25' title="bbox 186 3368 1725 3470; baseline 0.003 -28"><span class='ocrx_word' id='word_1_219' title='bbox 186 3387 188 3394; x_wconf 86' lang='lat'>&#39;</span> <span class='ocrx_word' id='word_1_220' title='bbox 228 3368 371 3444; x_wconf 89' lang='lat' dir='ltr'>validas</span> <span class='ocrx_word' id='word_1_221' title='bbox 409 3384 448 3444; x_wconf 93' lang='lat' dir='ltr'>et</span> <span class='ocrx_word' id='word_1_222' title='bbox 479 3369 650 3443; x_wconf 86' lang='lat' dir='ltr'>efficaces</span> <span class='ocrx_word' id='word_1_223' title='bbox 677 3388 864 3467; x_wconf 92' lang='lat' dir='ltr'>perpetuo</span> <span class='ocrx_word' id='word_1_224' title='bbox 891 3373 1053 3448; x_wconf 84' lang='lat' dir='ltr'>existere</span> <span class='ocrx_word' id='word_1_225' title='bbox 1090 3390 1130 3446; x_wconf 90' lang='lat' dir='ltr'>et</span> <span class='ocrx_word' id='word_1_226' title='bbox 1157 3373 1246 3456; x_wconf 83' lang='lat' dir='ltr'>lore,</span> <span class='ocrx_word' id='word_1_227' title='bbox 1278 3397 1446 3469; x_wconf 89' lang='lat' dir='ltr'>suosque</span> <span class='ocrx_word' id='word_1_228' title='bbox 1472 3371 1662 3470; x_wconf 88' lang='lat' dir='ltr'>plenarios</span> <span class='ocrx_word' id='word_1_229' title='bbox 1688 3387 1725 3446; x_wconf 89' lang='lat' dir='ltr'>et</span> 
     </span>
     <span class='ocr_line' id='line_1_26' title="bbox 227 3493 1006 3593; baseline 0.006 -25"><span class='ocrx_word' id='word_1_230' title='bbox 227 3495 396 3593; x_wconf 89' lang='lat' dir='ltr'>integros</span> <span class='ocrx_word' id='word_1_231' title='bbox 425 3493 579 3568; x_wconf 81' lang='lat' dir='ltr'>effectus</span> <span class='ocrx_word' id='word_1_232' title='bbox 609 3495 733 3568; x_wconf 87' lang='lat' dir='ltr'>sortiri</span> <span class='ocrx_word' id='word_1_233' title='bbox 760 3512 799 3570; x_wconf 90' lang='lat' dir='ltr'>et</span> <span class='ocrx_word' id='word_1_234' title='bbox 827 3498 1006 3574; x_wconf 89' lang='lat' dir='ltr'>obtinere.</span> 
     </span>
    </p>

    <p class='ocr_par' dir='ltr' id='par_1_4' title="bbox 215 3620 1726 4469">
     <span class='ocr_line' id='line_1_27' title="bbox 310 3620 1725 3720; baseline 0 -26"><span class='ocrx_word' id='word_1_235' title='bbox 310 3620 457 3716; x_wconf 89' lang='lat' dir='ltr'>Sicque,</span> <span class='ocrx_word' id='word_1_236' title='bbox 484 3635 522 3692; x_wconf 89' lang='lat' dir='ltr'>et</span> <span class='ocrx_word' id='word_1_237' title='bbox 542 3644 616 3694; x_wconf 91' lang='lat' dir='ltr'>non</span> <span class='ocrx_word' id='word_1_238' title='bbox 644 3620 750 3695; x_wconf 90' lang='lat' dir='ltr'>aliter</span> <span class='ocrx_word' id='word_1_239' title='bbox 769 3623 804 3694; x_wconf 90' lang='lat' dir='ltr'>in</span> <span class='ocrx_word' id='word_1_240' title='bbox 833 3625 1060 3718; x_wconf 88' lang='lat' dir='ltr'>praemissis,</span> <span class='ocrx_word' id='word_1_241' title='bbox 1081 3649 1152 3720; x_wconf 89' lang='lat' dir='ltr'>per</span> <span class='ocrx_word' id='word_1_242' title='bbox 1178 3647 1437 3720; x_wconf 88' lang='lat' dir='ltr'>quoscumque</span> <span class='ocrx_word' id='word_1_243' title='bbox 1465 3623 1610 3696; x_wconf 89' lang='lat' dir='ltr'>ludices</span> <span class='ocrx_word' id='word_1_244' title='bbox 1628 3623 1725 3696; x_wconf 93' lang='lat' dir='ltr'>ordi-</span> 
     </span>
     <span class='ocr_line' id='line_1_28' title="bbox 229 3745 1726 3843; baseline 0.001 -25"><span class='ocrx_word' id='word_1_245' title='bbox 229 3747 363 3830; x_wconf 89' lang='lat' dir='ltr'>narios,</span> <span class='ocrx_word' id='word_1_246' title='bbox 395 3761 435 3818; x_wconf 91' lang='lat' dir='ltr'>et</span> <span class='ocrx_word' id='word_1_247' title='bbox 461 3745 670 3843; x_wconf 91' lang='lat' dir='ltr'>delegatos,</span> <span class='ocrx_word' id='word_1_248' title='bbox 691 3746 802 3822; x_wconf 88' lang='lat' dir='ltr'>etiam</span> <span class='ocrx_word' id='word_1_249' title='bbox 823 3747 862 3821; x_wconf 89' lang='lat' dir='ltr'>S.</span> <span class='ocrx_word' id='word_1_250' title='bbox 886 3748 930 3823; x_wconf 88' lang='lat' dir='ltr'>R.</span> <span class='ocrx_word' id='word_1_251' title='bbox 953 3747 1145 3824; x_wconf 85' lang='lat' dir='ltr'>Ecclesiae</span> <span class='ocrx_word' id='word_1_252' title='bbox 1165 3747 1385 3823; x_wconf 88' lang='lat' dir='ltr'>Cardinales</span> <span class='ocrx_word' id='word_1_253' title='bbox 1403 3749 1515 3824; x_wconf 88' lang='lat' dir='ltr'>etiam</span> <span class='ocrx_word' id='word_1_254' title='bbox 1544 3749 1592 3821; x_wconf 94' lang='lat' dir='ltr'>de</span> <span class='ocrx_word' id='word_1_255' title='bbox 1611 3746 1726 3821; x_wconf 88' lang='lat' dir='ltr'>latere</span> 
     </span>
     <span class='ocr_line' id='line_1_29' title="bbox 215 3851 1723 3971; baseline 0.001 -28"><span class='ocrx_word' id='word_1_256' title='bbox 215 3868 407 3969; x_wconf 71' lang='lat' dir='ltr'>&#39;Legatos</span> <span class='ocrx_word' id='word_1_257' title='bbox 428 3884 468 3944; x_wconf 90' lang='lat' dir='ltr'>et</span> <span class='ocrx_word' id='word_1_258' title='bbox 495 3871 588 3944; x_wconf 89' lang='lat' dir='ltr'>alios</span> <span class='ocrx_word' id='word_1_259' title='bbox 616 3871 806 3968; x_wconf 89' lang='lat' dir='ltr'>quoslibet</span> <span class='ocrx_word' id='word_1_260' title='bbox 834 3873 966 3969; x_wconf 89' lang='lat' dir='ltr'>quavis</span> <span class='ocrx_word' id='word_1_261' title='bbox 993 3875 1216 3948; x_wconf 88' lang='lat' dir='ltr'>auctoritate</span> <span class='ocrx_word' id='word_1_262' title='bbox 1244 3889 1284 3950; x_wconf 92' lang='lat' dir='ltr'>et</span> <span class='ocrx_word' id='word_1_263' title='bbox 1310 3851 1500 3970; x_wconf 79' lang='lat' dir='ltr'>potestate</span> <span class='ocrx_word' id='word_1_264' title='bbox 1527 3873 1723 3971; x_wconf 78' lang='lat' dir='ltr'>fulgentes,</span> 
     </span>
     <span class='ocr_line' id='line_1_30' title="bbox 228 3996 1725 4096; baseline -0.001 -27"><span class='ocrx_word' id='word_1_265' title='bbox 228 4013 266 4070; x_wconf 91' lang='lat' dir='ltr'>et</span> <span class='ocrx_word' id='word_1_266' title='bbox 295 3996 499 4080; x_wconf 83' lang='lat' dir='ltr'>iuncturos,</span> <span class='ocrx_word' id='word_1_267' title='bbox 530 3996 678 4070; x_wconf 88' lang='lat' dir='ltr'>sublata</span> <span class='ocrx_word' id='word_1_268' title='bbox 705 3997 772 4083; x_wconf 89' lang='lat' dir='ltr'>eis,</span> <span class='ocrx_word' id='word_1_269' title='bbox 794 4013 833 4070; x_wconf 90' lang='lat' dir='ltr'>et</span> <span class='ocrx_word' id='word_1_270' title='bbox 860 4022 991 4072; x_wconf 91' lang='lat' dir='ltr'>eorum</span> <span class='ocrx_word' id='word_1_271' title='bbox 1015 3999 1166 4074; x_wconf 91' lang='lat' dir='ltr'>cuilibet</span> <span class='ocrx_word' id='word_1_272' title='bbox 1193 4000 1326 4096; x_wconf 90' lang='lat' dir='ltr'>quavis</span> <span class='ocrx_word' id='word_1_273' title='bbox 1352 3999 1459 4073; x_wconf 91' lang='lat' dir='ltr'>aliter</span> <span class='ocrx_word' id='word_1_274' title='bbox 1477 3998 1661 4073; x_wconf 90' lang='lat' dir='ltr'>iudicandi</span> <span class='ocrx_word' id='word_1_275' title='bbox 1689 4011 1725 4070; x_wconf 87' lang='lat' dir='ltr'>et</span> 
     </span>
     <span class='ocr_line' id='line_1_31' title="bbox 228 4120 1723 4216; baseline 0 -22"><span class='ocrx_word' id='word_1_276' title='bbox 228 4120 497 4216; x_wconf 89' lang='lat' dir='ltr'>interpretandi</span> <span class='ocrx_word' id='word_1_277' title='bbox 530 4120 704 4195; x_wconf 89' lang='lat' dir='ltr'>lacultate</span> <span class='ocrx_word' id='word_1_278' title='bbox 736 4135 775 4195; x_wconf 89' lang='lat' dir='ltr'>et</span> <span class='ocrx_word' id='word_1_279' title='bbox 809 4123 1042 4210; x_wconf 88' lang='lat' dir='ltr'>auctoritate,</span> <span class='ocrx_word' id='word_1_280' title='bbox 1072 4124 1226 4198; x_wconf 90' lang='lat' dir='ltr'>iudicari</span> <span class='ocrx_word' id='word_1_281' title='bbox 1261 4140 1300 4197; x_wconf 91' lang='lat' dir='ltr'>et</span> <span class='ocrx_word' id='word_1_282' title='bbox 1332 4123 1473 4197; x_wconf 89' lang='lat' dir='ltr'>definiri</span> <span class='ocrx_word' id='word_1_283' title='bbox 1503 4123 1654 4208; x_wconf 90' lang='lat' dir='ltr'>debere,</span> <span class='ocrx_word' id='word_1_284' title='bbox 1683 4147 1723 4196; x_wconf 89' lang='lat' dir='ltr'>ac</span> 
     </span>
     <span class='ocr_line' id='line_1_32' title="bbox 228 4245 1721 4346; baseline 0.001 -30"><span class='ocrx_word' id='word_1_285' title='bbox 228 4245 369 4317; x_wconf 91' lang='lat' dir='ltr'>irritum</span> <span class='ocrx_word' id='word_1_286' title='bbox 399 4262 438 4316; x_wconf 88' lang='lat' dir='ltr'>et</span> <span class='ocrx_word' id='word_1_287' title='bbox 465 4246 574 4318; x_wconf 90' lang='lat' dir='ltr'>inane</span> <span class='ocrx_word' id='word_1_288' title='bbox 603 4245 633 4318; x_wconf 95' lang='lat' dir='ltr'>si</span> <span class='ocrx_word' id='word_1_289' title='bbox 661 4270 771 4336; x_wconf 89' lang='lat' dir='ltr'>secus</span> <span class='ocrx_word' id='word_1_290' title='bbox 799 4270 914 4342; x_wconf 91' lang='lat' dir='ltr'>super</span> <span class='ocrx_word' id='word_1_291' title='bbox 950 4248 1007 4321; x_wconf 91' lang='lat' dir='ltr'>his</span> <span class='ocrx_word' id='word_1_292' title='bbox 1039 4273 1059 4324; x_wconf 86' lang='lat' dir='ltr'>a</span> <span class='ocrx_word' id='word_1_293' title='bbox 1099 4272 1301 4346; x_wconf 86' lang='lat' dir='ltr'>quoquam,</span> <span class='ocrx_word' id='word_1_294' title='bbox 1332 4249 1465 4344; x_wconf 88' lang='lat' dir='ltr'>quavis</span> <span class='ocrx_word' id='word_1_295' title='bbox 1492 4248 1721 4328; x_wconf 91' lang='lat' dir='ltr'>auctoritate,</span> 
     </span>
     <span class='ocr_line' id='line_1_33' title="bbox 228 4369 1722 4469; baseline 0 -26"><span class='ocrx_word' id='word_1_296' title='bbox 228 4371 389 4443; x_wconf 89' lang='lat' dir='ltr'>scienter</span> <span class='ocrx_word' id='word_1_297' title='bbox 407 4369 466 4443; x_wconf 91' lang='lat' dir='ltr'>vel</span> <span class='ocrx_word' id='word_1_298' title='bbox 486 4370 713 4468; x_wconf 87' lang='lat' dir='ltr'>ignoranter,</span> <span class='ocrx_word' id='word_1_299' title='bbox 734 4371 933 4469; x_wconf 90' lang='lat' dir='ltr'>contigerit</span> <span class='ocrx_word' id='word_1_300' title='bbox 952 4375 1140 4448; x_wconf 87' lang='lat' dir='ltr'>attentari.</span> <span class='ocrx_word' id='word_1_301' title='bbox 1162 4372 1247 4448; x_wconf 91' lang='lat' dir='ltr'>Non</span> <span class='ocrx_word' id='word_1_302' title='bbox 1274 4373 1513 4449; x_wconf 88' lang='lat' dir='ltr'>obstantibus</span> <span class='ocrx_word' id='word_1_303' title='bbox 1541 4373 1722 4455; x_wconf 92' lang='lat' dir='ltr'>omnibus,</span> 
     </span>
    </p>
   </div>
   <div class='ocr_carea' id='block_1_3' title="bbox 227 4489 1836 4596">
    <p class='ocr_par' dir='ltr' id='par_1_5' title="bbox 227 4489 1836 4596">
     <span class='ocr_line' id='line_1_34' title="bbox 227 4489 1836 4596; baseline 0.001 -28"><span class='ocrx_word' id='word_1_304' title='bbox 227 4510 266 4569; x_wconf 89' lang='lat' dir='ltr'>et</span> <span class='ocrx_word' id='word_1_305' title='bbox 279 4494 446 4592; x_wconf 88' lang='lat' dir='ltr'>singulis,</span> <span class='ocrx_word' id='word_1_306' title='bbox 464 4520 562 4592; x_wconf 89' lang='lat' dir='ltr'>quae</span> <span class='ocrx_word' id='word_1_307' title='bbox 581 4496 616 4569; x_wconf 92' lang='lat' dir='ltr'>in</span> <span class='ocrx_word' id='word_1_308' title='bbox 632 4497 799 4592; x_wconf 85' lang='lat' dir='ltr'>praefata</span> <span class='ocrx_word' id='word_1_309' title='bbox 813 4497 946 4571; x_wconf 89' lang='lat' dir='ltr'>cedula</span> <span class='ocrx_word' id='word_1_310' title='bbox 966 4515 1092 4572; x_wconf 90' lang='lat' dir='ltr'>motus</span> <span class='ocrx_word' id='word_1_311' title='bbox 1110 4499 1251 4596; x_wconf 93' lang='lat' dir='ltr'>proprii</span> <span class='ocrx_word' id='word_1_312' title='bbox 1268 4498 1453 4574; x_wconf 91' lang='lat' dir='ltr'>voluimus</span> <span class='ocrx_word' id='word_1_313' title='bbox 1466 4523 1542 4572; x_wconf 93' lang='lat' dir='ltr'>non</span> <span class='ocrx_word' id='word_1_314' title='bbox 1562 4500 1720 4580; x_wconf 91' lang='lat' dir='ltr'>obstare,</span> <span class='ocrx_word' id='word_1_315' title='bbox 1835 4489 1836 4494; x_wconf 56' lang='grc'>’</span> 
     </span>
    </p>
   </div>
   <div class='ocr_carea' id='block_1_4' title="bbox 228 4615 1721 4968">
    <p class='ocr_par' dir='ltr' id='par_1_6' title="bbox 228 4615 1721 4968">
     <span class='ocr_line' id='line_1_35' title="bbox 228 4615 1023 4718; baseline 0.001 -24"><span class='ocrx_word' id='word_1_316' title='bbox 228 4621 463 4716; x_wconf 86' lang='lat' dir='ltr'>caeterisque</span> <span class='ocrx_word' id='word_1_317' title='bbox 492 4621 686 4695; x_wconf 90' lang='lat' dir='ltr'>contrariis</span> <span class='ocrx_word' id='word_1_318' title='bbox 715 4615 1023 4718; x_wconf 89' lang='lat' dir='ltr'>quibuscumque.</span> 
     </span>
     <span class='ocr_line' id='line_1_36' title="bbox 309 4746 1721 4842; baseline -0.001 -24"><span class='ocrx_word' id='word_1_319' title='bbox 309 4746 452 4820; x_wconf 91' lang='lat' dir='ltr'>Datum</span> <span class='ocrx_word' id='word_1_320' title='bbox 475 4747 630 4832; x_wconf 89' lang='lat' dir='ltr'>Romae,</span> <span class='ocrx_word' id='word_1_321' title='bbox 651 4749 753 4842; x_wconf 91' lang='lat' dir='ltr'>apud</span> <span class='ocrx_word' id='word_1_322' title='bbox 774 4747 949 4821; x_wconf 88' lang='lat' dir='ltr'>Sanctam</span> <span class='ocrx_word' id='word_1_323' title='bbox 970 4748 1127 4821; x_wconf 89' lang='lat' dir='ltr'>Mariam</span> <span class='ocrx_word' id='word_1_324' title='bbox 1148 4749 1341 4833; x_wconf 87' lang='lat' dir='ltr'>Maiorem,</span> <span class='ocrx_word' id='word_1_325' title='bbox 1364 4749 1435 4834; x_wconf 89' lang='lat' dir='ltr'>sub</span> <span class='ocrx_word' id='word_1_326' title='bbox 1451 4746 1591 4821; x_wconf 88' lang='lat' dir='ltr'>annulo</span> <span class='ocrx_word' id='word_1_327' title='bbox 1610 4746 1721 4819; x_wconf 90' lang='lat' dir='ltr'>Pisca-</span> 
     </span>
     <span class='ocr_line' id='line_1_37' title="bbox 229 4869 1618 4968; baseline 0 -23"><span class='ocrx_word' id='word_1_328' title='bbox 229 4873 333 4956; x_wconf 86' lang='lat' dir='ltr'>toris,</span> <span class='ocrx_word' id='word_1_329' title='bbox 364 4870 423 4944; x_wconf 90' lang='lat' dir='ltr'>die</span> <span class='ocrx_word' id='word_1_330' title='bbox 451 4893 542 4943; x_wconf 77' lang='lat' dir='ltr'>xxvi</span> <span class='ocrx_word' id='word_1_331' title='bbox 571 4869 748 4945; x_wconf 90' lang='lat' dir='ltr'>Octobris</span> <span class='ocrx_word' id='word_1_332' title='bbox 777 4893 915 4947; x_wconf 72' lang='lat' dir='ltr'>uocev,</span> <span class='ocrx_word' id='word_1_333' title='bbox 948 4873 1186 4948; x_wconf 88' lang='lat' dir='ltr'>Pontificatus</span> <span class='ocrx_word' id='word_1_334' title='bbox 1215 4875 1331 4947; x_wconf 91' lang='lat' dir='ltr'>nostri</span> <span class='ocrx_word' id='word_1_335' title='bbox 1358 4895 1458 4947; x_wconf 90' lang='lat' dir='ltr'>anno</span> <span class='ocrx_word' id='word_1_336' title='bbox 1485 4873 1618 4968; x_wconf 88' lang='lat' dir='ltr'>primo.</span> 
     </span>
    </p>
   </div>
   <div class='ocr_carea' id='block_1_5' title="bbox 1335 5047 1642 5125">
    <p class='ocr_par' dir='ltr' id='par_1_7' title="bbox 1335 5047 1642 5125">
     <span class='ocr_line' id='line_1_38' title="bbox 1335 5047 1642 5125; baseline 0.007 -3"><span class='ocrx_word' id='word_1_337' title='bbox 1335 5049 1382 5125; x_wconf 91' lang='lat' dir='ltr'>G.</span> <span class='ocrx_word' id='word_1_338' title='bbox 1415 5047 1642 5124; x_wconf 87' lang='lat' dir='ltr'>Gualterius.</span> 
     </span>
    </p>
   </div>
   <div class='ocr_carea' id='block_1_6' title="bbox 0 0 1864 5909">
    <p class='ocr_par' dir='ltr' id='par_1_8' title="bbox 0 0 1864 5909">
     <span class='ocr_line' id='line_1_39' title="bbox 0 0 1864 5909; baseline 0 0"><span class='ocrx_word' id='word_1_339' title='bbox 0 0 1864 5909; x_wconf 95' lang='lat' dir='ltr'> </span> 
     </span>
    </p>
   </div>
  </div>
 </body>
</html>
