3708 5918
787 305 935 366 Martino
955 306 984 366 V
1574 308 1612 368 99

110 496 246 572 utiliter
288 498 497 593 providere,
542 516 672 573 tenore
714 498 977 597 praesentium,
1017 498 1208 595 praefatas
1250 499 1536 574 constitutiones
1572 516 1612 574 et

110 623 364 697 ordinationes
403 625 513 722 (quas
559 625 617 697 hic
652 624 780 698 haberi
818 625 990 697 volumus
1009 603 1012 608 ⁵
1032 648 1101 720 pro
1139 625 1344 724 expressis)
1386 626 1610 699 auctoritate

110 746 329 842 apostolica,
359 763 490 821 tenore
517 748 772 842 praesentium
790 749 1021 832 innovantes,
1043 744 1063 788 *
1090 773 1134 821 ac
1152 773 1217 822 eas
1246 773 1330 822 curn
1358 748 1609 823 additionibus

111 871 354 967 infrascriptis
372 872 657 970 praecipientes,
677 873 832 946 firmiter
849 872 1041 948 observari
1059 873 1193 947 cadem
1211 871 1464 948 auctoritate*
1483 875 1609 948 statui·

110 1023 195 1070 mus
223 1012 263 1070 et
290 998 404 1070 etiam
431 998 663 1084 ordinamus

191 1123 265 1218 §a
296 1119 411 1214 Quod
439 1122 471 1194 si
500 1123 633 1196 notarii
660 1120 856 1219 apostolici
873 1180 1041 1197 .....

189 1249 265 1344 §3.
295 1245 502 1319 Statuimus
530 1264 570 1320 et
596 1248 709 1320 etiam
738 1247 965 1334 ordinamus,
997 1247 1100 1343 quod
1128 1248 1159 1320 si
1187 1247 1293 1321 litera
1321 1245 1430 1321 fuerit
1457 1247 1494 1320 in
1514 1246 1609 1321 Can·

107 1370 259 1445 cellaria
283 1371 521 1446 rescribenda
530 1425 698 1448 .....

188 1497 208 1592 ξ
228 1521 264 1588 4.
286 1495 337 1568 Et
354 1495 457 1591 quod
473 1494 561 1568 nulli
575 1523 623 1570 ex
642 1496 885 1594 scriptoribus
904 1495 1106 1592 praedictis
1125 1497 1189 1592 qui
1208 1521 1277 1594 per
1295 1521 1337 1572 se
1356 1497 1479 1594 ipsum
1491 1553 1606 1573 .....

189 1623 264 1718 §5.
295 1619 348 1694 llli
376 1645 530 1719 quoque
546 1681 713 1698 .....

188 1747 265 1844 §d
296 1746 407 1833 Sane,
437 1771 521 1820 eum
550 1748 683 1820 deceat
703 1805 870 1824 .....

188 1873 209 1969 ᾗ
231 1893 264 1964 7.
295 1869 347 1944 Et
374 1870 477 1966 quod
504 1871 684 1969 praedicti
701 1927 870 1947 .....

229 1999 266 2070 8.
295 1994 504 2070 Statuimus
519 1996 674 2092 insuper
692 2013 730 2070 et
745 1997 858 2070 etiam
874 1997 1101 2084 ordinamus,
1124 1998 1227 2093 quod
1247 1996 1476 2072 senescallus
1493 2057 1606 2074 .....
1731 2055 1740 2070 .

187 2123 262 2218 §9.
293 2118 479 2208 Similiter,
500 2122 700 2195 statuimus
723 2137 762 2194 et
789 2122 902 2194 etiam
929 2121 1146 2194 ordinamus
1174 2121 1277 2218 quod
1306 2119 1405 2196 nulla
1433 2123 1608 2196 constitu·

106 2246 250 2319 tionum
279 2245 400 2319 dictae
429 2244 683 2320 Cancellariae
697 2303 865 2322 .....

186 2372 207 2467 ᾗ
231 2393 288 2444 10.
320 2369 530 2458 Praeterea,
553 2387 594 2443 ut
621 2370 752 2445 literae
779 2371 956 2444 iustitiam
984 2387 1254 2446 concernentes
1271 2373 1416 2468 absque
1444 2373 1607 2469 partium

106 2496 247 2568 damno
274 2519 318 2567 ac
345 2495 496 2568 brevius
523 2494 782 2591 expediantur,
813 2497 1012 2568 statuimus
1039 2509 1080 2570 et
1106 2496 1336 2581 ordinamus,
1366 2495 1469 2592 quod
1506 2497 1608 2570 Can-

105 2618 254 2693 cellaria
281 2618 472 2692 literarum
499 2606 663 2692 iustitiae
691 2643 788 2714 quae
817 2619 849 2692 si
875 2619 925 2692 ad
953 2619 1024 2692 hoc
1052 2619 1181 2692 literae
1209 2619 1402 2708 sufficiant,
1439 2637 1496 2694 ter
1531 2621 1607 2694 sin·

103 2743 203 2841 gulis
231 2743 460 2840 septimanis,
491 2759 604 2840 prout
640 2743 847 2841 antiquitus
874 2743 994 2817 teneri
1022 2760 1281 2830 consueverat,
1311 2745 1341 2818 si
1369 2769 1460 2818 vero
1493 2744 1608 2818 adid

105 2868 319 2942 huiusmodi
355 2865 485 2942 literae
521 2891 595 2942 non
631 2868 829 2954 sufficiant,
867 2868 1023 2966 singulis
1059 2869 1278 2965 septimanis
1319 2868 1452 2944 saltem
1490 2871 1607 2944 semel

105 2993 236 3080 teneri,
264 2994 314 3067 ad
342 3018 455 3091 quarn
485 2993 627 3080 notarii,
663 2993 727 3089 qui
759 3019 826 3068 sex
857 3017 944 3067 esse
978 2994 1128 3080 debent,
1163 3018 1381 3090 eorumque,
1411 3009 1450 3067 et
1482 2993 1542 3068 alii
1569 2996 1606 3068 in

104 3117 311 3192 formandis
339 3119 439 3192 notis
457 3117 506 3192 de
533 3119 682 3206 iustitia,
704 3116 763 3191 vel
790 3119 827 3190 in
846 3118 925 3191 iure
944 3119 1170 3192 sufficientes
1198 3119 1479 3194 abbreviatores
1497 3120 1607 3216 (quo-

106 3267 189 3316 rum
227 3242 378 3317 nomina
414 3243 551 3316 sintin
588 3243 837 3317 matricularia
870 3243 1173 3317 abbreviatorum
1205 3243 1387 3318 dictarum
1415 3243 1606 3318 literarum

105 3367 297 3467 inscripta)
327 3391 471 3442 necnon
498 3368 656 3466 praelati
683 3383 722 3441 et
749 3366 809 3441 alii
836 3367 1013 3442 doctores
1032 3368 1164 3442 famosi
1192 3393 1236 3442 ac
1263 3368 1415 3464 practici
1443 3369 1478 3441 in
1507 3368 1607 3444 dicta

107 3491 221 3566 Curia
249 3509 470 3588 praesentes
498 3510 537 3569 et
564 3494 735 3590 primitus
756 3517 825 3590 per
843 3493 999 3568 eosdem
1018 3494 1209 3590 praelatos
1227 3509 1266 3567 et
1286 3493 1472 3578 doctores,
1495 3491 1606 3567 solito

104 3618 288 3712 praestito
315 3617 535 3704 iuramento,
566 3605 730 3692 debeant
757 3618 963 3703 convocari,
986 3633 1099 3713 prout
1126 3618 1308 3692 hactenus
1327 3617 1450 3690 extitit
1477 3616 1606 3691 lauda·

103 3740 225 3816 biliter
252 3743 505 3817 observatum.
531 3739 722 3838 Quodque
750 3741 787 3814 in
814 3741 948 3815 eadem
968 3740 1200 3815 Cancellan'a
1218 3741 1349 3814 literae
1368 3741 1606 3816 executoriae

104 3890 221 3962 super
248 3866 444 3940 sententiis
472 3865 507 3938 in
536 3866 707 3940 Romana
736 3864 849 3939 Curia
875 3866 972 3952 latis,
995 3866 1063 3940 nisi
1082 3866 1201 3962 stylus
1220 3866 1256 3938 in
1275 3866 1399 3940 causis
1418 3867 1454 3940 in
1472 3867 1605 3939 eadem

104 3989 219 4064 Curia
254 3991 394 4064 servari
431 3990 573 4078 solituS,
612 4006 785 4065 servatus
816 3990 926 4063 fuerit
963 4015 1031 4086 per
1065 3991 1244 4077 ordinem,
1285 4008 1399 4086 prout
1426 3991 1461 4064 in
1490 3991 1606 4064 literis

102 4113 305 4210 praedictis
332 4115 436 4189 iuxta
461 4114 599 4212 stylum
628 4112 882 4188 Cancellariae
910 4114 1126 4211 praedictae
1150 4117 1292 4188 narrari
1315 4115 1519 4201 consuevit,
1539 4131 1605 4188 aut

103 4239 139 4314 in
166 4239 353 4336 aliquibus
380 4263 570 4336 expensae
598 4239 718 4314 factae
747 4240 781 4312 in
810 4239 935 4314 causis
963 4240 1055 4338 ipsis
1083 4241 1275 4314 excessive
1303 4256 1434 4313 contra
1466 4239 1605 4313 consti-

102 4365 270 4438 tutiones
289 4389 406 4462 super
423 4367 494 4438 hoc
512 4366 635 4439 editas
655 4366 800 4439 notorie
820 4381 970 4439 taxatae
989 4365 1137 4452 fuerint,
1158 4365 1279 4476 donec
1298 4365 1345 4438 de
1366 4365 1527 4462 partium
1545 4365 1605 4437 vel

100 4491 222 4585 partis
250 4490 411 4564 victricis
439 4513 626 4564 consensu
655 4488 714 4564 vel
742 4489 834 4564 alias
863 4491 1014 4565 iuridice
1042 4491 1262 4564 moderatae
1290 4489 1435 4576 fuerint,
1456 4488 1606 4561 minime

101 4615 262 4712 possint,
292 4631 331 4688 et
358 4615 522 4689 debeant
549 4613 728 4711 expediri.

184 4741 202 4836 ᾖ
222 4764 280 4814 11.
311 4739 361 4812 Et
375 4739 538 4835 insuper,
560 4741 760 4813 statuimus
774 4757 813 4813 et
828 4740 1056 4824 ordinamus,
1074 4739 1176 4836 quod
1196 4739 1470 4812 examinatores
1486 4795 1602 4814 .....

183 4867 201 4962 ξ
227 4891 284 4940 12.
314 4861 500 4952 Similiter,
519 4865 717 4938 statuimus
746 4880 785 4938 et
812 4865 1038 4950 ordinamus
1069 4865 1173 4960 quod
1201 4863 1405 4939 bullatores
1435 4920 1604 4938 .....

181 4993 284 5087 §13.
316 4989 368 5062 Et
394 4987 493 5062 idem
521 4986 694 5062 volumus
710 5046 878 5064 .....
1050 4999 1054 5010 “

178 5119 196 5215 ξ
222 5139 280 5208 14.
313 5113 374 5197 Et,
396 5112 643 5199 nihilominus
670 5140 755 5188 cum
783 5113 962 5187 iustitiam
981 5115 1017 5186 in
1036 5113 1170 5188 iudicio
1197 5111 1487 5187 contradictorio
1511 5135 1604 5206 pure

95 5243 233 5320 debeat
262 5237 442 5324 exerceri,
459 5235 478 5278 *
498 5239 697 5312 statuimus
716 5255 755 5312 et
774 5239 887 5313 etiam
906 5237 1134 5324 ordinamus
1157 5237 1259 5334 quod
1284 5237 1406 5310 nullus
1425 5235 1602 5332 deinceps

88 5392 294 5447 causarum
318 5361 448 5437 Palatii
467 5363 675 5459 Apostolici
704 5363 740 5436 in
767 5364 978 5437 auditorem
1007 5363 1215 5460 recipiatur,
1247 5362 1315 5436 nisi
1343 5363 1477 5436 doctor
1495 5360 1604 5433 fuerit
