3720 5916
253 267 310 328 376
890 269 1027 328 Soeculo
1046 269 1151 329 XVII

261 369 744 379 m———u-u—u-
752 372 842 378 ..—
856 373 1741 382 ——-——-.--—--.---——-—-.—-—-.

942 599 1032 680 250.

296 747 433 844 Incipit
456 747 701 819 controversie
728 757 841 845 super
864 746 1120 843 praecedentia
1148 769 1228 818 cum
1257 745 1491 819 Baroncelle's
1518 746 1711 819 Reenam's.

331 902 448 972 (Aaou.
467 901 554 974 Ron,
573 899 766 959 ‹Diarr'um
788 900 925 972 Celsr'v).

753 1081 825 1154 Die
861 1085 904 1154 18
934 1082 1109 1154 februarii
1144 1085 1255 1173 1648.

333 1299 501 1316 .....
532 1241 600 1313 luit
628 1241 728 1314 Rota
757 1239 1043 1314 Memorialium.
1076 1297 1085 1312 .
1118 1298 1126 1314 .
1157 1298 1164 1313 .
1198 1301 1204 1314 .
1236 1238 1432 1314 Absolutis
1461 1240 1749 1313 memorialibus.

251 1367 350 1464 de.
384 1365 532 1438 Bichius
561 1365 687 1439 retulit
715 1367 750 1438 in
780 1366 997 1438 memoriam
1029 1365 1116 1440 DD.
1148 1366 1251 1462 quod
1270 1367 1396 1440 evenit
1421 1389 1521 1440 anno
1549 1366 1753 1461 praeterito

250 1494 286 1566 in
314 1491 374 1564 die
402 1489 714 1563 Annunciationis
743 1491 831 1562 dum
861 1491 962 1585 Papa
1000 1489 1188 1586 equitaret
1223 1490 1272 1562 ad
1310 1489 1348 1564 S.
1380 1490 1431 1564 M.
1463 1515 1577 1586 supra
1616 1491 1751 1563 Miner-

251 1643 351 1702 vam,
373 1641 458 1688 nam
481 1615 645 1688 Barones
666 1613 835 1698 Romani,
858 1630 897 1687 et
915 1616 951 1685 in
972 1615 1097 1709 specie
1117 1613 1205 1687 Dux
1227 1614 1465 1699 Caesarinus,
1488 1615 1577 1688 Dux
1592 1615 1748 1698 Caerae,

251 1741 315 1815 lul.
345 1758 385 1814 et
414 1741 510 1815 Abb.
541 1737 589 1812 de
616 1736 777 1812 Sabellis
819 1762 962 1812 necnon
1000 1740 1143 1812 Marius
1171 1739 1422 1836 Frangipane,
1452 1739 1752 1834 praetendebant

251 1865 479 1963 praecedere
508 1863 754 1937 Auditoribus
784 1863 906 1937 Rotae
935 1878 975 1936 et
992 1864 1160 1958 equitare
1181 1880 1270 1960 post
1288 1863 1382 1949 illos,
1404 1881 1444 1937 et
1461 1865 1635 1960 quamvis
1656 1865 1748 1962 Mgi.

251 1990 582 2064 Caeremoniarum
611 1988 752 2085 pluries
780 2006 819 2062 et
846 1988 985 2084 pluries
1013 1989 1061 2063 ad
1089 2013 1157 2062 eos
1185 1990 1356 2062 conversi
1384 1989 1589 2063 insisterint
1609 2006 1652 2062 ut
1681 1992 1751 2063 vel·

251 2113 607 2220 lent'Ideambulare,
640 2113 877 2186 nihilominus
908 2138 1059 2208 semper
1086 2131 1308 2187 recusarunt
1335 2113 1501 2200 obedire,
1531 2112 1630 2186 unde
1670 2141 1751 2188 cum

252 2237 396 2314 necilli
425 2264 493 2311 nec
521 2237 725 2311 Auditores
755 2237 982 2320 incederent,
1014 2237 1109 2310 facta
1139 2237 1206 2309 luit
1233 2238 1400 2311 confusio
1434 2238 1594 2310 maxima
1613 2255 1655 2312 et
1675 2258 1751 2311 tur-

250 2368 362 2440 batus
390 2379 494 2435 totus
532 2362 627 2435 ordo
668 2360 921 2457 equitationis,
952 2364 1047 2436 itaut
1087 2363 1253 2435 nonnulli
1290 2388 1338 2435 ex
1374 2362 1620 2437 Auditoribus
1657 2365 1751 2437 irent

251 2489 464 2563 immediate
483 2503 571 2560 ante
591 2512 749 2571 crucem,
772 2487 832 2560 alii
854 2504 942 2581 post
961 2512 1119 2574 crucem,
1141 2488 1257 2560 etalii
1279 2513 1398 2584 prope
1416 2488 1590 2585 lectigam
1612 2489 1747 2585 Papae,

250 2616 348 2687 inter
376 2637 474 2708 quos
502 2637 577 2709 ego
605 2612 807 2707 praecipue
842 2611 904 2686 lui.
926 2612 1131 2707 Propterea
1159 2614 1358 2707 proposuit
1386 2613 1483 2684 idem
1522 2613 1569 2687 D.
1603 2613 1751 2686 Bichius
1837 2627 1838 2662 ἰ

252 2755 294 2814 ut
322 2738 398 2811 duo
426 2764 474 2811 ex
502 2737 586 2812 ΑΑ.
617 2734 801 2810 deberent
829 2761 1022 2810 recurrere
1050 2738 1099 2809 ad
1127 2737 1246 2833 pedes
1275 2737 1373 2810 Ssmi
1400 2754 1440 2811 et
1467 2740 1616 2811 nomine
1635 2739 1750 2812 tribu-

252 2864 345 2938 nalis
372 2885 564 2958 exponere
592 2863 758 2936 rationes
786 2877 825 2934 et
851 2861 1094 2935 fundamenta
1121 2888 1168 2935 ex
1197 2864 1333 2959 quibus
1374 2864 1461 2937 ΑΑ.
1499 2863 1750 2959 praetendunt

251 2988 567 3086 praecedentiam,
598 3003 637 3059 et
665 2989 699 3060 in
729 2988 857 3083 specie
886 2985 1055 3060 ultimum
1087 3002 1238 3061 statum.
1351 3047 1358 3062 .
1391 3047 1398 3062 .
1431 3049 1437 3062 .
1468 2988 1608 3083 placuit
1641 2990 1751 3087 igitur
1836 3011 1837 3074 j

250 3113 391 3210 eligere
411 3113 455 3186 R.
475 3112 523 3185 D.
546 3111 812 3196 Dunozettum,
835 3106 1018 3185 decanum
1041 3129 1080 3185 et
1098 3137 1159 3184 me
1179 3112 1364 3207 (Celsum)
1382 3113 1487 3185 etsie
1507 3113 1567 3184 die
1586 3137 1685 3200 ven,
1704 3137 1744 3184 21

251 3237 430 3322 eiusdem,
460 3238 571 3310 ambo
598 3236 829 3309 accessimus
858 3237 907 3309 ad
933 3237 1053 3334 pedes
1080 3236 1268 3311 Pontificis
1295 3255 1335 3310 et
1362 3263 1408 3310 ea
1436 3239 1646 3311 reverentia
1678 3262 1749 3334 qua

251 3364 360 3436 decet
388 3337 631 3456 expoiuimus
660 3362 875 3435 instantiam
904 3362 1106 3445 tribunalis,
1125 3363 1370 3458 supplicando
1398 3361 1551 3436 Sanctit.
1583 3388 1692 3436 suam
1712 3379 1750 3434 ut

251 3489 399 3562 sublata
427 3486 610 3561 eiusmodi
652 3489 907 3561 controversia
950 3487 1159 3586 iniungeret
1197 3489 1296 3585 Mgs
1343 3487 1674 3562 Caeremoniarum
1712 3501 1750 3559 ut

251 3629 426 3687 curarent
455 3613 596 3685 servari
625 3613 788 3686 solitum.
809 3612 966 3686 Audivit
996 3613 1095 3709 Papa
1124 3613 1284 3686 maxima
1303 3638 1386 3685 cum
1415 3612 1624 3686 attentione
1643 3614 1749 3686 ratio·

253 3763 320 3810 nes
348 3761 415 3832 per
444 3760 513 3808 nos
541 3737 736 3823 deductas,
757 3736 985 3810 declarando
1005 3760 1186 3832 expresse
1206 3763 1247 3810 se
1268 3737 1366 3810 nolle
1386 3735 1632 3810 differentiam
1657 3735 1749 3809 deci-

252 3862 342 3934 dere
371 3887 418 3935 eo
447 3861 534 3955 quia
563 3885 636 3934 non
666 3862 762 3934 bene
799 3862 1070 3933 recordabatur
1097 3858 1201 3954 quod
1239 3885 1307 3934 suo
1349 3877 1521 3956 tempore
1557 3875 1746 3934 servatum
1833 3869 1834 3878 ’

251 3985 373 4071 luerit,
403 4003 442 4059 et
469 3988 572 4080 quod
600 4004 804 4081 propterea
833 3985 985 4058 nolebat
1007 3982 1113 4056 alicui
1134 3985 1401 4080 praeiudicare,
1422 3985 1508 4059 ideo
1527 3983 1749 4059 deberemus

251 4135 338 4183 esse
366 4135 450 4183 cum
478 4111 609 4208 Mgris.
641 4111 972 4184 Caeremoniarum
1015 4107 1160 4203 illisque
1199 4110 1363 4183 rationes
1400 4127 1439 4183 et
1466 4111 1544 4184 iura
1573 4108 1748 4183 submini-

253 4249 373 4308 strare
401 4249 443 4307 ut
470 4235 562 4308 haec
589 4233 845 4310 controversia
873 4233 1147 4307 terminaretur.
1180 4293 1187 4306 .
1220 4293 1227 4306 .
1260 4292 1267 4307 .

942 4535 1032 4612 251.

253 4679 389 4776 Ingens
415 4704 591 4752 numerus
617 4705 816 4754 causarum
842 4679 1066 4778 proponitur
1094 4681 1134 4752 e'n
1162 4680 1302 4752 ultimis
1329 4681 1485 4754 ziere'de'ee'
1508 4681 1602 4752 anni
1628 4681 1743 4755 Rota.
1831 4705 1832 4747 l

332 4831 447 4902 (Anca.
465 4831 552 4906 Ron,
576 4833 764 4892 ‹De'are'um
785 4834 874 4892 Celsi
884 4837 920 4904 ι).

752 5015 910 5088 Veneris
941 5021 989 5088 26
1019 5015 1106 5088 iunii
1141 5021 1250 5109 1648.

334 5175 420 5250 Fuit
447 5176 547 5250 Rota
574 5176 612 5251 in
640 5201 714 5273 qua
742 5175 890 5250 luerunt
932 5177 1151 5274 propositae
1193 5195 1232 5252 et
1272 5177 1461 5253 resolutae
1502 5179 1742 5275 quamplures

253 5325 399 5387 causae,
431 5301 529 5373 unde
556 5316 714 5398 propter
744 5326 871 5376 earum
910 5327 1117 5392 numerum,
1162 5304 1301 5376 dictum
1344 5302 1412 5376 suit
1448 5303 1553 5400 quod
1595 5304 1742 5379 deberet
1829 5297 1830 5358 l
