3748 5914
240 281 295 340 302
882 281 1019 342 Soeculo
1037 279 1125 340 XVI

241 475 488 576 personaliter
523 478 714 552 intimatae
761 477 894 551 forent.
930 475 1032 549 Nulli
1067 500 1161 573 ergo
1176 475 1338 560 omnino,
1374 489 1445 549 etc.
1578 475 1618 548 Si
1654 475 1736 572 quis

241 619 368 674 antem
396 618 467 675 etc.

323 724 464 800 Datum
493 726 648 808 Romae,
679 727 780 822 apud
809 725 987 799 Sanctum
1017 725 1179 810 Petrum,
1201 747 1301 798 anno
1328 725 1592 798 incarnationis
1613 723 1737 797 Domi-

240 850 354 931 nicae,
386 849 587 924 Millesimo
614 851 918 948 quingentesimo
938 847 1176 945 sexagesimo
1197 850 1330 945 primo,
1351 865 1460 923 sexto
1479 847 1551 921 kal.
1572 848 1734 932 ianuarii,

240 972 480 1048 Pontificatus
509 975 628 1048 nostri
656 975 769 1048 Anno
797 973 939 1048 Tertio.

638 1258 656 1318 †
676 1255 746 1327 Ego
763 1251 840 1310 Pius
858 1251 1034 1311 catholicae
1055 1252 1218 1311 Ecclesiae
1237 1239 1334 1327 Epus.

241 1401 259 1461 i
272 1397 343 1470 Ego
355 1395 392 1454 R.
405 1393 500 1455 Card.
514 1397 553 1454 de
566 1395 682 1471 Carpo,
695 1383 760 1470 ἶρέ.
770 1384 882 1456 05ῑῖἐῇ
1097 1401 1115 1461 †
1128 1395 1199 1471 Ego
1216 1397 1258 1456 Io.
1278 1398 1355 1456 Ant.
1368 1397 1442 1457 Car.
1455 1395 1564 1457 Sancti
1582 1397 1727 1472 Georgii.

243 1486 345 1560 tEgo
363 1485 399 1544 F.
417 1483 512 1544 Card.
538 1487 684 1559 Pisanus,
706 1473 771 1561 e—ps.
796 1487 882 1546 Port.
1098 1485 1404 1559 †Eg013ernarous
1422 1485 1496 1545 Car.
1515 1485 1688 1546 Salviatus.

295 1590 395 1632 manu
415 1575 545 1648 propria
1098 1575 1199 1650 †Ego
1218 1575 1274 1634 Ph.
1293 1575 1366 1636 Car.
1385 1576 1512 1636 Aburd.

241 1668 259 1730 †
274 1663 344 1736 Ego
362 1661 439 1721 Fed.
457 1661 553 1722 Card.
571 1661 707 1722 Caesius
731 1651 796 1738 ἔρξ’.
818 1663 883 1723 Tu·
1098 1665 1170 1730 †Io.
1189 1663 1263 1723 Car.
1282 1665 1480 1724 Reumanus.

295 1754 448 1812 sculanus
715 1828 765 1838 -
1097 1755 1200 1828 †Ego
1218 1754 1259 1812 M.
1278 1755 1356 1814 Ant.
1374 1753 1448 1814 Car.
1467 1755 1632 1814 Amulius

241 1841 345 1916 †Ego
362 1840 403 1900 Io.
422 1840 517 1901 Card.
537 1842 693 1902 Moronus
715 1859 773 1918 eps
793 1859 883 1916 prae
1097 1843 1199 1918 †Ego
1216 1844 1374 1919 Aloysius
1391 1841 1465 1903 Car.
1483 1843 1669 1904 Cornelius.

295 1932 442 1990 nestinus
461 1932 485 1989 fl
1097 1933 1197 2008 †Ego
1215 1932 1253 1990 R.
1271 1931 1345 1992 Car.
1363 1932 1578 2008 Navagerius.

241 2026 259 2086 i
273 2019 343 2095 Ego
352 2019 436 2079 Otho
447 2019 544 2080 Card.
554 2022 693 2096 August.
707 2007 773 2096 E-ps
786 2023 881 2081 Alba.
1097 2027 1115 2088 †
1128 2021 1198 2096 Ego
1216 2021 1257 2080 Io.
1270 2021 1465 2082 Franciscus
1482 2019 1556 2081 Car.
1568 2021 1610 2080 de
1622 2021 1737 2082 Gamb.

241 2114 259 2180 †
271 2109 342 2184 Ego
354 2109 392 2167 R.
401 2107 497 2168 Card.
511 2109 542 2170 S.
555 2112 677 2186 Angeli
691 2112 794 2171 Maior
808 2111 885 2170 Pae·
1097 2117 1115 2178 †
1128 2112 1199 2186 Ego
1217 2112 1257 2170 A
1270 2109 1346 2170 Car.
1360 2111 1537 2172 Farnesius
1549 2110 1738 2170 Vicecance.

296 2199 351 2256 nit.
1098 2201 1200 2275 tEgo
1217 2200 1256 2261 G.
1275 2202 1334 2260 As.
1351 2198 1425 2260 Car.
1443 2199 1534 2262 Cam.

241 2287 344 2361 tEgo
363 2286 412 2346 Ti.
431 2285 505 2347 Car.
524 2285 668 2362 Crispus.
923 2313 1039 2366 saginum
1098 2291 1200 2365 †Eg0
1218 2290 1263 2349 Iu.
1281 2291 1355 2350 Car.
1374 2289 1488 2350 Urbin.

241 2376 409 2444 †Fulvius
426 2375 522 2436 Card.
541 2377 613 2437 Per.
943 2423 1024 2475 papae
1098 2381 1200 2456 †Ego
1218 2381 1307 2439 Hier.
1325 2378 1400 2440 Car.
1419 2379 1644 2440 Simoncellus.

242 2464 343 2539 †Ego
361 2464 403 2524 Io.
421 2463 495 2524 Car.
514 2464 623 2526 Sancti
642 2465 770 2526 Vitalis.
1098 2471 1200 2545 †Ego
1218 2469 1416 2530 Vittellotius
1439 2469 1513 2530 Car.
1531 2469 1695 2530 Vitellius.

242 2559 260 2619 †
274 2553 344 2628 Ego
356 2553 397 2612 Io.
412 2553 446 2612 B.
459 2552 578 2613 Cicada
590 2553 664 2614 Car.
676 2554 708 2615 S.
717 2553 863 2615 Clemen.
1097 2564 1116 2626 τ
1132 2559 1200 2633 Ego
1217 2556 1355 2616 Carolus
1372 2555 1446 2616 Car.
1463 2557 1668 2616 Borromeus.

241 2641 345 2716 †Ego
363 2641 397 2700 B.
416 2643 490 2702 Car.
510 2643 650 2702 Tranen.
1097 2647 1199 2721 †Ego
1217 2645 1411 2705 Franciscus
1428 2645 1502 2705 Car.
1520 2645 1686 2720 Gonzaga.

241 2731 343 2805 †Ego
362 2729 469 2806 Scipio
488 2731 562 2791 Car.
581 2734 741 2794 Prsarum.
1098 2735 1200 2811 †Ego
1217 2737 1285 2796 Ind.
1304 2736 1431 2795 Avalus
1449 2734 1544 2794 Card.
1563 2736 1668 2810 Arag.

241 2820 344 2894 †Ego
361 2819 515 2880 Clemens
533 2821 607 2882 Car.
626 2823 806 2882 Araecaeli.

241 2907 343 2981 tEgo
362 2909 396 2968 F.
415 2909 457 2968 M.
476 2909 550 2970 Car.
568 2912 823 2972 Alexandrinus.
1098 2911 1173 2972 Cae.
1185 2913 1376 2974 Glorierius.

241 2999 314 3064 †Io.
334 2999 411 3058 Ant.
430 2997 526 3058 Card.
545 2999 750 3074 Capisuccus.
1098 3002 1242 3062 Francis.
1261 3002 1401 3076 Delyon.

325 3141 422 3200 Anno
439 3158 459 3200 a
477 3141 651 3202 Nativitate
670 3143 802 3202 Domini
825 3145 999 3205 millesimo
1022 3145 1283 3220 quingentesimo
1305 3144 1509 3218 sexagesimo
1533 3144 1637 3214 tertio,
1655 3143 1744 3202 Indi-

241 3230 345 3290 ctione
363 3239 463 3304 sexta,
482 3232 534 3291 die
553 3249 633 3292 vero
650 3249 703 3291 xxi
717 3235 840 3293 mensis
851 3235 1003 3305 Ianuarii,
1015 3235 1222 3295 Pontificatus
1234 3235 1437 3294 Sanctissimi
1449 3234 1483 3292 in
1495 3231 1626 3292 Christo
1639 3235 1741 3307 patris
1861 3265 1862 3272 .

242 3327 273 3376 et
291 3319 423 3378 Domini
443 3323 553 3392 nostri,
573 3321 704 3380 Domini
724 3320 773 3380 Pii
791 3323 902 3382 divina
921 3325 1124 3398 providentia
1142 3325 1249 3398 Papae
1266 3325 1373 3398 quarti
1391 3325 1492 3383 Anno
1502 3330 1626 3397 quarto.
1639 3323 1742 3381 Retro

241 3408 379 3482 scriptae
396 3411 510 3468 literae
529 3411 721 3484 apostolicae
739 3421 971 3485 praesentatae,
984 3414 1151 3473 intimatae
1170 3421 1201 3471 et
1219 3412 1399 3472 notificatae
1417 3413 1546 3472 suerunt
1558 3411 1743 3471 Reverend.
1861 3439 1862 3470 l

243 3497 393 3558 Patribus
411 3499 561 3558 Dominis
579 3500 621 3558 Io.
641 3500 804 3574 Baptistae
822 3501 862 3560 de
880 3503 1003 3561 Rubeis
1021 3491 1269 3574 D'ecano,Paulo
1281 3502 1425 3561 Aemilio
1436 3500 1571 3560 Verallo
1584 3501 1743 3575 Episcopo

241 3585 539 3661 Caputaque.,1ulio
549 3587 693 3649 Oradino
705 3590 863 3664 Episcopo
874 3591 1042 3664 Perusino,
1053 3591 1192 3668 Gaspari
1203 3591 1364 3667 Groperio
1374 3589 1741 3660 FranciscoSarmento,
1861 3605 1862 3612 ¹

243 3675 419 3750 Pomponio
437 3675 557 3749 Cottae,
576 3677 690 3737 Iacobo
707 3687 801 3754 grato
819 3689 852 3738 et
868 3680 1103 3755 Christophoro
1123 3680 1289 3754 Roboster,
1308 3678 1399 3739 Sacri
1423 3679 1537 3738 Palatii
1559 3679 1740 3754 Apostolici

242 3781 414 3824 causarum
433 3767 648 3826 Auditoribus
665 3776 697 3826 et
716 3769 892 3828 locatenen.
910 3771 1100 3844 respective,
1118 3785 1173 3829 eos
1191 3771 1353 3844 requiren.
1372 3778 1407 3828 ut
1430 3769 1554 3828 eisdem
1572 3769 1688 3828 litteris
1706 3769 1739 3826 in

242 3855 393 3913 omnibus
412 3863 444 3913 et
462 3873 521 3930 per
542 3860 651 3916 omnia
678 3868 832 3932 parerent
858 3867 890 3918 et
916 3861 1093 3932 obedirent,
1111 3861 1237 3933 copiam
1265 3859 1456 3918 earumdem
1483 3859 1664 3918 litterarum
1692 3859 1742 3917 eis

242 3943 441 4018 dimittendo,
460 3945 584 4004 Romae
602 3947 637 4004 in
656 3949 777 4006 Palatio
795 3957 827 4006 et
842 3945 974 4008 Circulo
985 3958 1109 4008 secreto
1121 3950 1222 4008 Rotae
1235 3949 1447 4023 personaliter
1459 3949 1609 4020 inventis
1621 3947 1741 4007 ha'oitis

243 4043 274 4091 et
293 4034 515 4107 apprehensis.
536 4035 661 4096 Deinde
681 4037 907 4111 retroscriptae
926 4038 1088 4112 praelatae
1106 4039 1231 4096 litterae
1250 4038 1359 4110 lectae,
1378 4035 1491 4096 affixae
1510 4045 1542 4095 et
1559 4036 1741 4111 publicatae

243 4124 373 4182 luerunt
391 4124 470 4182 locis
488 4126 522 4183 in
540 4125 663 4184 eisdem
682 4127 799 4184 litteris
816 4127 1004 4201 designatis,
1022 4129 1111 4186 iuxta
1129 4142 1243 4185 earum
1262 4128 1445 4185 litterarum
1463 4127 1582 4184 seriem
1603 4134 1635 4184 et
1652 4134 1740 4186 teno

243 4229 313 4272 rem
333 4229 390 4285 per
409 4229 468 4272 nos
487 4214 725 4274 Bernardinum
744 4216 965 4276 Andreutium
984 4225 1016 4275 et
1033 4217 1151 4276 Iulium
1169 4216 1326 4276 Parinum
1344 4217 1539 4290 Apostolicis
1556 4213 1668 4275 Curss.

1006 4359 1121 4420 Petrus
1139 4360 1282 4420 Valtrini
1301 4361 1458 4435 Magister
1477 4358 1668 4421 Corsorum.

323 4497 446 4558 Romae
465 4501 549 4573 apud
568 4501 749 4561 Antonium
769 4501 906 4562 Bladum
924 4503 1157 4578 impressorem
1177 4504 1384 4564 Cameralem

639 4603 761 4648 uncxru
780 4589 864 4648 Cum
883 4589 1063 4665 Privilegio
