<?xml version="1.0" encoding="UTF-8"?>
<!DOCTYPE html PUBLIC "-//W3C//DTD XHTML 1.0 Transitional//EN"
    "http://www.w3.org/TR/xhtml1/DTD/xhtml1-transitional.dtd">
<html xmlns="http://www.w3.org/1999/xhtml" xml:lang="en" lang="en">
 <head>
  <title>
</title>
<meta http-equiv="Content-Type" content="text/html;charset=utf-8" />
  <meta name='ocr-system' content='tesseract 3.04.00' />
  <meta name='ocr-capabilities' content='ocr_page ocr_carea ocr_par ocr_line ocrx_word'/>
</head>
<body>
  <div class='ocr_page' id='page_1' title='image "./capellanipapaee00cercgoog_0137.png"; bbox 0 0 3708 5918; ppageno 0'>
   <div class='ocr_carea' id='block_1_1' title="bbox 730 293 1586 367">
    <p class='ocr_par' dir='ltr' id='par_1_1' title="bbox 730 293 1586 367">
     <span class='ocr_line' id='line_1_1' title="bbox 730 293 1586 367; baseline 0.005 -15"><span class='ocrx_word' id='word_1_1' title='bbox 730 293 889 367; x_wconf 77' lang='lat' dir='ltr'><em>Gregorio</em></span> <span class='ocrx_word' id='word_1_2' title='bbox 907 293 962 354; x_wconf 84' lang='lat' dir='ltr'>XI</span> <span class='ocrx_word' id='word_1_3' title='bbox 1548 297 1586 356; x_wconf 87' lang='lat'>93</span> 
     </span>
    </p>
   </div>
   <div class='ocr_carea' id='block_1_2' title="bbox 99 485 1585 961">
    <p class='ocr_par' dir='ltr' id='par_1_2' title="bbox 99 485 1584 712">
     <span class='ocr_line' id='line_1_2' title="bbox 99 485 1584 587; baseline -0.003 -21"><span class='ocrx_word' id='word_1_4' title='bbox 99 515 210 576; x_wconf 87' lang='lat' dir='ltr'>cause,</span> <span class='ocrx_word' id='word_1_5' title='bbox 241 488 348 564; x_wconf 85' lang='lat' dir='ltr'>sactis</span> <span class='ocrx_word' id='word_1_6' title='bbox 381 513 450 587; x_wconf 89' lang='lat' dir='ltr'>per</span> <span class='ocrx_word' id='word_1_7' title='bbox 484 514 592 563; x_wconf 88' lang='lat' dir='ltr'>suam</span> <span class='ocrx_word' id='word_1_8' title='bbox 629 505 786 586; x_wconf 89' lang='lat' dir='ltr'>partem,</span> <span class='ocrx_word' id='word_1_9' title='bbox 825 487 1009 572; x_wconf 89' lang='lat' dir='ltr'>omnibus,</span> <span class='ocrx_word' id='word_1_10' title='bbox 1031 485 1090 561; x_wconf 93' lang='lat' dir='ltr'>vel</span> <span class='ocrx_word' id='word_1_11' title='bbox 1122 502 1231 584; x_wconf 90' lang='lat' dir='ltr'>parte</span> <span class='ocrx_word' id='word_1_12' title='bbox 1249 512 1390 575; x_wconf 91' lang='lat' dir='ltr'>earum,</span> <span class='ocrx_word' id='word_1_13' title='bbox 1412 489 1584 562; x_wconf 89' lang='lat' dir='ltr'>condem·</span> 
     </span>
     <span class='ocr_line' id='line_1_3' title="bbox 99 611 1208 712; baseline -0.004 -23"><span class='ocrx_word' id='word_1_14' title='bbox 99 631 233 712; x_wconf 90' lang='lat' dir='ltr'>pnetur:</span> <span class='ocrx_word' id='word_1_15' title='bbox 262 629 376 711; x_wconf 93' lang='lat' dir='ltr'>prout</span> <span class='ocrx_word' id='word_1_16' title='bbox 402 614 588 690; x_wconf 89' lang='lat' dir='ltr'>videbitur</span> <span class='ocrx_word' id='word_1_17' title='bbox 615 612 736 690; x_wconf 89' lang='lat' dir='ltr'>libero</span> <span class='ocrx_word' id='word_1_18' title='bbox 763 611 919 688; x_wconf 92' lang='lat' dir='ltr'>arbitrio</span> <span class='ocrx_word' id='word_1_19' title='bbox 946 611 1173 688; x_wconf 88' lang='lat' dir='ltr'>auditorum.</span> <span class='ocrx_word' id='word_1_20' title='bbox 1197 611 1208 646; x_wconf 91' lang='lat'>¹</span> 
     </span>
    </p>

    <p class='ocr_par' dir='ltr' id='par_1_3' title="bbox 100 738 1585 961">
     <span class='ocr_line' id='line_1_4' title="bbox 169 738 1583 837; baseline 0.001 -25"><span class='ocrx_word' id='word_1_21' title='bbox 169 742 185 836; x_wconf 63' lang='grc' dir='ltr'>ᾖ</span> <span class='ocrx_word' id='word_1_22' title='bbox 214 762 249 832; x_wconf 82' lang='lat'>3.</span> <span class='ocrx_word' id='word_1_23' title='bbox 279 740 382 827; x_wconf 89' lang='lat' dir='ltr'><strong>Item,</strong></span> <span class='ocrx_word' id='word_1_24' title='bbox 412 754 636 837; x_wconf 88' lang='lat' dir='ltr'>procurator</span> <span class='ocrx_word' id='word_1_25' title='bbox 660 755 750 812; x_wconf 87' lang='lat' dir='ltr'>ante</span> <span class='ocrx_word' id='word_1_26' title='bbox 778 739 1012 824; x_wconf 89' lang='lat' dir='ltr'>sententiam,</span> <span class='ocrx_word' id='word_1_27' title='bbox 1035 738 1067 810; x_wconf 92' lang='lat' dir='ltr'>si</span> <span class='ocrx_word' id='word_1_28' title='bbox 1084 761 1173 834; x_wconf 90' lang='lat' dir='ltr'>pars</span> <span class='ocrx_word' id='word_1_29' title='bbox 1191 739 1416 812; x_wconf 86' lang='lat' dir='ltr'>advocatum</span> <span class='ocrx_word' id='word_1_30' title='bbox 1435 740 1583 824; x_wconf 89' lang='lat' dir='ltr'>habeat,</span> 
     </span>
     <span class='ocr_line' id='line_1_5' title="bbox 100 861 1585 961; baseline -0.001 -23"><span class='ocrx_word' id='word_1_31' title='bbox 100 866 232 960; x_wconf 86' lang='lat' dir='ltr'>absque</span> <span class='ocrx_word' id='word_1_32' title='bbox 260 863 378 960; x_wconf 88' lang='lat' dir='ltr'>ipsius</span> <span class='ocrx_word' id='word_1_33' title='bbox 404 862 561 938; x_wconf 90' lang='lat' dir='ltr'>consilio</span> <span class='ocrx_word' id='word_1_34' title='bbox 591 887 664 938; x_wconf 90' lang='lat' dir='ltr'>nou</span> <span class='ocrx_word' id='word_1_35' title='bbox 692 861 869 959; x_wconf 86' lang='lat' dir='ltr'>appellet,</span> <span class='ocrx_word' id='word_1_36' title='bbox 908 876 948 937; x_wconf 93' lang='lat' dir='ltr'>et</span> <span class='ocrx_word' id='word_1_37' title='bbox 983 861 1275 958; x_wconf 88' lang='lat' dir='ltr'>appellationem</span> <span class='ocrx_word' id='word_1_38' title='bbox 1308 887 1585 961; x_wconf 85' lang='lat' dir='ltr'>quamcumque</span> 
     </span>
    </p>
   </div>
   <div class='ocr_carea' id='block_1_3' title="bbox 24 984 1590 4829">
    <p class='ocr_par' dir='ltr' id='par_1_4' title="bbox 24 984 1588 3304">
     <span class='ocr_line' id='line_1_6' title="bbox 103 984 1584 1085; baseline 0 -25"><span class='ocrx_word' id='word_1_39' title='bbox 103 1013 161 1085; x_wconf 91' lang='lat' dir='ltr'>per</span> <span class='ocrx_word' id='word_1_40' title='bbox 192 987 315 1083; x_wconf 94' lang='lat' dir='ltr'>ipsum</span> <span class='ocrx_word' id='word_1_41' title='bbox 352 987 613 1083; x_wconf 84' lang='lat' dir='ltr'>interpositam</span> <span class='ocrx_word' id='word_1_42' title='bbox 651 1011 726 1062; x_wconf 91' lang='lat' dir='ltr'>non</span> <span class='ocrx_word' id='word_1_43' title='bbox 761 1002 1017 1082; x_wconf 84' lang='lat' dir='ltr'>prosequatur</span> <span class='ocrx_word' id='word_1_44' title='bbox 1050 984 1132 1061; x_wconf 88' lang='lat' dir='ltr'>sine</span> <span class='ocrx_word' id='word_1_45' title='bbox 1160 985 1313 1062; x_wconf 92' lang='lat' dir='ltr'>consilio</span> <span class='ocrx_word' id='word_1_46' title='bbox 1350 1005 1390 1062; x_wconf 91' lang='lat' dir='ltr'>et</span> <span class='ocrx_word' id='word_1_47' title='bbox 1425 1011 1584 1064; x_wconf 91' lang='lat' dir='ltr'>assensu</span> 
     </span>
     <span class='ocr_line' id='line_1_7' title="bbox 102 1110 1586 1208; baseline -0.001 -21"><span class='ocrx_word' id='word_1_48' title='bbox 102 1111 276 1198; x_wconf 90' lang='lat' dir='ltr'>advocati,</span> <span class='ocrx_word' id='word_1_49' title='bbox 304 1110 347 1198; x_wconf 91' lang='lat' dir='ltr'>si,</span> <span class='ocrx_word' id='word_1_50' title='bbox 376 1128 419 1185; x_wconf 93' lang='lat' dir='ltr'>ut</span> <span class='ocrx_word' id='word_1_51' title='bbox 445 1111 683 1208; x_wconf 87' lang='lat' dir='ltr'>premittitur,</span> <span class='ocrx_word' id='word_1_52' title='bbox 713 1113 938 1185; x_wconf 89' lang='lat' dir='ltr'>advocatum</span> <span class='ocrx_word' id='word_1_53' title='bbox 958 1110 1104 1197; x_wconf 90' lang='lat' dir='ltr'>habeat,</span> <span class='ocrx_word' id='word_1_54' title='bbox 1126 1111 1174 1184; x_wconf 92' lang='lat' dir='ltr'>de</span> <span class='ocrx_word' id='word_1_55' title='bbox 1202 1113 1307 1186; x_wconf 89' lang='lat' dir='ltr'>cuius</span> <span class='ocrx_word' id='word_1_56' title='bbox 1333 1135 1522 1186; x_wconf 88' lang='lat' dir='ltr'>consensu</span> <span class='ocrx_word' id='word_1_57' title='bbox 1549 1111 1586 1186; x_wconf 89' lang='lat' dir='ltr'>in</span> 
     </span>
     <span class='ocr_line' id='line_1_8' title="bbox 24 1167 1585 1333; baseline -0.001 -23"><span class='ocrx_word' id='word_1_58' title='bbox 24 1167 26 1326; x_wconf 81' lang='lat' dir='ltr'>i</span> <span class='ocrx_word' id='word_1_59' title='bbox 102 1234 271 1333; x_wconf 92' lang='lat' dir='ltr'>principio</span> <span class='ocrx_word' id='word_1_60' title='bbox 290 1236 562 1332; x_wconf 85' lang='lat' dir='ltr'>prosecutionis</span> <span class='ocrx_word' id='word_1_61' title='bbox 590 1260 704 1309; x_wconf 90' lang='lat' dir='ltr'>cause</span> <span class='ocrx_word' id='word_1_62' title='bbox 731 1233 994 1332; x_wconf 82' lang='lat' dir='ltr'>appellationis</span> <span class='ocrx_word' id='word_1_63' title='bbox 1012 1251 1197 1331; x_wconf 87' lang='lat' dir='ltr'>appareat</span> <span class='ocrx_word' id='word_1_64' title='bbox 1213 1235 1387 1321; x_wconf 88' lang='lat' dir='ltr'>auditori,</span> <span class='ocrx_word' id='word_1_65' title='bbox 1409 1236 1445 1309; x_wconf 92' lang='lat' dir='ltr'>in</span> <span class='ocrx_word' id='word_1_66' title='bbox 1463 1236 1585 1309; x_wconf 92' lang='lat' dir='ltr'>huius·</span> 
     </span>
     <span class='ocr_line' id='line_1_9' title="bbox 100 1358 1585 1459; baseline -0.001 -25"><span class='ocrx_word' id='word_1_67' title='bbox 100 1361 186 1436; x_wconf 89' lang='lat' dir='ltr'>modi</span> <span class='ocrx_word' id='word_1_68' title='bbox 212 1359 475 1458; x_wconf 85' lang='lat' dir='ltr'>appellationis</span> <span class='ocrx_word' id='word_1_69' title='bbox 502 1385 616 1434; x_wconf 88' lang='lat' dir='ltr'>causa</span> <span class='ocrx_word' id='word_1_70' title='bbox 634 1361 829 1456; x_wconf 89' lang='lat' dir='ltr'>deputato,</span> <span class='ocrx_word' id='word_1_71' title='bbox 850 1358 983 1434; x_wconf 87' lang='lat' dir='ltr'>saltem</span> <span class='ocrx_word' id='word_1_72' title='bbox 1003 1383 1072 1455; x_wconf 91' lang='lat' dir='ltr'>per</span> <span class='ocrx_word' id='word_1_73' title='bbox 1100 1359 1413 1459; x_wconf 87' lang='lat' dir='ltr'>subscriptionem</span> <span class='ocrx_word' id='word_1_74' title='bbox 1431 1361 1585 1435; x_wconf 88' lang='lat' dir='ltr'>alicuius</span> 
     </span>
     <span class='ocr_line' id='line_1_10' title="bbox 99 1481 1586 1583; baseline 0.001 -25"><span class='ocrx_word' id='word_1_75' title='bbox 99 1486 269 1580; x_wconf 88' lang='lat' dir='ltr'>scripture</span> <span class='ocrx_word' id='word_1_76' title='bbox 301 1485 563 1580; x_wconf 89' lang='lat' dir='ltr'>producende;</span> <span class='ocrx_word' id='word_1_77' title='bbox 597 1499 637 1560; x_wconf 89' lang='lat' dir='ltr'>et</span> <span class='ocrx_word' id='word_1_78' title='bbox 665 1484 729 1580; x_wconf 84' lang='lat' dir='ltr'>(si)</span> <span class='ocrx_word' id='word_1_79' title='bbox 757 1509 827 1580; x_wconf 89' lang='lat' dir='ltr'>pro</span> <span class='ocrx_word' id='word_1_80' title='bbox 853 1481 1049 1558; x_wconf 82' lang='lat' dir='ltr'>auditore²</span> <span class='ocrx_word' id='word_1_81' title='bbox 1070 1500 1206 1580; x_wconf 91' lang='lat' dir='ltr'>postea</span> <span class='ocrx_word' id='word_1_82' title='bbox 1223 1502 1456 1583; x_wconf 91' lang='lat' dir='ltr'>compertum</span> <span class='ocrx_word' id='word_1_83' title='bbox 1475 1486 1586 1562; x_wconf 82' lang='lat' dir='ltr'>luerit</span> 
     </span>
     <span class='ocr_line' id='line_1_11' title="bbox 99 1609 1586 1708; baseline 0.003 -27"><span class='ocrx_word' id='word_1_84' title='bbox 99 1609 378 1706; x_wconf 86' lang='lat' dir='ltr'>appellationem</span> <span class='ocrx_word' id='word_1_85' title='bbox 396 1634 483 1686; x_wconf 90' lang='lat' dir='ltr'>esse</span> <span class='ocrx_word' id='word_1_86' title='bbox 496 1609 694 1684; x_wconf 80' lang='lat' dir='ltr'>manifeste</span> <span class='ocrx_word' id='word_1_87' title='bbox 709 1609 889 1695; x_wconf 77' lang='lat' dir='ltr'>frivolam,</span> <span class='ocrx_word' id='word_1_88' title='bbox 905 1609 1113 1684; x_wconf 87' lang='lat' dir='ltr'>advocatus</span> <span class='ocrx_word' id='word_1_89' title='bbox 1132 1624 1172 1684; x_wconf 91' lang='lat' dir='ltr'>et</span> <span class='ocrx_word' id='word_1_90' title='bbox 1189 1627 1411 1704; x_wconf 91' lang='lat' dir='ltr'>procurator</span> <span class='ocrx_word' id='word_1_91' title='bbox 1428 1613 1586 1708; x_wconf 88' lang='lat' dir='ltr'>punian-</span> 
     </span>
     <span class='ocr_line' id='line_1_12' title="bbox 99 1733 1586 1832; baseline 0.001 -24"><span class='ocrx_word' id='word_1_92' title='bbox 99 1753 162 1822; x_wconf 87' lang='lat' dir='ltr'>tur,</span> <span class='ocrx_word' id='word_1_93' title='bbox 183 1735 243 1809; x_wconf 88' lang='lat' dir='ltr'>vel</span> <span class='ocrx_word' id='word_1_94' title='bbox 265 1733 370 1809; x_wconf 90' lang='lat' dir='ltr'>solus</span> <span class='ocrx_word' id='word_1_95' title='bbox 392 1737 614 1832; x_wconf 67' lang='lat' dir='ltr'>procurator</span> <span class='ocrx_word' id='word_1_96' title='bbox 642 1734 673 1808; x_wconf 90' lang='lat' dir='ltr'>si</span> <span class='ocrx_word' id='word_1_97' title='bbox 700 1735 780 1809; x_wconf 92' lang='lat' dir='ltr'>sine</span> <span class='ocrx_word' id='word_1_98' title='bbox 808 1734 995 1808; x_wconf 87' lang='lat' dir='ltr'>advocato</span> <span class='ocrx_word' id='word_1_99' title='bbox 1023 1751 1277 1831; x_wconf 87' lang='lat' dir='ltr'>prosequatur</span> <span class='ocrx_word' id='word_1_100' title='bbox 1309 1761 1434 1822; x_wconf 89' lang='lat' dir='ltr'>causa,</span> <span class='ocrx_word' id='word_1_101' title='bbox 1457 1737 1492 1810; x_wconf 93' lang='lat' dir='ltr'>in</span> <span class='ocrx_word' id='word_1_102' title='bbox 1520 1761 1586 1810; x_wconf 87' lang='lat' dir='ltr'>ex-</span> 
     </span>
     <span class='ocr_line' id='line_1_13' title="bbox 98 1857 1586 1958; baseline 0.003 -26"><span class='ocrx_word' id='word_1_103' title='bbox 98 1859 216 1954; x_wconf 91' lang='lat' dir='ltr'>pensis</span> <span class='ocrx_word' id='word_1_104' title='bbox 257 1884 371 1934; x_wconf 90' lang='lat' dir='ltr'>cause</span> <span class='ocrx_word' id='word_1_105' title='bbox 411 1858 686 1957; x_wconf 85' lang='lat' dir='ltr'>appellationis,</span> <span class='ocrx_word' id='word_1_106' title='bbox 716 1875 758 1934; x_wconf 93' lang='lat' dir='ltr'>ut</span> <span class='ocrx_word' id='word_1_107' title='bbox 799 1860 834 1934; x_wconf 92' lang='lat' dir='ltr'>in</span> <span class='ocrx_word' id='word_1_108' title='bbox 871 1857 944 1934; x_wconf 89' lang='lat' dir='ltr'>fine</span> <span class='ocrx_word' id='word_1_109' title='bbox 967 1859 1138 1955; x_wconf 86' lang='lat' dir='ltr'>proxime</span> <span class='ocrx_word' id='word_1_110' title='bbox 1165 1859 1405 1956; x_wconf 83' lang='lat' dir='ltr'>precedentis</span> <span class='ocrx_word' id='word_1_111' title='bbox 1433 1861 1586 1958; x_wconf 86' lang='lat' dir='ltr'>capituli</span> 
     </span>
     <span class='ocr_line' id='line_1_14' title="bbox 95 1983 1587 2082; baseline 0.004 -26"><span class='ocrx_word' id='word_1_112' title='bbox 95 1984 308 2060; x_wconf 90' lang='lat' dir='ltr'>continetur.</span> <span class='ocrx_word' id='word_1_113' title='bbox 331 1985 381 2058; x_wconf 94' lang='lat' dir='ltr'>Et</span> <span class='ocrx_word' id='word_1_114' title='bbox 408 1985 439 2058; x_wconf 92' lang='lat' dir='ltr'>si</span> <span class='ocrx_word' id='word_1_115' title='bbox 467 2008 583 2082; x_wconf 87' lang='lat' dir='ltr'>super</span> <span class='ocrx_word' id='word_1_116' title='bbox 602 1983 673 2058; x_wconf 90' lang='lat' dir='ltr'>hoc</span> <span class='ocrx_word' id='word_1_117' title='bbox 693 1983 845 2059; x_wconf 92' lang='lat' dir='ltr'>dubium</span> <span class='ocrx_word' id='word_1_118' title='bbox 865 1983 1008 2058; x_wconf 90' lang='lat' dir='ltr'>oriatur</span> <span class='ocrx_word' id='word_1_119' title='bbox 1034 1999 1159 2058; x_wconf 90' lang='lat' dir='ltr'>utrum</span> <span class='ocrx_word' id='word_1_120' title='bbox 1178 1984 1382 2080; x_wconf 88' lang='lat' dir='ltr'>appellatio</span> <span class='ocrx_word' id='word_1_121' title='bbox 1401 1987 1450 2060; x_wconf 92' lang='lat' dir='ltr'>sit</span> <span class='ocrx_word' id='word_1_122' title='bbox 1468 1984 1587 2062; x_wconf 80' lang='lat' dir='ltr'>mani·-</span> 
     </span>
     <span class='ocr_line' id='line_1_15' title="bbox 96 2107 1584 2196; baseline 0.003 -16"><span class='ocrx_word' id='word_1_123' title='bbox 96 2109 182 2181; x_wconf 86' lang='lat' dir='ltr'>ieste</span> <span class='ocrx_word' id='word_1_124' title='bbox 207 2107 351 2196; x_wconf 82' lang='lat' dir='ltr'>frivola,</span> <span class='ocrx_word' id='word_1_125' title='bbox 380 2109 440 2183; x_wconf 90' lang='lat' dir='ltr'>vel</span> <span class='ocrx_word' id='word_1_126' title='bbox 467 2133 553 2195; x_wconf 92' lang='lat' dir='ltr'>non,</span> <span class='ocrx_word' id='word_1_127' title='bbox 585 2107 675 2183; x_wconf 90' lang='lat' dir='ltr'>illud</span> <span class='ocrx_word' id='word_1_128' title='bbox 702 2107 926 2184; x_wconf 90' lang='lat' dir='ltr'>dimittimus</span> <span class='ocrx_word' id='word_1_129' title='bbox 957 2107 1166 2183; x_wconf 80' lang='lat' dir='ltr'>diffinitioni</span> <span class='ocrx_word' id='word_1_130' title='bbox 1185 2108 1301 2184; x_wconf 87' lang='lat' dir='ltr'>libere</span> <span class='ocrx_word' id='word_1_131' title='bbox 1327 2109 1584 2186; x_wconf 86' lang='lat' dir='ltr'>auditorum.³</span> 
     </span>
     <span class='ocr_line' id='line_1_16' title="bbox 169 2229 1586 2330; baseline 0.003 -24"><span class='ocrx_word' id='word_1_132' title='bbox 169 2229 293 2329; x_wconf 51' lang='grc' dir='ltr'>ἐφ’*</span> <span class='ocrx_word' id='word_1_133' title='bbox 320 2233 424 2321; x_wconf 90' lang='lat' dir='ltr'>ltem,</span> <span class='ocrx_word' id='word_1_134' title='bbox 464 2234 570 2330; x_wconf 89' lang='lat' dir='ltr'>quod</span> <span class='ocrx_word' id='word_1_135' title='bbox 605 2247 829 2330; x_wconf 89' lang='lat' dir='ltr'>procurator</span> <span class='ocrx_word' id='word_1_136' title='bbox 864 2231 901 2305; x_wconf 90' lang='lat' dir='ltr'>in</span> <span class='ocrx_word' id='word_1_137' title='bbox 943 2231 1186 2308; x_wconf 90' lang='lat' dir='ltr'>relationibus</span> <span class='ocrx_word' id='word_1_138' title='bbox 1214 2257 1288 2308; x_wconf 90' lang='lat' dir='ltr'>non</span> <span class='ocrx_word' id='word_1_139' title='bbox 1315 2237 1443 2310; x_wconf 89' lang='lat' dir='ltr'>turbet</span> <span class='ocrx_word' id='word_1_140' title='bbox 1469 2235 1586 2310; x_wconf 87' lang='lat' dir='ltr'>advo·</span> 
     </span>
     <span class='ocr_line' id='line_1_17' title="bbox 93 2356 1586 2458; baseline 0.003 -28"><span class='ocrx_word' id='word_1_141' title='bbox 93 2372 211 2430; x_wconf 87' lang='lat' dir='ltr'>catum</span> <span class='ocrx_word' id='word_1_142' title='bbox 237 2356 478 2458; x_wconf 87' lang='lat' dir='ltr'>allegantem,</span> <span class='ocrx_word' id='word_1_143' title='bbox 508 2357 579 2432; x_wconf 90' lang='lat' dir='ltr'>sed</span> <span class='ocrx_word' id='word_1_144' title='bbox 607 2358 735 2432; x_wconf 90' lang='lat' dir='ltr'>audiat</span> <span class='ocrx_word' id='word_1_145' title='bbox 761 2358 961 2456; x_wconf 87' lang='lat' dir='ltr'>patienter,</span> <span class='ocrx_word' id='word_1_146' title='bbox 992 2357 1062 2433; x_wconf 89' lang='lat' dir='ltr'>nisi</span> <span class='ocrx_word' id='word_1_147' title='bbox 1089 2374 1234 2433; x_wconf 86' lang='lat' dir='ltr'>erraret</span> <span class='ocrx_word' id='word_1_148' title='bbox 1262 2358 1301 2435; x_wconf 87' lang='lat' dir='ltr'>in</span> <span class='ocrx_word' id='word_1_149' title='bbox 1332 2359 1431 2435; x_wconf 86' lang='lat' dir='ltr'>sacto</span> <span class='ocrx_word' id='word_1_150' title='bbox 1459 2361 1519 2434; x_wconf 85' lang='lat' dir='ltr'>vel</span> <span class='ocrx_word' id='word_1_151' title='bbox 1549 2361 1586 2434; x_wconf 91' lang='lat' dir='ltr'>in</span> 
     </span>
     <span class='ocr_line' id='line_1_18' title="bbox 93 2481 1583 2571; baseline 0.005 -18"><span class='ocrx_word' id='word_1_152' title='bbox 93 2481 183 2556; x_wconf 88' lang='lat' dir='ltr'>actis</span> <span class='ocrx_word' id='word_1_153' title='bbox 211 2507 347 2571; x_wconf 89' lang='lat' dir='ltr'>cause;</span> <span class='ocrx_word' id='word_1_154' title='bbox 376 2499 415 2558; x_wconf 90' lang='lat' dir='ltr'>et</span> <span class='ocrx_word' id='word_1_155' title='bbox 444 2498 543 2568; x_wconf 91' lang='lat' dir='ltr'>tunc,</span> <span class='ocrx_word' id='word_1_156' title='bbox 565 2483 645 2558; x_wconf 89' lang='lat' dir='ltr'>siue</span> <span class='ocrx_word' id='word_1_157' title='bbox 674 2481 836 2557; x_wconf 89' lang='lat' dir='ltr'>tumultu</span> <span class='ocrx_word' id='word_1_158' title='bbox 864 2508 947 2556; x_wconf 92' lang='lat' dir='ltr'>cum</span> <span class='ocrx_word' id='word_1_159' title='bbox 975 2483 1187 2558; x_wconf 90' lang='lat' dir='ltr'>reverentia</span> <span class='ocrx_word' id='word_1_160' title='bbox 1212 2499 1253 2558; x_wconf 92' lang='lat' dir='ltr'>et</span> <span class='ocrx_word' id='word_1_161' title='bbox 1279 2485 1440 2560; x_wconf 89' lang='lat' dir='ltr'>honesto</span> <span class='ocrx_word' id='word_1_162' title='bbox 1459 2485 1583 2568; x_wconf 89' lang='lat' dir='ltr'>modo,</span> 
     </span>
     <span class='ocr_line' id='line_1_19' title="bbox 92 2606 1584 2705; baseline 0.004 -27"><span class='ocrx_word' id='word_1_163' title='bbox 92 2606 274 2702; x_wconf 86' lang='lat' dir='ltr'>exprimat</span> <span class='ocrx_word' id='word_1_164' title='bbox 301 2606 563 2682; x_wconf 88' lang='lat' dir='ltr'>tantummodo</span> <span class='ocrx_word' id='word_1_165' title='bbox 581 2606 672 2681; x_wconf 91' lang='lat' dir='ltr'>illud</span> <span class='ocrx_word' id='word_1_166' title='bbox 699 2608 832 2705; x_wconf 90' lang='lat' dir='ltr'>inquo</span> <span class='ocrx_word' id='word_1_167' title='bbox 859 2621 1005 2682; x_wconf 89' lang='lat' dir='ltr'>erratur</span> <span class='ocrx_word' id='word_1_168' title='bbox 1023 2607 1059 2680; x_wconf 91' lang='lat' dir='ltr'>iu</span> <span class='ocrx_word' id='word_1_169' title='bbox 1077 2606 1197 2684; x_wconf 84' lang='lat' dir='ltr'>facto:</span> <span class='ocrx_word' id='word_1_170' title='bbox 1222 2609 1255 2685; x_wconf 90' lang='lat' dir='ltr'>si</span> <span class='ocrx_word' id='word_1_171' title='bbox 1282 2608 1553 2696; x_wconf 83' lang='lat' dir='ltr'>contrafecerit,</span> <span class='ocrx_word' id='word_1_172' title='bbox 1571 2609 1584 2644; x_wconf 86' lang='lat'><strong>⁴</strong></span> 
     </span>
     <span class='ocr_line' id='line_1_20' title="bbox 91 2731 1588 2830; baseline 0.003 -28"><span class='ocrx_word' id='word_1_173' title='bbox 91 2732 236 2806; x_wconf 88' lang='lat' dir='ltr'>auditor</span> <span class='ocrx_word' id='word_1_174' title='bbox 265 2731 431 2807; x_wconf 88' lang='lat' dir='ltr'>reserens</span> <span class='ocrx_word' id='word_1_175' title='bbox 457 2733 581 2829; x_wconf 91' lang='lat' dir='ltr'>ipsum</span> <span class='ocrx_word' id='word_1_176' title='bbox 610 2733 819 2829; x_wconf 90' lang='lat' dir='ltr'>suspendat</span> <span class='ocrx_word' id='word_1_177' title='bbox 851 2733 899 2806; x_wconf 90' lang='lat' dir='ltr'>ab</span> <span class='ocrx_word' id='word_1_178' title='bbox 935 2731 1055 2806; x_wconf 85' lang='lat' dir='ltr'>offitio</span> <span class='ocrx_word' id='word_1_179' title='bbox 1083 2758 1154 2830; x_wconf 92' lang='lat' dir='ltr'>pro</span> <span class='ocrx_word' id='word_1_180' title='bbox 1179 2733 1295 2809; x_wconf 95' lang='lat' dir='ltr'>modo</span> <span class='ocrx_word' id='word_1_181' title='bbox 1322 2733 1442 2830; x_wconf 90' lang='lat' dir='ltr'>culpe,</span> <span class='ocrx_word' id='word_1_182' title='bbox 1474 2748 1588 2830; x_wconf 89' lang='lat' dir='ltr'>prout</span> 
     </span>
     <span class='ocr_line' id='line_1_21' title="bbox 88 2855 1586 2954; baseline 0.005 -26"><span class='ocrx_word' id='word_1_183' title='bbox 88 2855 122 2928; x_wconf 90' lang='lat' dir='ltr'>ei</span> <span class='ocrx_word' id='word_1_184' title='bbox 146 2855 336 2932; x_wconf 87' lang='lat' dir='ltr'>videbitur</span> <span class='ocrx_word' id='word_1_185' title='bbox 354 2856 643 2954; x_wconf 86' lang='lat' dir='ltr'>imperpetuum,</span> <span class='ocrx_word' id='word_1_186' title='bbox 663 2858 723 2931; x_wconf 91' lang='lat' dir='ltr'>vel</span> <span class='ocrx_word' id='word_1_187' title='bbox 749 2857 799 2932; x_wconf 86' lang='lat' dir='ltr'>ad</span> <span class='ocrx_word' id='word_1_188' title='bbox 818 2870 979 2953; x_wconf 89' lang='lat' dir='ltr'>tempus,</span> <span class='ocrx_word' id='word_1_189' title='bbox 999 2858 1059 2931; x_wconf 91' lang='lat' dir='ltr'>vel</span> <span class='ocrx_word' id='word_1_190' title='bbox 1078 2857 1171 2932; x_wconf 83' lang='lat' dir='ltr'>inira</span> <span class='ocrx_word' id='word_1_191' title='bbox 1190 2883 1374 2932; x_wconf 90' lang='lat' dir='ltr'>summam</span> <span class='ocrx_word' id='word_1_192' title='bbox 1389 2857 1505 2932; x_wconf 93' lang='lat' dir='ltr'>XXV</span> <span class='ocrx_word' id='word_1_193' title='bbox 1524 2859 1586 2936; x_wconf 91' lang='lat' dir='ltr'>flo-</span> 
     </span>
     <span class='ocr_line' id='line_1_22' title="bbox 92 2980 1586 3079; baseline 0.002 -25"><span class='ocrx_word' id='word_1_194' title='bbox 92 3004 264 3054; x_wconf 88' lang='lat' dir='ltr'>renomm</span> <span class='ocrx_word' id='word_1_195' title='bbox 292 2981 415 3078; x_wconf 88' lang='lat' dir='ltr'>ipsum</span> <span class='ocrx_word' id='word_1_196' title='bbox 444 2981 567 3078; x_wconf 88' lang='lat' dir='ltr'>possit</span> <span class='ocrx_word' id='word_1_197' title='bbox 601 2981 791 3056; x_wconf 84' lang='lat' dir='ltr'>mulctare.</span> <span class='ocrx_word' id='word_1_198' title='bbox 828 2982 883 3054; x_wconf 89' lang='lat' dir='ltr'>lta</span> <span class='ocrx_word' id='word_1_199' title='bbox 919 2980 1024 3077; x_wconf 93' lang='lat' dir='ltr'>quod</span> <span class='ocrx_word' id='word_1_200' title='bbox 1056 2982 1315 3079; x_wconf 89' lang='lat' dir='ltr'>suspensionis</span> <span class='ocrx_word' id='word_1_201' title='bbox 1351 2983 1412 3057; x_wconf 91' lang='lat' dir='ltr'>vel</span> <span class='ocrx_word' id='word_1_202' title='bbox 1447 2984 1586 3059; x_wconf 91' lang='lat' dir='ltr'>mulcte</span> 
     </span>
     <span class='ocr_line' id='line_1_23' title="bbox 91 3105 1587 3205; baseline 0.004 -29"><span class='ocrx_word' id='word_1_203' title='bbox 91 3127 223 3199; x_wconf 90' lang='lat' dir='ltr'>penam</span> <span class='ocrx_word' id='word_1_204' title='bbox 260 3105 384 3202; x_wconf 89' lang='lat' dir='ltr'>possit</span> <span class='ocrx_word' id='word_1_205' title='bbox 411 3106 615 3203; x_wconf 90' lang='lat' dir='ltr'>imponere,</span> <span class='ocrx_word' id='word_1_206' title='bbox 647 3105 852 3180; x_wconf 89' lang='lat' dir='ltr'>secundum</span> <span class='ocrx_word' id='word_1_207' title='bbox 893 3106 998 3202; x_wconf 91' lang='lat' dir='ltr'>quod</span> <span class='ocrx_word' id='word_1_208' title='bbox 1039 3107 1160 3203; x_wconf 86' lang='lat' dir='ltr'>magis</span> <span class='ocrx_word' id='word_1_209' title='bbox 1197 3132 1266 3182; x_wconf 88' lang='lat' dir='ltr'>sue</span> <span class='ocrx_word' id='word_1_210' title='bbox 1301 3107 1484 3205; x_wconf 90' lang='lat' dir='ltr'>placuerit</span> <span class='ocrx_word' id='word_1_211' title='bbox 1520 3133 1587 3182; x_wconf 90' lang='lat' dir='ltr'>vo·</span> 
     </span>
     <span class='ocr_line' id='line_1_24' title="bbox 89 3225 230 3304; baseline 0.028 -4"><span class='ocrx_word' id='word_1_212' title='bbox 89 3225 230 3304; x_wconf 89' lang='lat' dir='ltr'>luntati.</span> 
     </span>
    </p>

    <p class='ocr_par' dir='ltr' id='par_1_5' title="bbox 82 3351 1590 4829">
     <span class='ocr_line' id='line_1_25' title="bbox 164 3351 1587 3452; baseline 0.003 -25"><span class='ocrx_word' id='word_1_213' title='bbox 164 3355 241 3451; x_wconf 79' lang='lat'>§5.</span> <span class='ocrx_word' id='word_1_214' title='bbox 267 3351 289 3395; x_wconf 66' lang='lat'>&#39;⁸</span> <span class='ocrx_word' id='word_1_215' title='bbox 316 3354 422 3440; x_wconf 89' lang='lat' dir='ltr'>ltem,</span> <span class='ocrx_word' id='word_1_216' title='bbox 459 3355 563 3450; x_wconf 93' lang='lat' dir='ltr'>quod</span> <span class='ocrx_word' id='word_1_217' title='bbox 600 3355 767 3432; x_wconf 87' lang='lat' dir='ltr'>notarius</span> <span class='ocrx_word' id='word_1_218' title='bbox 804 3369 952 3430; x_wconf 86' lang='lat' dir='ltr'>secreta</span> <span class='ocrx_word' id='word_1_219' title='bbox 979 3379 1103 3442; x_wconf 88' lang='lat' dir='ltr'>cause,</span> <span class='ocrx_word' id='word_1_220' title='bbox 1134 3370 1174 3430; x_wconf 90' lang='lat' dir='ltr'>et</span> <span class='ocrx_word' id='word_1_221' title='bbox 1205 3357 1417 3452; x_wconf 89' lang='lat' dir='ltr'>specialiter</span> <span class='ocrx_word' id='word_1_222' title='bbox 1448 3355 1587 3432; x_wconf 83' lang='lat' dir='ltr'>iliade</span> 
     </span>
     <span class='ocr_line' id='line_1_26' title="bbox 88 3478 1588 3578; baseline 0.003 -29"><span class='ocrx_word' id='word_1_223' title='bbox 88 3479 221 3572; x_wconf 92' lang='lat' dir='ltr'>quibus</span> <span class='ocrx_word' id='word_1_224' title='bbox 241 3478 417 3554; x_wconf 87' lang='lat' dir='ltr'>habuerit</span> <span class='ocrx_word' id='word_1_225' title='bbox 434 3480 585 3556; x_wconf 88' lang='lat' dir='ltr'>auditor</span> <span class='ocrx_word' id='word_1_226' title='bbox 601 3478 836 3555; x_wconf 88' lang='lat' dir='ltr'>collationem</span> <span class='ocrx_word' id='word_1_227' title='bbox 857 3505 940 3554; x_wconf 89' lang='lat' dir='ltr'>cum</span> <span class='ocrx_word' id='word_1_228' title='bbox 960 3506 1017 3569; x_wconf 93' lang='lat' dir='ltr'>eo,</span> <span class='ocrx_word' id='word_1_229' title='bbox 1034 3493 1073 3554; x_wconf 92' lang='lat' dir='ltr'>et</span> <span class='ocrx_word' id='word_1_230' title='bbox 1089 3479 1151 3555; x_wconf 91' lang='lat' dir='ltr'>illa</span> <span class='ocrx_word' id='word_1_231' title='bbox 1169 3505 1245 3578; x_wconf 90' lang='lat' dir='ltr'>que</span> <span class='ocrx_word' id='word_1_232' title='bbox 1263 3507 1312 3556; x_wconf 92' lang='lat' dir='ltr'>ex</span> <span class='ocrx_word' id='word_1_233' title='bbox 1329 3481 1454 3558; x_wconf 87' lang='lat' dir='ltr'>officio</span> <span class='ocrx_word' id='word_1_234' title='bbox 1472 3482 1588 3556; x_wconf 89' lang='lat' dir='ltr'>debet</span> 
     </span>
     <span class='ocr_line' id='line_1_27' title="bbox 87 3603 1586 3694; baseline 0.003 -20"><span class='ocrx_word' id='word_1_235' title='bbox 87 3619 228 3678; x_wconf 88' lang='lat' dir='ltr'>secrete</span> <span class='ocrx_word' id='word_1_236' title='bbox 259 3619 401 3692; x_wconf 90' lang='lat' dir='ltr'>tenere,</span> <span class='ocrx_word' id='word_1_237' title='bbox 441 3603 580 3680; x_wconf 89' lang='lat' dir='ltr'>directe</span> <span class='ocrx_word' id='word_1_238' title='bbox 607 3603 667 3678; x_wconf 91' lang='lat' dir='ltr'>vel</span> <span class='ocrx_word' id='word_1_239' title='bbox 695 3604 875 3682; x_wconf 88' lang='lat' dir='ltr'>indirecte</span> <span class='ocrx_word' id='word_1_240' title='bbox 903 3628 978 3679; x_wconf 90' lang='lat' dir='ltr'>non</span> <span class='ocrx_word' id='word_1_241' title='bbox 1006 3605 1169 3694; x_wconf 90' lang='lat' dir='ltr'>revelet;</span> <span class='ocrx_word' id='word_1_242' title='bbox 1199 3631 1267 3680; x_wconf 92' lang='lat' dir='ltr'>nec</span> <span class='ocrx_word' id='word_1_243' title='bbox 1293 3621 1401 3682; x_wconf 87' lang='lat' dir='ltr'>extra</span> <span class='ocrx_word' id='word_1_244' title='bbox 1432 3605 1586 3680; x_wconf 91' lang='lat' dir='ltr'>domum</span> 
     </span>
     <span class='ocr_line' id='line_1_28' title="bbox 85 3725 1587 3828; baseline 0.003 -29"><span class='ocrx_word' id='word_1_245' title='bbox 85 3725 194 3802; x_wconf 87' lang='lat' dir='ltr'>iaciat</span> <span class='ocrx_word' id='word_1_246' title='bbox 220 3727 372 3824; x_wconf 89' lang='lat' dir='ltr'>copiam</span> <span class='ocrx_word' id='word_1_247' title='bbox 404 3751 626 3824; x_wconf 86' lang='lat' dir='ltr'>processus;</span> <span class='ocrx_word' id='word_1_248' title='bbox 664 3727 900 3805; x_wconf 91' lang='lat' dir='ltr'>collationem</span> <span class='ocrx_word' id='word_1_249' title='bbox 934 3727 1058 3816; x_wconf 85' lang='lat' dir='ltr'>saciat,</span> <span class='ocrx_word' id='word_1_250' title='bbox 1088 3745 1127 3804; x_wconf 92' lang='lat' dir='ltr'>et</span> <span class='ocrx_word' id='word_1_251' title='bbox 1153 3728 1281 3806; x_wconf 91' lang='lat' dir='ltr'>videat</span> <span class='ocrx_word' id='word_1_252' title='bbox 1309 3731 1340 3804; x_wconf 88' lang='lat' dir='ltr'>si</span> <span class='ocrx_word' id='word_1_253' title='bbox 1368 3731 1476 3828; x_wconf 91' lang='lat' dir='ltr'>copia</span> <span class='ocrx_word' id='word_1_254' title='bbox 1503 3755 1587 3804; x_wconf 91' lang='lat' dir='ltr'>con·</span> 
     </span>
     <span class='ocr_line' id='line_1_29' title="bbox 84 3852 1589 3952; baseline 0.003 -29"><span class='ocrx_word' id='word_1_255' title='bbox 84 3852 214 3927; x_wconf 89' lang='lat' dir='ltr'>cordet</span> <span class='ocrx_word' id='word_1_256' title='bbox 250 3878 338 3926; x_wconf 90' lang='lat' dir='ltr'>cum</span> <span class='ocrx_word' id='word_1_257' title='bbox 364 3853 537 3952; x_wconf 83' lang='lat' dir='ltr'>originali</span> <span class='ocrx_word' id='word_1_258' title='bbox 567 3877 769 3950; x_wconf 88' lang='lat' dir='ltr'>processu:</span> <span class='ocrx_word' id='word_1_259' title='bbox 785 3897 812 3910; x_wconf 92' lang='lat'>-</span> <span class='ocrx_word' id='word_1_260' title='bbox 830 3869 869 3928; x_wconf 90' lang='lat' dir='ltr'>et</span> <span class='ocrx_word' id='word_1_261' title='bbox 897 3870 1102 3952; x_wconf 89' lang='lat' dir='ltr'>postquam</span> <span class='ocrx_word' id='word_1_262' title='bbox 1130 3879 1199 3952; x_wconf 89' lang='lat' dir='ltr'>per</span> <span class='ocrx_word' id='word_1_263' title='bbox 1224 3855 1483 3930; x_wconf 89' lang='lat' dir='ltr'>advisamenta</span> <span class='ocrx_word' id='word_1_264' title='bbox 1520 3879 1589 3951; x_wconf 88' lang='lat' dir='ltr'>per</span> 
     </span>
     <span class='ocr_line' id='line_1_30' title="bbox 83 3975 1589 4080; baseline 0.003 -32"><span class='ocrx_word' id='word_1_265' title='bbox 83 3976 296 4052; x_wconf 87' lang='lat' dir='ltr'>auditorem</span> <span class='ocrx_word' id='word_1_266' title='bbox 309 3975 447 4052; x_wconf 84' lang='lat' dir='ltr'>suerint</span> <span class='ocrx_word' id='word_1_267' title='bbox 460 3979 595 4074; x_wconf 88' lang='lat' dir='ltr'>posita,</span> <span class='ocrx_word' id='word_1_268' title='bbox 613 3994 655 4053; x_wconf 92' lang='lat' dir='ltr'>ut</span> <span class='ocrx_word' id='word_1_269' title='bbox 670 3980 784 4054; x_wconf 89' lang='lat' dir='ltr'>moris</span> <span class='ocrx_word' id='word_1_270' title='bbox 799 3995 869 4067; x_wconf 90' lang='lat' dir='ltr'>est,</span> <span class='ocrx_word' id='word_1_271' title='bbox 882 3978 919 4054; x_wconf 93' lang='lat' dir='ltr'>in</span> <span class='ocrx_word' id='word_1_272' title='bbox 932 4004 1127 4077; x_wconf 89' lang='lat' dir='ltr'>processu,</span> <span class='ocrx_word' id='word_1_273' title='bbox 1139 3978 1189 4034; x_wconf 81' lang='lat'>-⁵</span> <span class='ocrx_word' id='word_1_274' title='bbox 1206 3979 1376 4056; x_wconf 90' lang='lat' dir='ltr'>notarius</span> <span class='ocrx_word' id='word_1_275' title='bbox 1390 3979 1589 4080; x_wconf 83' lang='lat' dir='ltr'>diligenter</span> 
     </span>
     <span class='ocr_line' id='line_1_31' title="bbox 85 4102 1589 4202; baseline 0.005 -31"><span class='ocrx_word' id='word_1_276' title='bbox 85 4118 120 4173; x_wconf 92' lang='lat' dir='ltr'>et</span> <span class='ocrx_word' id='word_1_277' title='bbox 137 4119 291 4178; x_wconf 88' lang='lat' dir='ltr'>secrete</span> <span class='ocrx_word' id='word_1_278' title='bbox 310 4102 497 4178; x_wconf 89' lang='lat' dir='ltr'>custodiat</span> <span class='ocrx_word' id='word_1_279' title='bbox 525 4119 748 4202; x_wconf 87' lang='lat' dir='ltr'>regestrum,</span> <span class='ocrx_word' id='word_1_280' title='bbox 770 4129 839 4181; x_wconf 88' lang='lat' dir='ltr'>nec</span> <span class='ocrx_word' id='word_1_281' title='bbox 857 4104 970 4180; x_wconf 92' lang='lat' dir='ltr'>etiam</span> <span class='ocrx_word' id='word_1_282' title='bbox 989 4130 1012 4179; x_wconf 90' lang='lat' dir='ltr'>a</span> <span class='ocrx_word' id='word_1_283' title='bbox 1039 4105 1118 4180; x_wconf 91' lang='lat' dir='ltr'>suis</span> <span class='ocrx_word' id='word_1_284' title='bbox 1145 4104 1287 4180; x_wconf 91' lang='lat' dir='ltr'>clericis</span> <span class='ocrx_word' id='word_1_285' title='bbox 1315 4103 1463 4202; x_wconf 89' lang='lat' dir='ltr'>possint</span> <span class='ocrx_word' id='word_1_286' title='bbox 1489 4105 1589 4178; x_wconf 86' lang='lat' dir='ltr'>dicta</span> 
     </span>
     <span class='ocr_line' id='line_1_32' title="bbox 82 4229 1587 4328; baseline 0.001 -28"><span class='ocrx_word' id='word_1_287' title='bbox 82 4229 320 4304; x_wconf 85' lang='lat' dir='ltr'>avisamenta</span> <span class='ocrx_word' id='word_1_288' title='bbox 346 4229 484 4316; x_wconf 92' lang='lat' dir='ltr'>videri;</span> <span class='ocrx_word' id='word_1_289' title='bbox 512 4233 577 4327; x_wconf 92' lang='lat' dir='ltr'>qui</span> <span class='ocrx_word' id='word_1_290' title='bbox 614 4232 781 4306; x_wconf 89' lang='lat' dir='ltr'>notarius</span> <span class='ocrx_word' id='word_1_291' title='bbox 817 4256 887 4328; x_wconf 89' lang='lat' dir='ltr'>per</span> <span class='ocrx_word' id='word_1_292' title='bbox 923 4257 965 4306; x_wconf 91' lang='lat' dir='ltr'>se</span> <span class='ocrx_word' id='word_1_293' title='bbox 1001 4247 1132 4318; x_wconf 88' lang='lat' dir='ltr'>testes,</span> <span class='ocrx_word' id='word_1_294' title='bbox 1172 4257 1255 4306; x_wconf 91' lang='lat' dir='ltr'>cum</span> <span class='ocrx_word' id='word_1_295' title='bbox 1284 4232 1318 4306; x_wconf 91' lang='lat' dir='ltr'>ei</span> <span class='ocrx_word' id='word_1_296' title='bbox 1345 4229 1587 4306; x_wconf 90' lang='lat' dir='ltr'>commissum</span> 
     </span>
     <span class='ocr_line' id='line_1_33' title="bbox 84 4353 1585 4456; baseline 0.001 -30"><span class='ocrx_word' id='word_1_297' title='bbox 84 4353 198 4443; x_wconf 87' lang='lat' dir='ltr'>iuerit,</span> <span class='ocrx_word' id='word_1_298' title='bbox 239 4355 433 4432; x_wconf 87' lang='lat' dir='ltr'>examinet</span> <span class='ocrx_word' id='word_1_299' title='bbox 459 4372 500 4431; x_wconf 92' lang='lat' dir='ltr'>et</span> <span class='ocrx_word' id='word_1_300' title='bbox 526 4355 785 4453; x_wconf 88' lang='lat' dir='ltr'>depositiones</span> <span class='ocrx_word' id='word_1_301' title='bbox 814 4356 968 4433; x_wconf 91' lang='lat' dir='ltr'>testium</span> <span class='ocrx_word' id='word_1_302' title='bbox 989 4357 1137 4444; x_wconf 90' lang='lat' dir='ltr'>scribat,</span> <span class='ocrx_word' id='word_1_303' title='bbox 1160 4383 1268 4456; x_wconf 88' lang='lat' dir='ltr'>quas,</span> <span class='ocrx_word' id='word_1_304' title='bbox 1288 4372 1330 4431; x_wconf 92' lang='lat' dir='ltr'>ut</span> <span class='ocrx_word' id='word_1_305' title='bbox 1348 4357 1488 4432; x_wconf 91' lang='lat' dir='ltr'>dictum</span> <span class='ocrx_word' id='word_1_306' title='bbox 1516 4369 1585 4438; x_wconf 88' lang='lat' dir='ltr'>est,</span> 
     </span>
     <span class='ocr_line' id='line_1_34' title="bbox 83 4480 1586 4580; baseline 0.004 -30"><span class='ocrx_word' id='word_1_307' title='bbox 83 4481 127 4553; x_wconf 91' lang='lat' dir='ltr'>de</span> <span class='ocrx_word' id='word_1_308' title='bbox 149 4496 333 4580; x_wconf 82' lang='lat' dir='ltr'>regestro</span> <span class='ocrx_word' id='word_1_309' title='bbox 351 4481 434 4555; x_wconf 88' lang='lat' dir='ltr'>viso</span> <span class='ocrx_word' id='word_1_310' title='bbox 451 4506 520 4579; x_wconf 87' lang='lat' dir='ltr'>per</span> <span class='ocrx_word' id='word_1_311' title='bbox 537 4483 759 4570; x_wconf 88' lang='lat' dir='ltr'>auditorem,</span> <span class='ocrx_word' id='word_1_312' title='bbox 782 4498 928 4558; x_wconf 88' lang='lat' dir='ltr'>secrete</span> <span class='ocrx_word' id='word_1_313' title='bbox 946 4495 1075 4558; x_wconf 87' lang='lat' dir='ltr'>teneat</span> <span class='ocrx_word' id='word_1_314' title='bbox 1093 4481 1214 4558; x_wconf 90' lang='lat' dir='ltr'>donec</span> <span class='ocrx_word' id='word_1_315' title='bbox 1231 4482 1371 4559; x_wconf 87' lang='lat' dir='ltr'>suerint</span> <span class='ocrx_word' id='word_1_316' title='bbox 1389 4480 1586 4580; x_wconf 89' lang='lat' dir='ltr'>publicate.</span> 
     </span>
     <span class='ocr_line' id='line_1_35' title="bbox 83 4603 1590 4705; baseline 0 -29"><span class='ocrx_word' id='word_1_317' title='bbox 83 4605 129 4679; x_wconf 91' lang='lat' dir='ltr'>Et</span> <span class='ocrx_word' id='word_1_318' title='bbox 146 4607 177 4680; x_wconf 91' lang='lat' dir='ltr'>si</span> <span class='ocrx_word' id='word_1_319' title='bbox 192 4605 373 4682; x_wconf 87' lang='lat' dir='ltr'>notarius</span> <span class='ocrx_word' id='word_1_320' title='bbox 392 4621 521 4680; x_wconf 89' lang='lat' dir='ltr'>contra</span> <span class='ocrx_word' id='word_1_321' title='bbox 540 4607 733 4703; x_wconf 89' lang='lat' dir='ltr'>premissa,</span> <span class='ocrx_word' id='word_1_322' title='bbox 751 4607 963 4683; x_wconf 90' lang='lat' dir='ltr'>temeritate</span> <span class='ocrx_word' id='word_1_323' title='bbox 984 4609 1149 4705; x_wconf 89' lang='lat' dir='ltr'>propria,</span> <span class='ocrx_word' id='word_1_324' title='bbox 1171 4608 1298 4683; x_wconf 90' lang='lat' dir='ltr'>venire</span> <span class='ocrx_word' id='word_1_325' title='bbox 1317 4603 1590 4704; x_wconf 88' lang='lat' dir='ltr'>presumpserit</span> 
     </span>
     <span class='ocr_line' id='line_1_36' title="bbox 82 4729 981 4829; baseline 0.009 -25"><span class='ocrx_word' id='word_1_326' title='bbox 82 4729 201 4806; x_wconf 84' lang='lat' dir='ltr'>officio</span> <span class='ocrx_word' id='word_1_327' title='bbox 231 4731 445 4806; x_wconf 84' lang='lat' dir='ltr'>notariatus</span> <span class='ocrx_word' id='word_1_328' title='bbox 471 4755 541 4827; x_wconf 91' lang='lat' dir='ltr'>per</span> <span class='ocrx_word' id='word_1_329' title='bbox 565 4731 776 4808; x_wconf 88' lang='lat' dir='ltr'>auditorem</span> <span class='ocrx_word' id='word_1_330' title='bbox 804 4732 981 4829; x_wconf 89' lang='lat' dir='ltr'>privetur.</span> 
     </span>
    </p>
   </div>
   <div class='ocr_carea' id='block_1_4' title="bbox 157 5023 983 5459">
    <p class='ocr_par' dir='ltr' id='par_1_6' title="bbox 158 5023 983 5190">
     <span class='ocr_line' id='line_1_37' title="bbox 158 5023 983 5102; baseline -0.002 -13"><span class='ocrx_word' id='word_1_331' title='bbox 158 5032 166 5066; x_wconf 91' lang='lat'><strong>¹</strong></span> <span class='ocrx_word' id='word_1_332' title='bbox 191 5029 303 5090; x_wconf 89' lang='lat' dir='ltr'>Liber</span> <span class='ocrx_word' id='word_1_333' title='bbox 327 5025 454 5086; x_wconf 78' lang='lat' dir='ltr'>«Corrst.</span> <span class='ocrx_word' id='word_1_334' title='bbox 473 5025 546 5085; x_wconf 85' lang='lat' dir='ltr'>Rot.</span> <span class='ocrx_word' id='word_1_335' title='bbox 566 5023 644 5086; x_wconf 81' lang='lat' dir='ltr'>Pal.</span> <span class='ocrx_word' id='word_1_336' title='bbox 662 5027 795 5102; x_wconf 82' lang='lat' dir='ltr'>Apost.»</span> <span class='ocrx_word' id='word_1_337' title='bbox 819 5027 983 5087; x_wconf 86' lang='lat' dir='ltr'>auditoris.</span> 
     </span>
     <span class='ocr_line' id='line_1_38' title="bbox 161 5115 806 5190; baseline -0.006 -12"><span class='ocrx_word' id='word_1_338' title='bbox 161 5119 173 5155; x_wconf 84' lang='lat'><strong>¹</strong></span> <span class='ocrx_word' id='word_1_339' title='bbox 193 5117 308 5178; x_wconf 89' lang='lat' dir='ltr'>Idem:</span> <span class='ocrx_word' id='word_1_340' title='bbox 327 5115 367 5174; x_wconf 89' lang='lat' dir='ltr'>Et</span> <span class='ocrx_word' id='word_1_341' title='bbox 385 5115 412 5174; x_wconf 92' lang='lat' dir='ltr'>si</span> <span class='ocrx_word' id='word_1_342' title='bbox 432 5131 490 5190; x_wconf 90' lang='lat' dir='ltr'>per</span> <span class='ocrx_word' id='word_1_343' title='bbox 508 5115 698 5175; x_wconf 89' lang='lat' dir='ltr'>auditorem.</span> <span class='ocrx_word' id='word_1_344' title='bbox 804 5123 806 5128; x_wconf 84' lang='lat'>&#39;</span> 
     </span>
    </p>

    <p class='ocr_par' dir='ltr' id='par_1_7' title="bbox 158 5202 502 5266">
     <span class='ocr_line' id='line_1_39' title="bbox 158 5202 502 5266; baseline -0.017 0"><span class='ocrx_word' id='word_1_345' title='bbox 158 5207 171 5243; x_wconf 81' lang='lat'><strong><em>³</em></strong></span> <span class='ocrx_word' id='word_1_346' title='bbox 189 5207 304 5266; x_wconf 91' lang='lat' dir='ltr'>Idem:</span> <span class='ocrx_word' id='word_1_347' title='bbox 324 5202 502 5262; x_wconf 87' lang='lat' dir='ltr'>Auditoris.</span> 
     </span>
    </p>

    <p class='ocr_par' dir='ltr' id='par_1_8' title="bbox 157 5293 752 5358">
     <span class='ocr_line' id='line_1_40' title="bbox 157 5293 752 5358; baseline -0.005 0"><span class='ocrx_word' id='word_1_348' title='bbox 157 5297 169 5334; x_wconf 87' lang='lat'>⁴</span> <span class='ocrx_word' id='word_1_349' title='bbox 187 5296 303 5358; x_wconf 82' lang='lat' dir='ltr'>idem:</span> <span class='ocrx_word' id='word_1_350' title='bbox 323 5293 400 5351; x_wconf 89' lang='lat' dir='ltr'>etsi</span> <span class='ocrx_word' id='word_1_351' title='bbox 417 5293 615 5352; x_wconf 87' lang='lat' dir='ltr'>contrarium</span> <span class='ocrx_word' id='word_1_352' title='bbox 634 5293 752 5356; x_wconf 83' lang='lat' dir='ltr'>fecerit.</span> 
     </span>
    </p>

    <p class='ocr_par' dir='ltr' id='par_1_9' title="bbox 158 5379 839 5459">
     <span class='ocr_line' id='line_1_41' title="bbox 158 5379 839 5459; baseline -0.001 -14"><span class='ocrx_word' id='word_1_353' title='bbox 158 5387 170 5422; x_wconf 80' lang='lat'><strong>³</strong></span> <span class='ocrx_word' id='word_1_354' title='bbox 190 5385 288 5446; x_wconf 89' lang='lat' dir='ltr'>Idem</span> <span class='ocrx_word' id='word_1_355' title='bbox 309 5379 409 5441; x_wconf 84' lang='lat' dir='ltr'>Liber</span> <span class='ocrx_word' id='word_1_356' title='bbox 428 5381 511 5440; x_wconf 90' lang='lat' dir='ltr'>hanc</span> <span class='ocrx_word' id='word_1_357' title='bbox 531 5382 628 5442; x_wconf 90' lang='lat' dir='ltr'>habet</span> <span class='ocrx_word' id='word_1_358' title='bbox 647 5385 839 5459; x_wconf 84' lang='lat' dir='ltr'>pericopam.</span> 
     </span>
    </p>
   </div>
   <div class='ocr_carea' id='block_1_5' title="bbox 0 0 1858 5918">
    <p class='ocr_par' dir='ltr' id='par_1_10' title="bbox 0 0 1858 5918">
     <span class='ocr_line' id='line_1_42' title="bbox 0 0 1858 5918; baseline 0 3"><span class='ocrx_word' id='word_1_359' title='bbox 0 0 1858 5918; x_wconf 95' lang='lat' dir='ltr'> </span> 
     </span>
    </p>
   </div>
  </div>
 </body>
</html>
