3688 5924
264 318 282 376 2
907 317 1044 377 Saeculo
1063 317 1136 378 XII

1445 423 1742 431 -·-.—-—----.-.-—..

264 503 438 578 Zacharie
467 503 649 591 videlicet,
679 504 829 602 Leonis,
849 522 888 577 et
914 506 1068 579 Adriani
1098 506 1352 581 Romanorum
1383 506 1610 594 Pontificum,
1635 533 1751 583 coram

265 627 372 702 nobis
399 628 435 701 in
465 626 628 700 medium
661 626 817 725 protulit
844 627 1197 724 multitudinemque
1226 631 1377 704 testium
1413 630 1462 704 ad
1490 629 1753 706 defendendam

264 770 303 826 et
338 751 655 838 demostrandam
690 753 725 826 in
762 777 875 848 quam
913 753 1180 850 proclamabat,
1216 753 1440 842 libertatem,
1474 755 1665 852 produxit.
1700 757 1753 830 Tu
1831 783 1832 800 ¹

264 901 355 950 vero
382 902 404 950 e
432 893 563 950 contra
594 877 825 973 proposuisti
852 878 956 974 quod
984 904 1069 952 cum
1106 877 1199 952 infra
1226 879 1319 953 fines
1348 897 1412 953 tue
1439 879 1623 955 dioecesis
1651 883 1756 954 immo

264 1001 366 1075 iuxta
396 1025 523 1074 muros
551 1017 615 1074 tue
643 1000 801 1076 civitatis
821 1001 928 1075 'idem
957 1002 1009 1076 sit
1032 1004 1298 1076 monasterium
1325 1002 1533 1091 fundatum,
1562 1005 1645 1080 iure
1670 1031 1757 1078 com-
1831 1057 1832 1110 ,

264 1125 371 1199 muni
403 1127 452 1199 ad
480 1125 687 1200 Ecclesiam
722 1143 824 1200 tuam
860 1126 984 1200 debeat
1018 1129 1205 1222 pertinere
1234 1144 1272 1201 et
1309 1154 1425 1225 super
1461 1131 1533 1204 hoc
1560 1130 1756 1204 multorum

266 1266 304 1324 te
339 1274 523 1325 canonum
543 1209 777 1324 ⁸auctoritate
815 1251 950 1324 fretum
983 1251 1107 1325 dixisti
1145 1252 1281 1349 quibus
1313 1278 1495 1349 expresse
1533 1270 1758 1328 monstratur
1831 1271 1832 1302 ¹

265 1376 369 1472 quod
410 1376 639 1450 monasteria
679 1391 719 1449 et
761 1373 929 1450 Ecclesie
969 1379 1017 1450 ad
1057 1376 1268 1476 Episcopus
1305 1379 1494 1474 pertinent
1531 1380 1565 1452 in
1602 1405 1757 1476 quorum
1831 1405 1832 1428 ¹

266 1501 452 1575 territorio
481 1499 635 1575 lundata
662 1515 877 1577 noscuntur.
906 1499 1093 1600 Allegasti
1117 1503 1229 1576 etiam
1256 1503 1406 1597 quoda
1434 1503 1631 1601 sexaginta
1657 1504 1759 1576 annis

267 1643 367 1700 retro
402 1625 570 1700 Ecclesia
607 1643 672 1700 tua
708 1643 747 1700 et
782 1627 805 1700 ii
843 1627 906 1723 qui
941 1641 979 1702 te
1007 1627 1043 1700 in
1080 1627 1426 1725 archiepiscopatus
1463 1628 1646 1728 dignitate
1678 1653 1759 1724 pre-

265 1768 460 1826 cesserunt
487 1751 769 1848 possessionem
787 1752 956 1826 eiusdem
983 1751 1210 1839 monasterii,
1241 1751 1521 1828 benedictiones
1540 1752 1761 1828 Abbatissa-

268 1903 349 1949 rum
378 1893 417 1949 et
444 1875 669 1962 monialium,
708 1892 747 1950 et
774 1875 1044 1952 celebrationes
1080 1875 1282 1952 Missarum
1315 1877 1556 1975 publicarum,
1586 1877 1762 1953 obedien·

267 2005 356 2076 tiam
384 2017 423 2074 et
449 2001 677 2088 fidelitatem,
707 2026 750 2076 ac
779 2002 1065 2098 suspensionem
1090 1996 1321 2078 clericorum
1347 2003 1517 2077 eiusdem
1551 2001 1764 2076 monasterii

268 2126 497 2201 habuissent.
529 2123 705 2219 Quatuor
731 2151 884 2224 quoque
908 2143 1025 2201 testes
1054 2126 1290 2202 nihilominus
1317 2127 1538 2225 produxisti,
1569 2144 1648 2202 tres
1676 2151 1762 2222 quo·

234 2305 241 2322 .
268 2278 351 2325 rum
383 2251 492 2324 iurati
519 2249 776 2347 deposuerunt
803 2251 908 2347 quod
936 2254 1030 2324 Atta
1057 2252 1275 2340 Abbatissa,
1297 2278 1390 2340 cum,
1412 2267 1570 2326 vacante
1599 2252 1765 2326 Ecclesia

267 2377 459 2473 Capuana,
490 2400 513 2448 a
543 2376 712 2449 Roberto
739 2375 932 2472 quondam
961 2375 1153 2451 Suessano
1182 2377 1372 2474 Episcopo
1400 2376 1569 2452 eiusdem
1599 2375 1764 2452 Ecclesie

154 2497 158 2504 ’
267 2501 506 2601 suffraganeo
533 2501 730 2575 benedicta
749 2501 892 2586 luisset,
913 2501 962 2573 ad
982 2501 1270 2599 suggestionem
1290 2501 1564 2575 Canonicorum
1584 2501 1765 2597 Capuane

269 2626 434 2701 Ecclesie
460 2626 510 2700 ab
536 2625 672 2699 eodem
701 2624 890 2721 Episcopo
918 2624 1096 2720 requisita
1115 2624 1163 2700 de
1181 2625 1394 2700 obedientia
1421 2641 1460 2700 et
1487 2625 1670 2700 fidelitate
1698 2625 1764 2722 ipsi

269 2753 435 2828 Ecclesie
471 2749 691 2835 exhibenda,
730 2764 808 2822 tam
846 2747 1013 2824 Ecclesie
1051 2774 1167 2847 quam
1204 2750 1509 2848 ArchiepiscopO,
1548 2776 1634 2824 cum
1673 2749 1767 2824 loret

267 2878 506 2962 substitutus,
535 2874 788 2950 obedientiam
806 2891 845 2948 et
872 2873 1088 2948 fidelitatem
1117 2875 1261 2950 iuravit.
1283 2875 1465 2950 Adiecisti
1483 2876 1639 2972 insuper
1666 2871 1767 2972 quod

270 3002 459 3100 quandam
488 2981 698 3084 monialem,
728 3024 841 3094 quam
870 2999 1042 3086 eiecerat,
1081 3000 1132 3072 ad·
1166 3015 1269 3072 tuam
1307 2999 1636 3073 commonitionem
1670 3019 1767 3071 man·

271 3131 400 3203 datum
430 3126 580 3222 recepit,
610 3141 649 3198 et
676 3125 711 3197 ei
737 3125 774 3197 in
802 3125 966 3219 quadam
994 3123 1211 3198 monasterii
1239 3125 1296 3200 sui
1325 3125 1417 3200 cella
1444 3126 1492 3198 de
1521 3125 1655 3199 Teano
1683 3149 1770 3222 pro-

271 3255 372 3328 vidit.
404 3252 579 3324 Preterea
611 3249 728 3345 ipsius
760 3250 976 3324 monasterii
1013 3248 1149 3324 Clerici
1183 3273 1206 3322 a
1242 3265 1281 3323 te
1318 3266 1357 3322 et
1393 3249 1668 3346 predecessore
1706 3265 1770 3322 tuo

271 3379 319 3451 de
355 3375 533 3450 fidelitate
560 3372 737 3469 requisiti,
768 3397 853 3446 eam
879 3375 986 3448 vobis
1016 3374 1274 3450 exhibuerunt.
1305 3373 1404 3448 Sane
1432 3401 1517 3448 cum
1546 3399 1666 3472 super
1703 3375 1771 3446 hiis

270 3501 402 3574 fuisset
429 3497 616 3572 hincinde
643 3495 782 3570 diutius
799 3495 998 3594 litigatum,
1028 3495 1231 3596 privilegiis
1260 3496 1479 3594 Principum,
1509 3515 1697 3594 quantum
1724 3496 1773 3570 ad

270 3623 453 3699 libertatis
480 3621 720 3695 donationem
748 3636 789 3695 et
816 3621 1030 3693 monasterii
1057 3623 1346 3717 exemptionem,
1385 3622 1473 3718 quia
1509 3646 1577 3695 nec
1613 3623 1667 3696 illi
1706 3646 1772 3694 nec

270 3750 330 3823 alii
356 3748 438 3822 laici
466 3746 677 3821 huiusmodi
712 3761 875 3842 possunt
903 3743 1080 3819 Ecclesiis
1106 3746 1318 3821 libertatem
1355 3746 1508 3834 donare,
1545 3747 1770 3821 nullatenus.

272 3875 367 3948 sicut
386 3873 540 3970 dignum
559 3886 630 3956 est,
650 3869 861 3956 innitentes,
883 3870 1116 3968 privilegium
1136 3870 1310 3945 Zacharie
1329 3887 1485 3968 propter
1508 3872 1634 3945 stilum
1656 3875 1774 3946 dicta-

271 3999 379 4072 minis
397 4014 436 4071 et
463 3995 742 4092 corruptionem
768 3995 1012 4093 grammatice
1037 3997 1129 4070 artis
1157 4011 1196 4070 et
1223 4011 1382 4092 propter
1409 3997 1654 4072 simoniacum
1685 4021 1775 4070 con·

271 4139 431 4198 tractum
459 4145 571 4218 quem
599 4119 825 4206 continebat,
855 4120 1028 4196 videlicet
1054 4121 1158 4217 quod
1187 4120 1394 4196 Ecclesiam
1429 4122 1631 4210 venditam,
1669 4121 1775 4218 quod

271 4250 319 4322 de
348 4264 424 4322 tam
452 4263 584 4321 sancto
614 4247 695 4319 viro
723 4245 827 4320 nefas
855 4262 915 4319 est
942 4246 1107 4332 credere,
1139 4247 1406 4331 confirmasset,
1437 4263 1476 4319 et
1503 4263 1664 4345 propter
1693 4272 1776 4343 per-

270 4397 472 4472 gamenum
501 4371 624 4459 etiam,
654 4371 758 4468 quod
787 4370 847 4442 vix
875 4385 1023 4445 centum
1042 4371 1239 4446 videbatur
1257 4397 1343 4446 esse
1362 4395 1555 4456 annorum,
1577 4397 1665 4445 cum
1686 4397 1777 4470 qua·
1831 4351 1832 4354 Ἴ

237 4563 240 4568 .
271 4498 555 4596 dringentorum
574 4520 767 4578 annorum,
798 4512 910 4591 prout
937 4497 973 4568 in
993 4495 1175 4570 chronicis
1194 4497 1363 4584 habetur,
1385 4498 1545 4592 spatium
1566 4498 1780 4571 decurrerit
1831 4559 1832 4590 ,

271 4623 375 4719 quod
417 4621 514 4694 idem
555 4619 753 4693 Zacharias
794 4619 969 4706 decessit,
1005 4618 1240 4717 privilegium
1275 4637 1401 4698 autem
1440 4620 1578 4696 Leonis
1615 4637 1781 4717 propter

271 4747 400 4820 vitium
429 4763 467 4820 et
495 4745 772 4841 corruptionem
800 4743 1044 4844 grammatice
1080 4745 1182 4830 artis,
1224 4747 1271 4820 de
1304 4771 1381 4841 quo
1418 4762 1495 4818 tam
1529 4745 1701 4821 litterato
1740 4762 1782 4820 et
1831 4745 1832 4748 ’

272 4872 445 4968 prudenti
482 4871 562 4944 viro
596 4869 800 4944 absurdum
837 4885 897 4942 est
931 4871 1112 4942 extimare
1148 4870 1251 4966 quod
1285 4886 1362 4945 tam
1397 4870 1532 4944 idiotas
1566 4871 1781 4968 scriptores
1831 4903 1832 4986 p

274 4995 453 5080 habuerit,
498 5010 537 5069 et
578 5009 734 5091 propter
776 4995 925 5080 bullam,
964 5017 1039 5090 que
1075 5019 1098 5068 a
1136 4994 1245 5069 bullis
1285 4997 1452 5070 eiusdem
1498 4996 1648 5081 Leonis,
1702 5024 1782 5096 que
1831 4987 1832 4994 ἵ

272 5145 399 5196 coram
445 5120 552 5195 nobis
603 5121 785 5216 producte
826 5118 983 5202 fuerant,
1022 5121 1173 5194 omnino
1219 5124 1461 5217 comparebat
1503 5121 1697 5196 dissimilis
1743 5140 1784 5198 et

273 5246 433 5333 diversa,
464 5270 548 5319 cum
576 5244 637 5318 ille
665 5246 761 5318 inter
789 5270 830 5318 se
867 5261 1128 5342 comparerent
1155 5269 1223 5342 per
1254 5245 1377 5319 omnia
1406 5245 1555 5332 similes,
1594 5267 1783 5344 suspecta

272 5387 312 5445 et
347 5370 419 5444 fide
458 5395 532 5444 non
564 5370 677 5467 digna
715 5369 967 5444 iudicavimus.
1007 5369 1125 5444 Porro
1168 5369 1401 5468 privilegium
1439 5373 1550 5446 beate
1592 5375 1786 5448 memorie
