3720 5914
244 310 297 370 182
891 317 1029 377 Soeculo
1047 316 1116 376 XV

321 521 425 580 motu
454 507 606 603 proprio
633 525 748 582 etex
775 526 877 584 certa
905 509 1069 595 scientia,
1101 507 1171 582 hac
1199 508 1443 606 irrefragabili
1476 507 1738 583 constitutione

241 645 428 727 perpetuo
447 631 616 716 valitura,
646 635 873 710 auctoritate
890 634 1097 730 apostolica
1117 636 1316 708 statuimus
1340 649 1380 707 et
1404 634 1619 708 ordinamus
1638 635 1739 728 quod

243 752 428 828 dictorum
465 754 692 830 Auditorum
721 774 760 832 et
788 757 1096 832 Locatenentium
1134 758 1353 830 eorumdem
1391 782 1568 830 numerus
1602 755 1667 853 qui
1693 755 1739 829 ad

242 903 402 975 presens
429 881 715 984 quatuordecim
743 908 830 957 esse
858 883 1110 979 perhibentur,
1133 881 1181 955 de
1209 897 1335 956 cetero
1359 881 1611 955 duodenarius
1640 881 1738 954 dum-

244 1019 349 1078 taxat
382 1004 537 1080 existat:
567 1007 748 1102 quodque
777 1008 807 1081 si
836 1008 900 1103 qui
929 1031 1044 1102 supra
1072 984 1255 1079 statutum
1291 1030 1487 1080 numerum
1516 1031 1563 1078 ex
1599 1005 1740 1078 dilectis

242 1127 329 1203 filiis
359 1129 553 1227 Magistris
581 1129 755 1227 Gaspare
784 1131 832 1206 de
851 1131 1050 1216 Theramo‚
1081 1131 1237 1206 Decano
1258 1131 1369 1216 Rote,
1390 1130 1554 1204 Iohanne
1573 1130 1621 1202 de
1642 1127 1742 1202 Coca

243 1253 339 1349 Epo.
363 1252 632 1352 Calaguritan.,
653 1256 960 1341 Locumtenente,
983 1255 1174 1330 Ludovico
1189 1257 1237 1328 de
1256 1255 1476 1341 Ludovisiis,
1505 1254 1668 1328 Iohanne
1696 1255 1741 1327 de

245 1377 455 1462 Ceretanis,
485 1379 650 1454 Iohanne
681 1382 729 1454 de
772 1381 973 1467 Cesarinis,
1010 1381 1177 1455 Antonio
1209 1379 1256 1453 de
1294 1377 1460 1465 Crassis,
1500 1378 1661 1453 Fautino
1698 1377 1743 1450 de

245 1501 365 1588 Valle,
407 1504 571 1579 Iohanne
615 1506 815 1580 Francisco
857 1506 1007 1590 Pavin0‚
1047 1505 1220 1579 Mattheo
1252 1504 1299 1578 de
1337 1505 1459 1590 Porta,
1499 1503 1656 1578 Nicolao
1697 1501 1743 1575 de

247 1626 418 1713 Ubaldis,
441 1628 617 1702 Gabriele
645 1632 693 1702 de
715 1630 952 1708 Contarenis
979 1630 1246 1704 Bartholomeo
1275 1631 1323 1703 de
1346 1628 1563 1714 BelenciniS,
1586 1627 1745 1702 Nicolao

245 1750 293 1824 de
321 1751 454 1837 Edam,
486 1753 597 1827 Petro
625 1756 672 1828 de
702 1755 870 1842 Ferrera,
899 1755 1089 1830 modernis
1122 1779 1318 1828 causarum
1358 1755 1446 1829 dicti
1474 1755 1599 1851 palatii
1626 1753 1740 1828 Audi·

155 1889 158 1896 '
245 1875 388 1951 toribus
416 1893 455 1950 et
483 1877 800 1954 Locatenentibus
830 1878 925 1954 tales
952 1905 1040 1954 esse
1068 1880 1258 1964 desierim,
1288 1878 1409 1952 officia
1437 1904 1505 1952 sua
1533 1879 1745 1952 huiusmodi

245 1999 421 2076 deficiant
450 2002 554 2077 inse
591 2003 683 2099 ipsis
715 2021 754 2078 et
791 2005 954 2078 extincta
994 2006 1144 2101 penitus
1186 2005 1259 2078 sint
1300 2018 1340 2078 et
1379 2028 1466 2078 esse
1507 2019 1742 2087 censeantur,

244 2126 391 2224 illisque
428 2143 494 2202 aut
530 2153 660 2203 eorum
689 2131 797 2204 alteri
828 2130 1032 2228 aggregari
1061 2154 1172 2204 nemo
1199 2130 1322 2226 possit
1349 2153 1472 2226 neque
1500 2131 1635 2215 valeat,
1666 2121 1750 2200 nul?

245 2252 379 2347 Iusque
406 2253 558 2328 omniuo
590 2253 689 2328 ultra
717 2253 930 2352 prefinitum
960 2279 1155 2328 numerum
1183 2254 1455 2328 duodenarium
1484 2279 1746 2350 quarumcum-

246 2399 321 2470 que
340 2375 546 2449 litterarum
575 2395 641 2450 aut
675 2379 938 2452 mandatorum
967 2378 1260 2474 apostolicorum
1289 2378 1420 2477 vigore
1447 2379 1629 2453 hactenus
1658 2402 1747 2452 con·

246 2525 438 2574 cessurum
465 2527 509 2575 ac
547 2501 723 2599 deinceps
750 2504 876 2576 forsan
910 2502 1235 2576 concedendorum
1270 2504 1341 2576 sub
1371 2505 1504 2600 quavis
1546 2506 1745 2577 verborum

246 2624 375 2710 sorma,
406 2625 519 2698 etiam
556 2651 735 2700 censuras
762 2643 802 2701 et
828 2627 921 2701 alias
957 2651 1073 2724 penas
1102 2627 1313 2724 ipso.iacto
1340 2628 1597 2726 irrogantium,
1633 2629 1745 2701 etiam

243 2751 273 2822 si
291 2749 366 2822 iam
393 2751 443 2824 ad
469 2749 614 2824 illorum
634 2753 953 2848 presentationem
973 2753 1021 2825 sit
1040 2777 1271 2848 processum,
1291 2779 1335 2827 ac
1355 2753 1454 2827 dicto
1474 2778 1630 2826 numero
1650 2754 1745 2826 duo-

243 2874 408 2961 denario,
430 2890 545 2963 motu,
568 2878 723 2950 scientia
741 2892 780 2952 et
794 2879 1016 2952 auctoritate
1036 2877 1227 2960 similibus,
1245 2876 1519 2976 derogantium,
1536 2878 1650 2952 etiam
1666 2879 1697 2950 si
1712 2879 1745 2950 in

245 2999 316 3074 illis
334 3001 381 3075 de
400 3000 589 3074 individuo
609 3005 796 3098 presentis
811 3002 941 3077 statuti
957 3018 995 3076 et
1008 3002 1255 3076 ordinationis
1269 3017 1397 3075 nostre
1417 3019 1547 3076 tenore
1563 3001 1745 3099 specialis,

247 3125 420 3220 specifica
448 3144 487 3199 et
515 3151 707 3223 expressa,
738 3152 813 3203 non
840 3143 967 3201 autem
995 3152 1064 3224 per
1095 3125 1293 3225 generales
1321 3124 1519 3212 clausulas,
1550 3127 1748 3226 derogatio

248 3263 353 3323 motu
381 3268 421 3324 et
448 3252 602 3326 scientia
630 3251 810 3326 similibus
839 3251 912 3338 fiat,
939 3275 1035 3347 quas
1063 3269 1101 3326 et
1130 3277 1204 3348 que
1229 3267 1357 3348 preter
1376 3268 1416 3325 et
1433 3268 1565 3325 contra
1584 3268 1747 3326 mentem

249 3391 416 3448 nostram
450 3401 494 3451 ac
530 3377 727 3450 utilitatem
765 3377 952 3472 publicam
987 3393 1028 3450 et
1063 3376 1287 3474 litigantium
1325 3376 1503 3472 precipue
1537 3401 1744 3472 pauperum

248 3499 461 3576 relevamen
496 3525 694 3575 emanasse
727 3517 794 3575 aut
829 3501 865 3574 in
903 3521 1099 3597 posterum
1136 3526 1313 3575 emanare
1350 3517 1483 3575 tenore
1516 3501 1744 3598 presentium

247 3625 494 3713 declaramus,
524 3627 702 3723 deinceps
730 3626 951 3700 admittatur
976 3627 1036 3700 vel
1064 3626 1211 3700 admitti
1238 3627 1361 3722 possit
1392 3652 1458 3700 seu
1487 3627 1625 3701 debeat
1652 3650 1747 3721 quo-

248 3750 452 3845 quomod0,
484 3753 604 3826 donec
633 3745 845 3848 Collegium
882 3751 1006 3847 ipsum
1034 3753 1083 3825 ad
1112 3751 1384 3826 duodenarium
1410 3775 1606 3824 numerum
1643 3751 1748 3827 reda·

250 3889 353 3948 ctum
384 3878 445 3963 sit,

330 4022 407 4084 nec,
430 4001 542 4072 etiam
572 4023 729 4072 numero
747 3998 919 4095 predicto
937 3980 1131 4087 diminuto,
1153 3998 1311 4073 durante
1325 3999 1497 4073 absentia
1515 3996 1747 4072 Venerabilis

250 4121 374 4196 fratris
402 4128 519 4196 nostri
548 4123 722 4197 Roderici
751 4123 833 4219 Epi.
875 4123 1103 4197 Albanensis
1132 4141 1262 4198 sancte
1298 4125 1415 4199 Rom:
1445 4123 1603 4197 ecclesie
1638 4121 1748 4196 Vice-

251 4246 457 4321 cancellarii
480 4249 528 4321 ad
550 4246 818 4343 Hispaniarum
837 4249 974 4346 Regna
1002 4247 1102 4322 sedis
1130 4247 1338 4343 apostolice
1366 4246 1492 4347 legati,
1519 4272 1643 4321 coram
1673 4271 1747 4343 quo

251 4388 290 4445 et
322 4397 391 4468 pro
429 4387 599 4469 tempore
636 4375 823 4448 existente
860 4373 1031 4447 eiusdem
1068 4373 1225 4447 ecclesie
1255 4372 1566 4447 Vicecancellario
1591 4388 1746 4452 tantum,

250 4513 290 4571 et
318 4520 392 4571 non
419 4497 523 4584 alias,
558 4499 765 4573 Auditores
793 4499 841 4572 ad
877 4499 1001 4595 ipsum
1031 4497 1217 4582 Officium,
1248 4500 1297 4572 de
1325 4515 1454 4572 cetero
1481 4497 1745 4574 admittendos.

249 4620 519 4696 examinandos
547 4622 636 4710 fore,
659 4625 1017 4719 prenominatosque
1046 4637 1086 4696 et
1113 4621 1206 4696 alios
1235 4622 1328 4696 inlra
1356 4637 1593 4720 pretaxatum
1622 4645 1749 4695 nume-

250 4771 332 4820 rum
360 4745 568 4822 existentes
597 4749 804 4822 Auditores
832 4771 1029 4822 causarum
1059 4747 1146 4821 dicti
1174 4746 1302 4843 palatii
1330 4748 1379 4820 ad
1408 4746 1659 4843 recipiendum
1692 4744 1748 4818 vel

247 4871 520 4944 admittendum
548 4874 774 4968 quempiam,
797 4873 864 4946 nisi
885 4895 1052 4957 numero,
1073 4887 1115 4945 ut
1133 4871 1360 4967 premittitur
1380 4872 1545 4959 redacto,
1570 4871 1748 4944 diminuto
1845 4919 1846 4922 ,

250 5022 294 5070 ac
321 4996 491 5070 examine
519 4998 618 5072 Iacto
646 4999 749 5071 iuxta
777 5021 919 5072 morem
949 4997 983 5069 in
1013 4997 1203 5094 presentia
1230 4997 1386 5093 predicti
1416 4996 1590 5070 Roderici
1617 5021 1660 5068 ac
1683 5019 1748 5092 pro

249 5139 421 5217 tempore
458 5123 653 5196 existentis
672 5122 817 5218 prefate
839 5122 996 5196 ecclesie
1011 5119 1322 5208 vicecancellarii,
1346 5145 1420 5196 non
1439 5123 1558 5195 teneri
1577 5144 1646 5194 nec
1664 5143 1747 5216 pro

250 5261 382 5342 pterea
408 5245 534 5343 aliqua
562 5246 814 5321 ecclesiastica
842 5269 999 5321 censura
1028 5272 1094 5320 seu
1130 5247 1237 5342 penis
1264 5247 1358 5333 aliis,
1387 5271 1483 5344 quas
1512 5270 1582 5341 pro
1609 5243 1748 5317 insectis

252 5371 380 5445 haberi
409 5371 592 5457 volumus,
623 5372 759 5445 arctari
788 5395 905 5467 posse
932 5371 1178 5446 decemimus.
