3720 5916
273 317 329 378 400
892 315 1031 376 Saeculo
1049 315 1156 376 XVII

274 513 405 610 Ripae,
426 513 571 602 Pineae,
595 512 806 612 Campitelli
833 531 872 588 et
900 512 938 591 S.
959 512 1110 612 Angeli,
1130 528 1170 588 et
1189 514 1293 610 qnod
1320 541 1343 587 a
1371 514 1420 590 D.
1443 514 1626 610 Raspono
1643 513 1766 588 Secre

273 639 368 712 tario
396 639 600 735 reciperem
630 637 915 713 instructionem
944 639 1204 735 particularem
1232 639 1281 712 de
1300 639 1343 712 iis
1363 663 1461 734 quae
1479 662 1549 734 per
1566 639 1628 713 me
1645 654 1769 713 essent

273 765 434 862 agenda.
465 764 554 838 ldeo
581 762 641 839 die
670 763 844 861 sequenti
871 764 978 860 coepi
1006 788 1183 839 exercere
1215 763 1354 838 dictum
1391 763 1563 850 officium,
1594 780 1707 860 prout
1732 778 1770 836 et
1844 825 1845 830 ,

275 888 362 964 lecit
390 888 439 964 D.
470 887 622 975 Cerrus,
653 887 749 963 cirea
777 889 969 987 Regiones
998 890 1217 965 commissas
1244 889 1440 963 custodiae
1468 889 1602 987 Ipsius.

899 1295 901 1299 ,
980 1221 1068 1302 287.

714 1403 781 1477 Fit
805 1405 914 1490 Rata,
945 1427 1017 1476 nan
1044 1401 1203 1476 obstante
1223 1411 1334 1501 peste.

357 1578 472 1650 (Aaou.
491 1579 578 1652 Ros,
602 1577 791 1637 ‹Dtarium
813 1576 946 1649 Calah).

452 1778 525 1854 Die
553 1779 683 1852 Lunae
713 1801 756 1872 31
782 1777 861 1851 Iulii
886 1783 983 1872 1657
1015 1777 1099 1876 (sed
1126 1793 1267 1852 errate:
1297 1775 1443 1875 corrige
1470 1777 1598 1876 1656).

357 1941 444 2015 Fuit
462 1941 562 2015 Rota
582 1938 854 2018 Memorialium
874 1962 958 2013 cnm
978 1937 1189 2012 interventu
1208 1939 1339 2012 decem
1359 1936 1597 2023 Auditorum,
1615 1952 1774 2033 excepto

280 2067 528 2164 Peutingeri0.

989 2341 1078 2421 288.

579 2525 684 2596 Pasa
705 2531 906 2620 grassante
925 2532 999 2621 per
1025 2519 1161 2607 urban,
1192 2523 1290 2596 Rata
1318 2547 1390 2596 nan
1408 2523 1494 2618 fit..

360 2695 476 2768 (Asca.
495 2693 583 2768 Ror,
602 2716 617 2746 «
630 2693 795 2753 Dtarium
816 2679 950 2765 Celst'»).

362 2898 435 2973 Die
515 2896 680 2972 octobris
714 2905 811 2992 1657
841 2899 976 2995 (1656)
1003 2921 1078 2972 non
1105 2895 1173 2972 fuit
1202 2898 1303 2973 Rota
1329 2913 1486 2997 propter
1512 2911 1662 2996 pestem
1680 2920 1774 2992 quae

280 3023 317 3096 in
345 3023 425 3097 dies
453 3025 574 3121 magis
601 3023 847 3121 grassabatur
875 3021 913 3096 in
941 3020 1114 3099 civitate.

987 3377 1076 3458 289.

283 3544 479 3618 Imminuta
498 3541 615 3640 pastas
629 3541 806 3639 parz'cula,
828 3544 962 3630 alarum
981 3543 1080 3616 Rota
1094 3541 1318 3640 aperitur.-
1292 3541 1508 3632 -Quaestio
1524 3541 1638 3641 spolii
1656 3539 1775 3614 Came·

361 3692 446 3740 ram
473 3669 572 3740 inter
597 3675 632 3738 at
657 3666 795 3739 Rotam
821 3664 1000 3740 accasaane
1026 3667 1156 3739 marta‘s
1182 3665 1284 3765 Rpa'.
1313 3667 1557 3764 Patingmt.
1844 3661 1845 3666 ’

359 3841 475 3914 (Aaou
493 3839 581 3912 Ror,
604 3837 794 3897 ι’Βῖανικηι
815 3838 949 3912 Celsi)

502 4013 588 4135 ¹Die
616 4058 776 4133 Veneris
806 4083 824 4132 2
832 4082 853 4152 3
883 4058 1057 4133 februarii
1083 4063 1181 4153 1658
1212 4059 1546 4158 (corrige:1657).

363 4239 450 4314 Fuit
468 4238 587 4335 prima
606 4239 718 4320 Rota,
740 4259 826 4312 nam
844 4259 929 4311 cum
948 4237 983 4310 in
1004 4235 1313 4336 Congregatione
1332 4236 1512 4313 Sanitatis
1528 4251 1655 4312 actum
1674 4233 1776 4310 fucrit

283 4367 332 4441 de
358 4361 600 4439 restituendis
627 4361 891 4436 Tribunalibus
918 4376 958 4436 et
985 4362 1207 4458 praesertim
1236 4363 1359 4436 Rotae
1385 4376 1427 4436 et
1454 4360 1650 4446 Camenae,
1679 4375 1718 4436 et
1743 4357 1775 4431 id

284 4488 393 4564 luerit
421 4487 618 4563 remissum
647 4487 799 4562 arbitrio
833 4486 1092 4574 Dominorum,
1121 4486 1261 4583 placuit
1298 4485 1396 4560 Rmo
1424 4485 1581 4561 Decano
1608 4502 1651 4561 ut
1677 4485 1777 4560 fieret
1844 4467 1845 4472 ¹

284 4614 385 4688 Rota
413 4612 472 4686 die
501 4611 673 4707 sequenti
702 4611 781 4684 sine
809 4611 967 4707 strepitu
987 4627 1026 4686 et
1044 4609 1190 4706 absque
1209 4635 1406 4686 causarum
1425 4610 1695 4708 propositione,
1715 4605 1777 4682 sed

284 4752 430 4813 tantum
457 4737 506 4811 ad
534 4735 707 4811 eflectum
736 4734 919 4835 dirigendi
946 4735 1104 4832 negocia
1130 4735 1354 4812 Tribunalis.
1377 4735 1464 4809 Fuit
1481 4735 1609 4831 itaque
1629 4735 1729 4810 Rota
1745 4733 1776 4805 in

286 4862 427 4938 Palatio
455 4860 639 4936 Vaticano
666 4874 706 4934 et
734 4860 769 4934 in
798 4859 1053 4934 mansionibus
1085 4861 1254 4945 diversis,
1285 4861 1372 4958 quia
1409 4860 1623 4936 mansiones
1662 4861 1777 4934 Rotae

282 4986 432 5061 suerunt
473 5000 691 5082 occupatae,
728 5011 812 5058 cum
854 5007 1041 5058 consensu
1083 4985 1321 5072 Auditorum,
1360 4987 1409 5060 ab
1451 4982 1774 5061 Excellentissimis

284 5111 455 5186 Dominis
484 5110 698 5208 Nepotibus
726 5125 766 5183 et
794 5109 927 5184 Fratre
954 5109 1172 5184 Sanctitatis
1200 5109 1311 5186 Suae.

364 5239 403 5311 ln
433 5236 531 5310 dicta
550 5238 652 5309 Rota
679 5236 959 5310 intervenerunt
979 5259 1002 5326 9
1023 5233 1239 5320 Auditores,
1262 5259 1396 5334 nempe
1416 5235 1605 5324 Decanus,
1629 5234 1772 5317 Cerrus,

285 5362 452 5450 Meltius,
471 5360 557 5459 Ego
584 5359 758 5459 Angelus
788 5358 933 5447 Celsus,
955 5359 1197 5458 Albergatus,
1218 5359 1361 5446 Zarate,
1384 5358 1611 5456 Bevilacqua
1628 5375 1668 5434 et
1685 5359 1774 5434 Prio
