3748 5914
805 354 894 414 Iulio
912 355 972 414 III

847 701 933 780 163.

135 859 259 932 Iulius
286 858 359 935 III
371 861 405 958 (1
416 801 532 954 550⁸-1
543 884 561 955 5
570 884 588 955 5
597 861 634 960 5)
653 862 755 935 orbae
777 864 871 936 vocas
889 862 1047 948 oraculo,
1069 861 1257 935 Didacum
1275 863 1319 936 de
1337 863 1441 950 Dera
1458 865 1499 936 in
1519 865 1636 938 Rotae

217 985 438 1058 Auditorem
464 985 623 1073 eloctum,
651 1012 700 1060 ex
726 987 906 1060 licentiato
938 996 1042 1060 creat
1076 987 1267 1060 Doctorem
1300 989 1491 1104 atramque
1524 989 1633 1066 rioms.

218 1139 332 1212 (Aaou.
351 1139 439 1212 Rom,
464 1139 720 1200 «Admissiones
732 1166 758 1214 »‚
773 1145 861 1215 part.
881 1141 908 1211 I,
926 1139 1016 1201 Iulio
1033 1139 1095 1210 III,
1118 1158 1151 1198 n.
1172 1143 1208 1212 Ι).

1135 1299 1214 1372 1551,
1233 1299 1423 1358 novembris
1443 1299 1485 1373 18,
1504 1299 1635 1360 Romae.

221 1446 354 1520 Petrus
389 1445 566 1532 Pacheco,
597 1447 766 1520 miserane
793 1442 917 1518 divina
951 1439 1002 1517 ttli
1038 1444 1198 1520 Sanctae
1228 1446 1407 1522 Balbinae
1436 1447 1474 1524 S.
1509 1449 1553 1523 R.
1590 1449 1633 1522 E.

137 1571 223 1645 Pbr.
254 1564 362 1644 Car¹is
382 1569 528 1644 Gienen
558 1586 806 1666 nuncupatus.
830 1568 1027 1644 Universis
1049 1586 1088 1643 et
1115 1569 1273 1668 singulis
1293 1588 1489 1669 presentes
1503 1572 1636 1646 literas

135 1695 284 1782 visuris
313 1696 464 1769 lecturis
500 1711 538 1768 et
574 1695 756 1767 audituris
790 1693 959 1768 Salutem
995 1695 1031 1768 in
1068 1695 1144 1768 dito
1182 1695 1470 1792 Semplternam,
1505 1715 1636 1772 notum

134 1819 292 1894 iacintus
319 1845 387 1916 per
414 1837 637 1916 praesentes
664 1836 705 1892 et
730 1834 966 1906 attestamur,
989 1819 1150 1916 qualiter
1176 1820 1289 1895 hodie
1317 1819 1401 1894 ΒΜ
1419 1823 1455 1894 in
1485 1821 1637 1896 Christo

136 1960 249 2040 pater
280 1960 320 2017 et
354 1945 529 2019 dominus
565 1961 705 2030 noster,
744 1944 919 2016 dominus
953 1944 1067 2018 lulius
1101 1945 1224 2018 divina
1261 1947 1512 2042 providentia
1535 1947 1637 2043 Papa

137 2070 273 2145 tertius
306 2071 388 2144 vive
425 2071 527 2143 vocis
563 2069 726 2154 oraculo,
765 2069 872 2143 nobis
910 2068 1076 2165 desuper
1107 2071 1217 2154 lacto,
1249 2071 1293 2148 R.
1325 2071 1374 2147 D.
1408 2070 1636 2146 licentiatum

139 2194 326 2268 Didacum
355 2195 403 2268 de
433 2195 537 2290 Deca
565 2193 601 2266 in
630 2194 824 2289 utriusque
855 2194 944 2266 iuris
973 2193 1180 2267 Doctorem
1217 2197 1365 2282 creavit,
1397 2197 1528 2270 volens
1556 2197 1637 2292 ipse

138 2321 233 2398 ΒΜ,
252 2321 326 2394 dits
354 2325 397 2393 itr
426 2323 527 2417 quod
557 2335 645 2417 post
673 2319 900 2393 creationem
929 2319 1030 2394 hmoi
1058 2321 1210 2394 honoris
1239 2321 1452 2405 doctoralis,
1483 2321 1638 2419 insignis

137 2444 393 2519 doctoralibus
420 2471 464 2518 ac
492 2445 667 2519 omnibus
695 2460 735 2518 et
763 2444 919 2542 singulis
942 2443 1157 2543 privilegiis,
1178 2445 1412 2519 libertatibus
1441 2461 1481 2519 et
1507 2447 1638 2519 immu-

138 2572 317 2646 nitatibus
345 2573 481 2667 quibus
519 2571 657 2644 caeteri
686 2569 876 2644 Doctores
910 2573 946 2643 in
974 2595 1213 2666 quacumque
1245 2570 1487 2645 universitate
1524 2573 1637 2646 creati

137 2713 178 2770 et
204 2695 368 2794 insigniti
397 2713 553 2770 utuntur
579 2712 620 2768 et
646 2696 825 2794 gaudent,
856 2711 1024 2768 uteretur
1051 2712 1088 2768 et
1116 2695 1302 2792 potiretur
1328 2712 1367 2770 et
1385 2696 1582 2794 gauderet.

219 2821 259 2894 ln
288 2845 446 2916 quorum
475 2821 641 2895 omnium
669 2837 707 2892 et
726 2821 959 2918 singulorum
987 2819 1098 2894 fidem
1117 2839 1157 2892 et
1177 2822 1431 2894 testimonium
1460 2823 1637 2918 praemis·

141 2969 282 3032 sorum,
312 2963 535 3041 praesentes
553 2944 698 3018 litteras
727 2969 839 3017 manu
869 2961 996 3017 nostra
1025 2945 1270 3041 subscriptas,
1299 2939 1370 3041 per'
1395 2947 1637 3020 secretarium

140 3088 310 3144 nostrum
330 3070 604 3167 infrascriptum
625 3069 807 3145 subscribi
827 3068 1097 3155 mandavimus
1119 3067 1306 3167 sigillique
1325 3071 1441 3143 nostri
1461 3072 1636 3144 iussimus

140 3197 386 3291 impressione
415 3196 646 3270 communiri.

221 3321 364 3394 Datum
389 3321 544 3406 Romae,
566 3321 602 3394 in
620 3319 777 3394 aedibus
801 3335 952 3393 nostrae
982 3318 1115 3393 solitae
1143 3320 1393 3407 habitationis,
1415 3320 1639 3402 diedecima

138 3461 274 3520 octava
293 3446 431 3519 mensis
451 3445 677 3520 Novembris
704 3468 803 3519 anno
822 3437 1000 3518 incarnat.
1022 3443 1085 3516 diri
1106 3443 1306 3519 Millesimo
1334 3446 1638 3543 quingentesimo

139 3571 454 3669 quinquagesimo
482 3572 615 3668 primo,
641 3571 841 3645 indictione
870 3593 977 3655 nona,
1010 3569 1250 3643 Pontificatus
1278 3569 1457 3668 praeFati
1484 3565 1547 3644 8⁰¹³
1575 3571 1640 3644 diii

142 3697 197 3769 riri
225 3721 324 3771 anno
354 3697 542 3771 Secundo.
1299 3702 1301 3722 “

222 3893 281 3968 Ita
310 3901 528 3968 attestamur
553 3901 588 3965 at
606 3891 726 3986 fidem
742 3892 921 3986 fact'mus.

1167 4034 1214 4106 P.
1247 4028 1358 4105 caut
1382 4033 1520 4106 Gimn
1543 4034 1583 4112 J·

224 4264 281 4338 De
313 4263 524 4364 Man[da]to
552 4263 729 4360 praeFati
757 4257 833 4336 lllmi
861 4288 905 4336 ac
934 4257 1003 4334 Rmi
1031 4261 1095 4334 dni
1123 4261 1196 4334 mei
1225 4254 1334 4333 Car¹is

1149 4386 1308 4459 loannes
1336 4383 1384 4458 de
1414 4385 1590 4470 Rossas„

1199 4507 1460 4608 Secret[ariu]s
1487 4507 1523 4580 ff.
