3708 5918
756 318 934 380 Benedicta
953 319 1027 380 XII
1603 318 1638 376 81

133 509 303 595 chalium,
316 510 702 608 Archiepiscopalium
721 526 760 586 et
774 512 1053 609 Episcopalium
1072 511 1324 597 ecelesiarum,
1345 533 1491 586 necnon
1509 510 1640 586 Mona·

136 633 334 710 steriorum
361 635 542 733 regimina
573 638 796 711 obtinebunt
818 653 990 735 tempore
1016 638 1294 735 promotionum
1328 637 1376 711 de
1404 636 1496 733 ipsis
1528 635 1639 710 sacta·

137 785 217 833 rum
245 785 343 834 nunc
370 761 554 847 vacantia,
574 775 614 835 et
632 763 696 857 qui
714 785 784 857 per
802 786 884 846 nos,
907 788 975 836 seu
994 762 1218 837 auctoritate
1236 778 1366 836 nostra
1393 763 1639 858 imposterum

136 885 183 958 ad
224 885 360 959 eadem
400 885 581 984 regimina
616 888 873 982 promovendi,
911 904 1083 984 tempore
1128 886 1374 982 promotionis
1426 885 1639 961 huiusmodi

137 1009 367 1086 obtinebunt.
398 1010 555 1086 Necnon
583 1015 696 1086 etiam
733 1036 808 1107 que
835 1037 905 1109 per
931 1013 1208 1088 assecutionem
1241 1011 1430 1108 pacificam
1458 1035 1637 1107 quorum-

31 1203 32 1222 ,
137 1159 298 1230 cumque
334 1137 577 1232 prioratuum,
609 1151 893 1232 personatuum,
914 1137 1138 1224 Offitiorum,
1161 1137 1458 1212 Canonicatuum
1486 1151 1525 1209 et
1551 1159 1637 1232 pre·

31 1241 32 1266 ³
138 1259 354 1346 bendarum,
375 1259 615 1334 ecclesiarum
642 1277 681 1334 et
715 1261 976 1336 benefitiorum
1004 1259 1161 1336 aliorum
1189 1285 1258 1356 per
1290 1286 1361 1336 nos
1387 1259 1447 1335 vel
1475 1260 1635 1335 eundem

138 1383 340 1458 Iohannem
369 1383 691 1479 predecessorem,
726 1411 792 1460 seu
828 1387 1053 1461 auctoritate
1089 1385 1295 1460 litterarum
1330 1399 1542 1459 nostrarum
1576 1384 1635 1459 vel

136 1508 251 1605 ipsius
279 1509 454 1584 Iohannis
481 1510 773 1607 predecessoris,
804 1511 1024 1586 collatorum
1055 1526 1094 1585 et
1116 1511 1428 1585 conserendorum
1456 1510 1636 1606 imposte-

138 1657 231 1717 rum,
250 1657 348 1708 nunc
361 1634 543 1719 vacantia,
559 1652 599 1708 et
612 1636 648 1710 in
661 1651 775 1709 antea
789 1653 967 1710 vacatura
981 1637 1109 1734 (plena
1128 1659 1243 1731 super
1256 1635 1450 1731 premissis
1463 1635 1636 1709 omnibus

134 1773 172 1832 et
198 1757 357 1857 singulis
384 1759 671 1834 cumfratribus
700 1761 840 1836 nostris
868 1761 1066 1836 collatione
1093 1760 1289 1858 prehabita
1312 1775 1351 1834 et
1381 1775 1527 1834 matura
1545 1758 1636 1834 deli-

133 1883 326 1957 beratione
354 1884 496 1982 secuta)
523 1885 757 1978 ordinationi,
786 1885 1033 1983 dispositioni,
1055 1900 1094 1959 et
1125 1884 1328 1983 provisioni
1354 1900 1495 1971 nostre,
1515 1883 1635 1958 donec

133 2007 384 2082 miserationis
410 2007 534 2082 divine
575 2009 771 2084 clementia
805 2036 875 2085 nos
913 2009 1132 2086 universalis
1162 2009 1318 2084 ecclesie
1346 2008 1516 2108 regimini
1549 2033 1635 2105 pre·

132 2132 257 2206 sidere
275 2134 515 2219 concesserit,
536 2135 585 2209 de
614 2135 782 2232 ipsorum
801 2135 956 2210 fratrum
975 2135 1139 2221 consilio,
1159 2135 1381 2210 auctoritate
1413 2134 1631 2230 apostolica,

130 2281 387 2333 reservamus:
417 2259 664 2334 decernentes
690 2285 739 2336 ex
758 2283 856 2334 nunc
883 2261 1027 2336 irritum
1044 2275 1085 2334 et
1102 2260 1212 2335 inane
1230 2261 1262 2336 si
1287 2285 1397 2335 secus
1416 2284 1532 2356 super
1548 2283 1633 2356 pre·

130 2381 254 2456 missis
282 2397 321 2456 et
339 2383 506 2479 quolibet
522 2409 664 2472 eorum,
685 2409 755 2481 per
777 2408 1048 2482 quoscumque,
1068 2387 1200 2481 quavis
1219 2384 1452 2470 auctoritate,
1474 2383 1635 2458 scienter

130 2504 189 2580 vel
215 2508 448 2606 ignoranter,
478 2510 678 2608 contigerit
703 2511 934 2608 attemptari.

207 2631 300 2706 Non
318 2633 556 2708 obstantibus
575 2633 874 2732 quibuscumque
893 2634 1232 2710 Constitutionibus
1260 2659 1283 2708 a
1302 2633 1632 2732 predecessoribus

128 2757 271 2831 nostris
299 2755 478 2831 Romanis
506 2757 742 2854 pontificibus
764 2759 875 2833 editis
903 2773 1092 2856 quatenus
1119 2759 1305 2833 obsistere
1333 2774 1490 2854 possent
1518 2784 1633 2856 super

126 2880 314 2954 enarratis
349 2881 524 2970 articulis,
554 2882 614 2957 vel
642 2883 761 2972 alicui,
791 2907 858 2957 seu
886 2883 1073 2979 aliquibus
1106 2882 1325 2958 eorundem.

205 3005 312 3079 Nulli
345 3029 440 3106 ergo
476 3008 628 3082 omuino
665 3008 855 3083 hominum
888 3007 998 3083 liceat
1024 3008 1120 3084 hanc
1148 3007 1325 3107 paginam
1353 3022 1482 3082 nostre
1509 3031 1631 3082 reser-

125 3131 292 3206 vationis
311 3146 350 3205 et
369 3133 646 3206 constitutionis
664 3133 865 3232 infringere
880 3133 940 3207 vel
960 3135 1006 3221 ei,
1029 3159 1124 3208 ausu
1149 3132 1358 3218 temerario,
1375 3132 1570 3208 contraire.
1590 3131 1631 3206 Si

123 3257 208 3351 quis
236 3271 367 3330 autem
386 3256 457 3330 hoc
484 3271 712 3353 attemptare
737 3258 1020 3354 presumpserit,
1040 3257 1333 3356 indignationem
1365 3257 1630 3354 omnipotentis

125 3380 197 3455 Dei
216 3398 261 3455 et
275 3382 472 3456 beatorum
488 3381 587 3456 Petri
601 3396 641 3455 et
656 3381 758 3456 Pauli
771 3381 1047 3478 Apostolorum
1061 3383 1141 3456 eius
1156 3407 1199 3456 se
1218 3383 1364 3457 noverit
1382 3381 1627 3457 incursurum.

204 3504 353 3578 Datum
390 3505 598 3593 Avenione,
627 3506 758 3582 Tertio
794 3506 878 3580 idus
911 3507 1080 3591 Ianuarii,
1114 3505 1353 3603 pontificatus
1381 3506 1500 3580 nostri
1529 3531 1628 3581 anno
1674 3539 1676 3543 ’

125 3629 246 3723 primo
276 3651 490 3703 ucccxrorv.

842 3859 907 3940 53.

124 4037 351 4112 Benedictus
379 4037 472 4112 XII
491 4038 668 4125 declarat,
696 4064 744 4127 se,
774 4065 798 4112 a
826 4047 983 4138 tempore
1009 4063 1080 4136 qua
1097 4039 1227 4134 factus
1243 4040 1328 4136 fuit
1344 4039 1463 4140 Papa,
1485 4040 1526 4113 in
1543 4065 1627 4114 naas

216 4161 441 4258 flemiltares
467 4162 674 4236 domesticos
709 4164 970 4250 commensales,
1006 4189 1158 4262 suasque
1193 4173 1228 4238 et
1256 4165 1486 4264 Apostolt'cae
1521 4164 1627 4240 Sedes

230 4284 419 4383 speciales
447 4312 490 4358 ac
516 4311 627 4360 veros
658 4283 869 4381 Offia'arias
895 4287 1131 4385 assumpsisse
1160 4287 1376 4386 capellanos
1392 4313 1476 4362 suas
1502 4288 1626 4364 Audi·

228 4420 329 4485 tores
364 4435 563 4484 causarum
600 4411 747 4484 Palatii
779 4411 989 4510 Apostala'ci,
1032 4413 1151 4511 eisque
1180 4413 1339 4511 prande
1379 4413 1501 4486 amma
1536 4413 1625 4486 iura

227 4543 426 4633 competere
450 4537 560 4610 etiam
577 4537 617 4608 in
645 4539 863 4610 arsecun'ane
880 4535 1131 4630 beneficiorum
1149 4537 1475 4623 eccaeasa'corum,
1496 4537 1625 4636 quibus

180 4695 186 4708 ·
228 4661 346 4735 ceteri
368 4661 451 4734 veri
463 4659 685 4756 famt'le'ares
711 4661 841 4761 Papae
861 4661 1075 4759 gaudebant
1098 4671 1134 4735 et
1157 4663 1363 4738 uniantur.

226 4852 348 4923 (Aaou.
367 4851 455 4925 Ros,
471 4849 718 4926 ‹Pr2·v2·zegsa»,
731 4851 818 4911 Tam.
831 4852 859 4922 I,
876 4851 971 4911 Part.
990 4851 1016 4918 Ι,
1034 4869 1067 4911 n.
1085 4851 1121 4925 Ι).
1157 4907 1158 4910 ,

1151 5049 1230 5122 1335,
1247 5047 1386 5110 octobris
1401 5051 1424 5122 l,
1442 5050 1623 5110 Avenioue.

203 5250 433 5328 Benedictus
460 5252 673 5350 episcopus,
695 5277 827 5326 servus
855 5275 1049 5328 servorum
1078 5251 1161 5326 Dei.
1191 5249 1254 5322 Ad
1282 5250 1444 5324 suturam
1472 5251 1525 5323 rei
1544 5275 1622 5324 me-

123 5379 290 5453 moriam.
324 5375 430 5466 Cum,
460 5376 558 5452 sicut
583 5376 807 5473 accepimus
836 5401 859 5450 a
887 5374 1071 5450 nonnullis
1099 5375 1135 5449 in
1163 5375 1315 5449 dubium
1350 5393 1547 5451 revocetur
1574 5399 1620 5450 an

1514 5567 1527 5602 d
