3720 5914
249 311 303 370 186
887 314 1024 374 Soeculo
1042 315 1074 374 X
1082 315 1111 375 V

328 501 459 596 Nuper
486 502 681 598 siquidem,
707 502 851 577 dilectis
878 505 971 592 filiis,
995 505 1181 604 Magistro
1200 507 1353 581 Iohanni
1372 507 1420 582 de
1440 509 1739 594 Montemirabili,

247 625 404 700 Notario
433 643 574 714 nostr0,
605 642 643 701 et
675 627 861 701 nonnullis
888 628 969 703 aliis
997 628 1238 706 familiaribus
1266 633 1404 706 nostris
1432 633 1617 708 continuis
1645 660 1742 708 com-

246 750 485 838 mensalibus,
515 753 551 825 in
580 753 691 827 certis
718 753 851 827 litteris
882 755 1020 829 nostris
1049 757 1311 830 nominatis·et
1329 759 1538 855 descriptis,
1559 758 1741 855 quasdam

243 877 515 950 antelationum
531 881 792 976 prerogativas
808 877 844 952 in
861 877 1157 954 Canonicatuum
1176 897 1216 954 et
1233 882 1510 977 prebendarum
1524 907 1568 956 ac
1583 883 1742 980 dignita·

158 985 161 992 ¹
246 1014 335 1086 tum,
358 1015 638 1098 personatuum,
656 1004 1016 1078 administrationum
1032 1021 1071 1077 et
1083 1005 1288 1081 officiorum
1304 1031 1372 1080 nec
1388 1031 1462 1081 non
1480 1006 1743 1082 beneficiorum

131 1201 134 1208 ,
244 1125 401 1199 aliorum
425 1126 853 1224 ecclesiasticorumque
870 1129 999 1227 vigore
1018 1131 1558 1228 gratiarumexpectativarum
1582 1156 1651 1228 per
1673 1157 1745 1206 nos

247 1253 302 1323 eis
330 1252 401 1325 sub
429 1252 505 1326 dat.
536 1253 656 1328 kalen.
687 1255 844 1328 Ianuarii
873 1254 1113 1328 Pontificatus
1148 1255 1267 1330 nostri
1295 1261 1408 1330 Anno
1438 1256 1561 1332 Primo
1595 1281 1744 1331 conces·

246 1400 373 1450 sarum
402 1393 441 1450 et
465 1377 500 1451 in
520 1393 714 1474 posterum
734 1381 806 1454 sub
824 1378 957 1453 eadem
977 1378 1036 1453 vel
1056 1381 1188 1476 quavis
1206 1378 1277 1454 alia
1297 1380 1385 1456 data
1404 1382 1747 1468 concedendarum,

244 1516 285 1574 et
303 1505 566 1577 extensionum
585 1530 629 1579 ac
648 1503 958 1580 revalidationum
979 1530 1047 1579 seu
1066 1505 1323 1594 mutationum,
1340 1505 1578 1582 collationum
1597 1533 1747 1582 earum-

246 1628 334 1702 dem
354 1627 385 1701 si
404 1652 501 1724 quas
519 1654 586 1726 per
605 1655 674 1703 nos
694 1631 861 1705 inantea
894 1631 969 1704 fieri
1000 1631 1201 1729 contigerit
1226 1645 1469 1728 acceptarent
1494 1635 1748 1717 assecutione,

248 1769 352 1825 motu
382 1753 534 1850 proprio
561 1755 827 1842 concessimus,
848 1772 961 1852 prout
989 1755 1024 1828 in
1045 1757 1184 1830 nostris
1203 1757 1290 1830 inde
1308 1757 1486 1830 confectis
1504 1757 1637 1830 litteris
1657 1782 1752 1853 qua·

247 1901 329 1962 rum
350 1892 518 1951 tenorem
543 1880 781 1974 presentibus
809 1879 936 1953 haberi
964 1879 1136 1954 volumus
1164 1903 1234 1975 pro
1261 1905 1456 1978 expresso,
1486 1881 1634 1977 plenius
1661 1907 1750 1954 con-

247 1999 398 2074 tinetur.

330 2124 426 2198 Cum
453 2142 593 2214 autem,
610 2127 705 2202 sicut
733 2131 952 2225 experentia
979 2129 1112 2204 efficax
1134 2154 1258 2204 rerum
1286 2131 1469 2228 magistra
1496 2131 1748 2216 demonstrat,
1852 2209 1853 2226 ἦ

245 2247 298 2321 ad
329 2250 460 2323 sedem
488 2251 695 2346 predictam
724 2255 771 2327 de
804 2255 988 2328 universis
1014 2253 1142 2326 mundi
1174 2254 1346 2350 partibus
1382 2254 1599 2328 deferantur
1633 2279 1751 2328 cause
1852 2243 1853 2246 ¹

248 2375 284 2445 in
311 2399 468 2448 numero
496 2377 651 2473 copioso
679 2394 718 2450 et
750 2379 786 2451 in
823 2379 968 2453 illarum
1006 2378 1197 2454 audientia
1231 2396 1270 2452 et
1308 2377 1497 2453 decisione
1534 2379 1751 2453 ministran-

247 2500 374 2593 daque
405 2499 545 2574 iustitia
572 2503 844 2578 confluentibus
880 2518 1083 2600 propterea
1113 2503 1163 2577 ad
1201 2504 1331 2578 sedem
1367 2503 1487 2600 ipsam
1525 2504 1650 2578 dilecti
1685 2503 1750 2576 filii

248 2621 460 2722 Collegium
489 2651 687 2701 causarum
715 2628 834 2702 nostri
858 2629 953 2704 sacri
981 2628 1107 2724 palatii
1127 2629 1354 2703 Auditorum
1384 2627 1674 2724 Capelianorum
1705 2653 1750 2701 ac

248 2772 422 2822 verorum
464 2764 503 2822 et
539 2751 834 2827 indubitatorum
872 2769 1086 2830 nostrorum
1127 2776 1172 2826 ac
1212 2751 1418 2848 apostolice
1458 2753 1560 2826 sedis
1600 2753 1750 2849 prefate

248 2871 468 2946 familiarum
496 2891 535 2950 et
563 2876 823 2951 continuorum
852 2877 1130 2962 comensalium,
1150 2875 1352 2952 uidelicet:
1387 2877 1540 2974 Gaspar
1571 2875 1620 2951 de
1651 2877 1750 2951 The-

250 3023 365 3084 ramo,
405 2999 591 3074 lohannes
618 3000 666 3075 de
696 3001 903 3088 Ceretanis,
943 3001 1128 3076 lohannes
1165 3005 1213 3076 de
1242 3001 1442 3089 Cesarinis,
1473 3003 1664 3076 Antonius
1702 3005 1750 3076 de

249 3123 415 3210 Grassis,
450 3123 630 3199 Fantinus
662 3129 711 3200 de
747 3125 865 3212 Valle,
901 3127 1085 3201 lohannes
1123 3125 1344 3200 Franciscus
1376 3129 1424 3200 de
1458 3126 1616 3212 Pavinis,
1647 3126 1751 3201 Mat-

249 3247 360 3320 theus
388 3248 437 3320 de
474 3248 596 3336 Porta,
637 3251 815 3325 Nicolaus
852 3251 900 3324 de
937 3249 1104 3335 Ubaldis,
1136 3250 1289 3325 Gabriel
1318 3250 1556 3338 Contarinus,
1588 3251 1751 3326 Bartho-

248 3368 395 3445 lomeus
432 3373 480 3446 de
514 3373 722 3460 Belincinis,
753 3371 931 3447 Nicolaus
960 3374 1008 3447 de
1037 3373 1169 3459 Edam,
1205 3373 1338 3447 Petrus
1374 3373 1422 3448 de
1460 3373 1628 3462 Ferrera,
1659 3373 1750 3447 iuris

247 3494 435 3584 doctores,
470 3498 664 3572 submissis
701 3498 876 3584 humeris,
915 3496 1105 3571 indefesso
1146 3498 1281 3586 animo,
1322 3497 1427 3572 firma
1466 3499 1676 3572 constantia
1712 3513 1751 3570 et

248 3645 414 3715 operosa
441 3622 632 3720 diligentia
660 3621 864 3696 admodum
883 3638 923 3696 et
950 3624 1147 3697 continuos
1166 3621 1316 3697 labores
1339 3623 1543 3719 perferunt,
1565 3622 1750 3719 nobisque
1852 3725 1853 3728 Ἴ

250 3759 290 3816 et
317 3743 416 3818 dicte
449 3746 530 3819 sedi
566 3747 603 3819 in
635 3771 680 3819 ea
718 3769 792 3841 que
824 3745 1021 3841 potissima
1055 3771 1212 3820 onerum
1248 3747 1487 3842 apostolatus
1524 3743 1633 3820 officii
1659 3770 1750 3841 pars

248 3893 336 3941 esse
363 3869 570 3944 dinoscitur
595 3869 794 3968 suffragari
821 3895 895 3943 non
924 3889 1084 3957 cessant,
1116 3871 1387 3966 Romanusque
1408 3869 1576 3946 Pontifex
1595 3895 1664 3966 per
1681 3895 1750 3944 eos

249 4017 448 4067 causarum
477 3997 609 4070 merita
637 3996 772 4080 videat,
793 3995 981 4068 examinet
1004 4012 1044 4069 et
1061 3995 1220 4082 decidat,
1242 4019 1287 4068 ac
1305 4010 1508 4091 propterea
1522 4017 1597 4068 non
1616 3994 1749 4069 minori

251 4120 494 4217 prerogativa
521 4121 595 4193 sint
623 4121 726 4218 digni
753 4145 829 4215 qua
856 4119 1056 4194 familiares
1084 4121 1202 4194 nostri
1230 4119 1296 4215 qui
1327 4120 1362 4193 in
1393 4118 1475 4193 aliis
1502 4145 1544 4192 se
1572 4134 1750 4192 exercent

249 4243 453 4340 obsequiis,
485 4245 566 4318 Nos
595 4245 790 4342 cupientes
822 4245 1009 4343 prefatum
1046 4244 1257 4344 Collegium
1286 4245 1512 4319 Auditorum
1541 4268 1750 4339 omnesque

250 4368 420 4465 singulos
449 4371 790 4466 supranominatos,
812 4395 910 4467 quos
928 4395 1041 4444 veros
1070 4387 1108 4444 et
1127 4370 1359 4443 indubitatos
1377 4368 1579 4442 familiares
1597 4382 1752 4442 nostros

250 4495 449 4568 continuos
486 4495 759 4570 commensales
791 4520 877 4568 esse
911 4509 1060 4569 constat
1094 4520 1138 4569 ac
1166 4494 1402 4568 decernimus
1439 4518 1507 4590 per
1537 4510 1746 4589 presentes,
1852 4485 1853 4508 *

250 4632 356 4692 tanto
385 4619 506 4716 magis
534 4621 636 4693 sedis
664 4620 808 4716 prefate
837 4619 1085 4694 munificentia
1113 4617 1295 4694 extollere
1322 4634 1362 4692 et
1389 4617 1633 4715 amplioribus
1652 4618 1749 4692 favo-

250 4743 352 4815 ribus
390 4744 577 4842 prosequi,
609 4762 751 4840 quanto
786 4744 973 4840 exquisita
1009 4767 1141 4818 eorum
1176 4742 1460 4838 circumspectio
1487 4761 1528 4816 et
1555 4739 1747 4824 industria,

250 4867 419 4940 eminens
434 4868 588 4942 scientia
602 4869 820 4954 litterarum,
838 4893 986 4942 summa
1000 4869 1197 4965 integritas
1216 4885 1255 4940 et
1269 4884 1447 4941 constans
1462 4867 1638 4940 iudicium
1653 4865 1748 4938 circa

251 5015 376 5064 rerum
397 4994 711 5090 negotiorumque
730 4994 945 5081 varietates,
965 4993 1102 5089 quibus
1121 4993 1328 5088 premimur
1345 4993 1382 5065 in
1400 4990 1620 5066 universalis
1635 4989 1746 5064 eccle·

250 5113 305 5187 sie
328 5115 519 5214 regimine,
541 5117 742 5214 reipublice
764 5117 964 5189 christiane
992 5114 1177 5190 salubrior
1203 5129 1242 5188 et
1270 5113 1394 5190 utilior
1419 5139 1505 5188 esse
1533 5113 1747 5193 dinoscitur,

333 5241 440 5314 Motu
460 5241 625 5339 propri0‚
642 5265 716 5315 non
735 5241 784 5313 ad
799 5241 968 5338 ipsorum
982 5239 1211 5315 Auditorum
1224 5255 1291 5313 aut
1309 5239 1461 5313 alterius
1480 5263 1550 5336 pro
1568 5238 1622 5312 eis
1643 5237 1748 5313 nobis

251 5389 368 5462 super
395 5365 466 5440 hoc
494 5367 619 5441 oblate
637 5367 829 5462 petitionis
851 5365 1077 5452 instantiam,
1099 5364 1167 5440 sed
1186 5365 1233 5439 de
1253 5379 1384 5440 nostra
1403 5388 1506 5438 mera
1525 5361 1746 5439 liberalitate
