3688 5924
254 329 274 390 8
891 328 1027 388 Soeculo
1046 327 1135 388 XIII

254 547 350 597 cono
368 523 566 597 Tarvisino
596 548 712 619 super
736 523 969 596 restitutione
986 539 1026 596 et
1044 521 1287 617 possessione
1313 520 1482 596 beneficii
1509 521 1676 594 Ecclesie
1702 523 1746 594 de

254 649 409 731 Mestre,
431 674 515 720 cum
544 673 589 720 ea
618 649 833 744 integritate
860 672 974 744 quam
1002 670 1168 743 unquam
1197 646 1329 720 melius
1357 645 1487 720 babuit
1504 661 1544 720 et
1568 647 1744 742 possedit,

253 773 349 846 sicut
375 787 537 868 apparet
553 795 600 845 ex
621 772 774 868 publicis
803 773 1071 856 instrumentis,
1093 770 1246 844 firmiter
1264 787 1490 846 servaretur.
1512 771 1747 844 Executionis

253 921 405 992 quoque
434 898 659 970 seutentiam
687 923 709 971 a
742 895 945 970 venerabili
975 895 1091 969 fratre
1118 909 1282 971 nostro..
1315 894 1531 970 Castellano
1560 894 1749 990 Episcopo

253 1046 369 1118 super
396 1024 532 1097 eodem
561 1023 719 1118 negocio
748 1022 1038 1118 promulgatam,
1069 1037 1212 1116 etqua
1246 1019 1455 1118 predictum
1484 1020 1525 1096 B.
1552 1021 1588 1094 in
1622 1021 1748 1093 decem
1830 1027 1831 1074 l

253 1163 292 1220 et
319 1162 407 1220 octo
434 1147 535 1222 libris
554 1145 734 1221 Veneten.
757 1171 827 1242 pro
855 1147 1029 1242 dampnis
1048 1144 1158 1220 illatis
1187 1147 1252 1219 tibi
1280 1144 1581 1240 condempnavit,
1602 1161 1750 1219 senten-

254 1271 383 1345 tiando
401 1271 534 1345 statuit
550 1270 808 1345 inviolabiliter
827 1270 1102 1356 observandas;
1124 1269 1206 1370 (sic)
1222 1270 1399 1344 adiiciens
1417 1269 1521 1367 quod
1541 1270 1752 1343 nominatus
1830 1261 1831 1276 ¹

255 1395 296 1470 B.
325 1396 493 1495 legitime
522 1394 694 1492 compelli
722 1397 879 1472 deberet
906 1397 956 1471 ad
983 1395 1204 1469 solvendam
1242 1395 1306 1469 tibi
1343 1394 1539 1490 pecuniam
1569 1419 1752 1468 memora·

255 1539 331 1595 tam
358 1537 398 1595 et
425 1521 655 1595 restituenda
683 1523 846 1618 dampna
874 1546 922 1595 ex
947 1522 1106 1619 integro,
1127 1546 1197 1618 pro
1215 1521 1393 1595 fractione
1414 1520 1565 1616 parietis
1592 1545 1751 1606 camere,

254 1671 339 1720 cum
367 1647 522 1721 officinis
550 1647 698 1732 domus,
728 1671 825 1742 quae
853 1645 977 1719 sueras
1006 1662 1244 1719 consecutus.

337 1769 545 1847 Premissos
571 1773 685 1847 etiam
715 1773 756 1848 B.
783 1783 823 1846 et
852 1773 877 1848 1.
898 1771 948 1845 ad
975 1763 1282 1846 satisfaciendum
1309 1771 1525 1868 plenissime
1554 1772 1603 1845 de
1635 1770 1755 1844 omni-

255 1898 327 1970 bus
355 1897 529 1992 dampnis
558 1897 622 1971 tibi
641 1922 710 1993 per
729 1923 770 1970 se
791 1898 850 1970 vel
870 1923 939 1992 per
958 1922 1048 1971 suos
1066 1897 1177 1970 illatis
1197 1895 1364 1970 similiter
1382 1895 1684 1992 condempnavit.
1705 1893 1754 1965 Et

255 2023 342 2119 quia
370 2023 490 2096 dictus
521 2024 562 2098 B.
586 2010 784 2118 Presbyter
811 2024 860 2097 ab
887 2022 1095 2118 apostolica
1122 2023 1215 2096 sede
1234 2021 1426 2106 recedens,
1448 2045 1518 2119 pro
1538 2045 1580 2094 se
1600 2043 1756 2117 respon-

255 2146 384 2231 salem,
414 2149 510 2223 sicut
537 2173 606 2221 nos
634 2148 705 2244 ipsi
732 2171 1033 2244 preceperamus,
1064 2165 1103 2220 et
1128 2148 1242 2220 etiam
1267 2147 1350 2242 ipse
1379 2147 1487 2220 nobis
1514 2147 1754 2246 promiserat,

255 2272 429 2347 idoneum
467 2296 541 2345 non
578 2272 735 2369 reliquit,
767 2274 802 2356 in
839 2273 1015 2368 expensis
1051 2298 1074 2345 a
1111 2287 1149 2345 te
1183 2271 1289 2344 lactis
1324 2287 1413 2369 post
1447 2295 1638 2345 recessum
1673 2271 1758 2342 eius

255 2399 378 2492 ipsum
414 2396 456 2472 B.
485 2397 650 2496 legitime
686 2397 986 2493 condempnavit.
1018 2397 1100 2470 Nos
1132 2420 1226 2495 ergo
1259 2396 1478 2492 premissam
1516 2393 1755 2479 sententiam,

256 2522 352 2594 sicut
380 2521 647 2596 rationabiliter
673 2520 748 2595 lata
775 2539 837 2595 est
863 2548 885 2594 a
914 2523 1013 2595 dicto
1034 2521 1233 2606 Cardinali,
1256 2537 1377 2595 ratam
1406 2521 1601 2606 habentes,
1623 2535 1759 2592 aucto-

256 2647 365 2719 ritate
392 2647 611 2742 apostolica,
630 2647 904 2733 confirmamus,
925 2663 963 2720 et
991 2648 1157 2743 presenti
1176 2648 1303 2742 scripti
1324 2644 1530 2743 patrocinio
1549 2645 1760 2718 communi-

258 2797 353 2844 mus.
384 2772 629 2846 Decernimus
657 2796 751 2868 ergo
779 2785 849 2846 etc.
882 2772 1023 2845 Datum
1052 2787 1122 2846 etc.
1153 2795 1208 2843 vu
1237 2772 1324 2844 ldus
1352 2769 1426 2844 iulii
1453 2784 1523 2844 etc.

990 3090 1026 3168 8.

259 3267 487 3339 Innocentius
515 3265 590 3338 HI
609 3265 714 3338 z'llnm
733 3267 794 3337 cni
808 3265 965 3338 medinm
984 3291 1114 3339 causac
1132 3265 1375 3352 committitur,
1396 3265 1525 3338 malins
1543 3289 1616 3338 esse
1634 3266 1764 3338 Audi-

339 3408 460 3463 torem
488 3391 570 3474 dz'cz',
601 3391 769 3464 decretal.
859 3449 862 3457 .

334 3543 426 3615 (nse.
446 3541 538 3614 var,
560 3543 587 3613 5,
612 3542 677 3615 for.
703 3544 787 3608 1170.
817 3559 908 3602 anno
941 3545 1011 3612 νη,
1036 3554 1106 3620 cap.
1135 3545 1200 3613 aa·
1232 3509 1409 3617 Panum,
1439 3561 1470 3603 n.
1493 3543 1602 3612 arna·
1628 3541 1768 3604 conpos
1830 3495 1831 3498 .

258 3633 324 3691 lun.
341 3631 430 3705 Cart,
449 3633 575 3691 Decret.
597 3632 693 3704 Greg.
712 3632 770 3701 IX,
794 3632 847 3691 lib.
866 3632 894 3704 I,
912 3633 959 3693 tit.
985 3633 1109 3708 XXIX,
1136 3651 1161 3694 c.
1190 3633 1254 3693 XX
1263 3632 1333 3702 VII,
1356 3636 1406 3692 cit.
1426 3633 1531 3702 Edit).

1306 3794 1384 3867 taut,
1402 3793 1510 3852 martii
1527 3792 1572 3866 27,
1591 3793 1770 3853 Laterani.

341 3939 602 4012 cantuariensi
626 3939 915 4038 Archiepiscopo.
942 3983 967 3994 -
996 3940 1118 4036 Super
1145 3943 1389 4037 questione...
1421 3941 1533 4016 Unde
1562 3943 1594 4016 si
1628 3942 1771 4018 forsan

257 4063 511 4160 appellaretur
538 4066 586 4137 ab
613 4089 660 4136 eo
688 4063 745 4135 cui
773 4063 935 4136 medium
964 4090 1076 4138 cause
1105 4067 1357 4153 committitur,
1389 4067 1468 4141 sive
1495 4067 1670 4164 cognitor
1702 4070 1770 4142 vel
1830 4107 1831 4112 .

257 4205 436 4263 executor
464 4189 618 4272 dicatur,
648 4187 707 4261 vel
734 4189 851 4285 (quod
879 4189 1011 4262 melius
1039 4201 1113 4288 est)
1141 4191 1337 4266 auditor...
1830 4165 1831 4180 ἵ

990 4455 1027 4534 9.

260 4635 488 4708 Innocenttics
519 4632 588 4705 III
609 4634 654 4706 Ρ.
685 4633 953 4706 Subdritconnm
979 4641 1015 4705 et
1043 4631 1281 4730 Capellanum
1308 4659 1427 4722 snum,
1446 4633 1574 4708 datram
1594 4635 1776 4711 Audito-
1830 4720 1831 4746 ἦ

338 4784 427 4844 rem,
459 4759 686 4856 Magistrum
713 4757 884 4857 appellnt.

337 4925 428 4994 (Rue.
446 4923 537 4994 Vna,
556 4923 585 4992 7,
602 4922 666 4996 fol.
687 4925 719 4995 7,
739 4939 830 4981 anno
859 4921 948 4996 VIII,
968 4933 1038 5000 cop.
1060 4925 1125 4994 28,·
1144 4925 1263 4997 Minus,
1285 4927 1347 4984 vol.
1360 4925 1436 4998 215,
1454 4927 1511 4984 col.
1537 4925 1618 5000 580,
1636 4943 1670 4983 n.
1696 4929 1780 4998 28:

258 5011 435 5085 Porrunsr,
457 5029 489 5071 n.
509 5013 625 5084 2453).
1338 5087 1415 5159 1205,
1433 5087 1542 5146 martii
1558 5086 1603 5160 25,
1622 5088 1770 5150 Rornae

404 5230 546 5305 Retulit
573 5233 679 5306 nobis
707 5232 864 5307 dilectus
883 5232 978 5308 lilius
997 5235 1184 5330 Magister
1203 5233 1254 5322 P.,
1278 5235 1537 5310 Subdiaconus
1556 5251 1595 5309 et
1615 5233 1781 5332 Capel-

256 5352 364 5429 lanus
393 5373 534 5444 noster,
564 5383 677 5453 quem
706 5357 842 5432 dilecto
869 5356 943 5432 filio
974 5357 1010 5433 P.
1042 5359 1089 5432 de
1118 5356 1211 5432 Vico
1235 5359 1406 5434 dedimus
1427 5360 1709 5438 Auditorem...
