3720 5916
874 309 1012 368 Saeculo
1031 310 1062 369 X
1072 310 1137 370 VII

955 640 1045 720 297.

246 799 410 873 Publicis
434 800 739 899 disputationibus
773 801 811 875 T
805 803 887 876 atae
913 803 1072 902 quiaque
1098 805 1284 877 iutersunt
1309 803 1532 878 Auditores:
1570 828 1640 877 cur
1675 828 1743 874 nau

326 925 544 1021 interfuerit
569 926 671 1025 de.
701 927 939 1025 Albergatus.

327 1081 443 1153 (Auen.
461 1081 548 1156 Rom,
573 1082 763 1142 ‹Daearium
784 1083 874 1142 Celsi
884 1086 923 1156 »).

331 1279 403 1354 Die
431 1282 528 1354 lovis
547 1285 614 1377 (29
632 1283 844 1356 novembris
872 1288 915 1355 16
921 1285 1005 1379 57)¹
1024 1281 1118 1356 hora
1137 1282 1314 1370 intimata,
1337 1282 1544 1357 Auditores
1563 1308 1606 1356 se
1626 1299 1745 1356 trans-

251 1403 416 1479 tulerunt
451 1406 500 1479 ad
538 1404 864 1483 Cancellariam...
903 1419 944 1481 et
978 1406 1129 1480 fuerunt
1162 1432 1318 1483 numero
1349 1429 1384 1502 5,
1414 1423 1571 1492 tantum,
1613 1431 1747 1502 nempe

254 1532 374 1604 Rrirus
403 1529 555 1618 Certus,
587 1530 776 1618 Decanus,
807 1531 854 1606 D.
886 1531 1050 1618 Meltius,
1077 1531 1162 1629 Ego
1181 1531 1355 1630 Angelus
1388 1531 1534 1619 Celsus,
1558 1531 1608 1612 D.
1628 1531 1746 1606 Zarat.

253 1670 293 1730 et
320 1654 558 1753 Bevilacqua.
590 1655 804 1730 Desiderati
833 1657 982 1732 fuerunt
1011 1657 1058 1732 D.
1089 1657 1299 1753 Verospius
1319 1657 1383 1753 qui
1402 1656 1488 1730 lecit
1506 1681 1618 1730 omne
1638 1679 1749 1752 posse

253 1780 303 1853 ad
330 1779 502 1854 eflectum
530 1781 800 1855 interveniendi
827 1780 911 1856 huic
938 1783 1047 1868 actui,
1078 1781 1147 1855 sed
1175 1783 1224 1856 ob
1252 1782 1389 1856 malam
1407 1781 1658 1854 valetudinem
1679 1803 1748 1853 non

255 1906 388 2001 potuit,
419 1906 466 1980 D.
497 1905 728 2004 Albergatus
756 1907 832 2004 qui,
863 1923 903 1980 ut
931 1907 1078 2003 publice
1102 1907 1244 1991 dicitur,
1265 1921 1414 1981 recusat
1431 1905 1685 2004 argumentari
1703 1930 1749 1977 ex

255 2055 332 2128 quo
360 2055 433 2104 una
461 2031 541 2104 vice
567 2030 747 2106 deiecerit
774 2031 810 2104 in
839 2032 1155 2128 disputationibus
1184 2032 1340 2128 publicis
1345 2089 1464 2108 ......

959 2359 1049 2442 298.

206 2543 209 2548 Α
257 2502 470 2576 Prandium
497 2513 532 2578 et
557 2503 685 2603 Papae
711 2505 923 2579 donadeum
950 2531 993 2580 aa
1019 2507 1199 2580 terminiis
1218 2517 1295 2605 pra
1318 2514 1461 2578 seruato
1495 2505 1536 2577 iu
1572 2504 1744 2582 omnt'bus.

337 2659 450 2730 (Anca.
469 2659 557 2733 Rom,
580 2631 770 2720 «Deurium
791 2659 879 2720 Celsi
888 2663 925 2732 »).

700 2861 772 2936 Die
801 2863 976 2938 Mercurii
1006 2887 1026 2957 3
1056 2861 1135 2936 Iulii
1164 2864 1314 2962 (1658).

337 3026 437 3101 Rota
465 3024 739 3099 Memorialium
767 3023 804 3098 in
833 3023 973 3098 Palatio
1000 3023 1184 3098 Vaticano
1212 3048 1297 3098 cum
1325 3025 1535 3098 interventu
1573 3026 1595 3098 8
1633 3022 1745 3097 Audi-

257 3166 393 3226 torum.
423 3150 591 3224 Fuerunt
626 3148 734 3246 plura
771 3149 1001 3224 memorialia
1034 3165 1074 3223 et
1110 3150 1146 3222 in
1174 3149 1248 3224 fine
1276 3148 1372 3223 illius
1398 3149 1518 3232 adsuit
1553 3145 1742 3244 prandium

256 3275 504 3350 lautissimum
519 3276 620 3348 iuxta
636 3273 798 3358 solitum,
815 3274 991 3371 expensis
1011 3273 1056 3350 R.
1074 3273 1119 3349 C.
1130 3273 1396 3371 -Apostolicae
1413 3289 1453 3348 et
1466 3273 1570 3348 finito
1584 3271 1741 3369 prandio,
1838 3269 1839 3276 ’

257 3401 454 3496 unicuique
482 3413 724 3494 praesentata
751 3397 819 3472 suit
845 3399 960 3472 bursa
979 3423 1063 3472 cum
1082 3415 1233 3472 centum
1253 3422 1332 3474 aur.
1354 3420 1424 3494 per
1441 3397 1615 3474 SSmum
1632 3397 1678 3472 D.
1700 3393 1740 3467 N.

256 3541 296 3600 et
327 3523 423 3598 illico
450 3522 610 3598 accessit
645 3539 684 3597 et
720 3538 877 3598 vocatus
915 3523 982 3597 luit
1018 3523 1063 3598 R.
1096 3522 1134 3601 P.
1167 3521 1213 3598 D.
1244 3523 1451 3609 Arcoleus;
1489 3522 1743 3619 praesentibus

259 3649 434 3735 Notariis‚
466 3647 560 3722 Rrirs
589 3646 766 3722 Decimus
793 3647 886 3722 dixit
909 3657 1151 3746 proservato
1177 3647 1217 3721 in
1245 3648 1418 3724 onustus.

957 3987 1047 4066 299.

257 4129 458 4204 Auditeres
484 4129 677 4204 exht'beant
701 4130 841 4228 eope'am
867 4130 1103 4206 Decisionum
1130 4155 1232 4232 quas¹
1249 4130 1493 4226 confluebant,
1511 4133 1551 4207 in
1574 4131 1742 4206 Arcum

338 4255 614 4330 asservandum.

337 4411 452 4482 (Auen.
471 4411 558 4484 Ron,
576 4410 741 4470 Drarium
761 4411 865 4484 Celsi).

611 4611 682 4685 Die
712 4611 887 4685 Mercurii
920 4634 964 4704 13
995 4611 1222 4686 Novembris
1251 4611 1400 4710 (1658).

339 4829 706 4854 ..........
738 4772 822 4845 Fuit
851 4773 990 4846 dictum
1018 4774 1123 4870 quod
1142 4773 1178 4844 in
1197 4788 1393 4870 posterum
1413 4772 1621 4846 Auditores
1638 4773 1744 4847 debe·

256 4911 338 4970 rent
365 4897 541 4972 exhibere
569 4899 715 4994 copiam
746 4897 986 4971 Decisionum
1015 4921 1112 4992 quas
1140 4897 1386 4972 conficiebant
1403 4912 1443 4971 et
1459 4897 1541 4972 illas
1570 4919 1743 4994 reponere

258 5021 292 5094 in
320 5022 513 5118 quoddam
541 5021 710 5097 Schrinio
737 5049 804 5096 seu
834 5023 1009 5096 Armario
1045 5021 1256 5097 consectum
1292 5022 1342 5096 ad
1375 5023 1472 5095 hunc
1504 5021 1676 5096 effectum
1709 5034 1743 5092 et
1833 5049 1834 5115 p

257 5170 328 5241 pro
354 5147 594 5222 asservandis
623 5148 816 5244 scripturis
844 5144 893 5220 ad
921 5146 1059 5220 Rotam
1089 5147 1360 5242 spectantibus.

330 5383 418 5454 ¹Quo
436 5383 487 5443 die
506 5385 611 5442 locum
630 5383 812 5443 habuerunt
831 5384 977 5458 publicae
996 5383 1218 5442 conclusiones
1237 5383 1276 5442 D.
1296 5381 1404 5442 Talae.
