<?xml version="1.0" encoding="UTF-8"?>
<!DOCTYPE html PUBLIC "-//W3C//DTD XHTML 1.0 Transitional//EN"
    "http://www.w3.org/TR/xhtml1/DTD/xhtml1-transitional.dtd">
<html xmlns="http://www.w3.org/1999/xhtml" xml:lang="en" lang="en">
 <head>
  <title>
</title>
<meta http-equiv="Content-Type" content="text/html;charset=utf-8" />
  <meta name='ocr-system' content='tesseract 3.04.00' />
  <meta name='ocr-capabilities' content='ocr_page ocr_carea ocr_par ocr_line ocrx_word'/>
</head>
<body>
  <div class='ocr_page' id='page_1' title='image "./capellanipapaee00cercgoog_0498.png"; bbox 0 0 3718 5918; ppageno 0'>
   <div class='ocr_carea' id='block_1_1' title="bbox 797 335 1196 398">
    <p class='ocr_par' dir='ltr' id='par_1_1' title="bbox 797 335 1196 398">
     <span class='ocr_line' id='line_1_1' title="bbox 797 335 1196 398; baseline 0.003 -3"><span class='ocrx_word' id='word_1_1' title='bbox 797 335 933 396; x_wconf 85' lang='lat' dir='ltr'><strong>Soecuto</strong></span> <span class='ocrx_word' id='word_1_2' title='bbox 952 335 984 396; x_wconf 86' lang='lat' dir='ltr'><em>X</em></span> <span class='ocrx_word' id='word_1_3' title='bbox 994 336 1104 397; x_wconf 86' lang='lat' dir='ltr'><em>VII-X</em></span> <span class='ocrx_word' id='word_1_4' title='bbox 1113 337 1196 398; x_wconf 89' lang='lat' dir='ltr'><em>VIII</em></span> 
     </span>
    </p>
   </div>
   <div class='ocr_carea' id='block_1_2' title="bbox 946 664 1036 744">
    <p class='ocr_par' dir='ltr' id='par_1_2' title="bbox 946 664 1036 744">
     <span class='ocr_line' id='line_1_2' title="bbox 946 664 1036 744; baseline 0.022 -2"><span class='ocrx_word' id='word_1_5' title='bbox 946 664 1036 744; x_wconf 83' lang='lat'><strong>375.</strong></span> 
     </span>
    </p>
   </div>
   <div class='ocr_carea' id='block_1_3' title="bbox 234 807 1734 1009">
    <p class='ocr_par' dir='ltr' id='par_1_3' title="bbox 234 807 1734 1009">
     <span class='ocr_line' id='line_1_3' title="bbox 234 807 1734 908; baseline -0.002 -24"><span class='ocrx_word' id='word_1_6' title='bbox 234 809 473 908; x_wconf 75' lang='lat' dir='ltr'><strong>Negltgentia</strong></span> <span class='ocrx_word' id='word_1_7' title='bbox 501 809 712 906; x_wconf 75' lang='lat' dir='ltr'><strong>Agentium,</strong></span> <span class='ocrx_word' id='word_1_8' title='bbox 742 817 810 882; x_wconf 84' lang='lat' dir='ltr'><strong>aut</strong></span> <span class='ocrx_word' id='word_1_9' title='bbox 836 807 1131 882; x_wconf 81' lang='lat' dir='ltr'><strong>Procuratorum</strong></span> <span class='ocrx_word' id='word_1_10' title='bbox 1149 817 1218 882; x_wconf 83' lang='lat' dir='ltr'><strong>aut</strong></span> <span class='ocrx_word' id='word_1_11' title='bbox 1242 807 1517 883; x_wconf 82' lang='lat' dir='ltr'><strong>Advocatorum</strong></span> <span class='ocrx_word' id='word_1_12' title='bbox 1543 809 1584 882; x_wconf 83' lang='lat' dir='ltr'><strong>in</strong></span> <span class='ocrx_word' id='word_1_13' title='bbox 1604 819 1734 906; x_wconf 71' lang='lat' dir='ltr'><strong>propo-</strong></span> 
     </span>
     <span class='ocr_line' id='line_1_4' title="bbox 316 935 602 1009; baseline 0.003 -1"><span class='ocrx_word' id='word_1_14' title='bbox 316 935 446 1008; x_wconf 81' lang='lat' dir='ltr'><strong>nendis</strong></span> <span class='ocrx_word' id='word_1_15' title='bbox 472 935 602 1009; x_wconf 84' lang='lat' dir='ltr'><strong>causis.</strong></span> 
     </span>
    </p>
   </div>
   <div class='ocr_carea' id='block_1_4' title="bbox 316 1087 1085 1164">
    <p class='ocr_par' dir='ltr' id='par_1_4' title="bbox 316 1087 1085 1164">
     <span class='ocr_line' id='line_1_5' title="bbox 316 1087 1085 1164; baseline -0.004 -15"><span class='ocrx_word' id='word_1_16' title='bbox 316 1091 430 1160; x_wconf 73' lang='lat' dir='ltr'><strong>(Aaou.</strong></span> <span class='ocrx_word' id='word_1_17' title='bbox 450 1089 536 1164; x_wconf 70' lang='lat' dir='ltr'><strong>Rom,</strong></span> <span class='ocrx_word' id='word_1_18' title='bbox 560 1088 749 1147; x_wconf 81' lang='lat' dir='ltr'><strong>‹Diarium</strong></span> <span class='ocrx_word' id='word_1_19' title='bbox 768 1088 879 1147; x_wconf 84' lang='lat' dir='ltr'><strong>Iacobi</strong></span> <span class='ocrx_word' id='word_1_20' title='bbox 896 1087 1037 1147; x_wconf 82' lang='lat' dir='ltr'><strong>Emerix</strong></span> <span class='ocrx_word' id='word_1_21' title='bbox 1049 1091 1085 1160; x_wconf 83' lang='lat'><strong>»).</strong></span> 
     </span>
    </p>
   </div>
   <div class='ocr_carea' id='block_1_5' title="bbox 697 1269 1276 1364">
    <p class='ocr_par' dir='ltr' id='par_1_5' title="bbox 697 1269 1276 1364">
     <span class='ocr_line' id='line_1_6' title="bbox 697 1269 1276 1364; baseline 0.002 -21"><span class='ocrx_word' id='word_1_22' title='bbox 697 1269 791 1348; x_wconf 87' lang='lat' dir='ltr'><strong>Ven.</strong></span> <span class='ocrx_word' id='word_1_23' title='bbox 828 1295 872 1362; x_wconf 89' lang='lat'><strong>19</strong></span> <span class='ocrx_word' id='word_1_24' title='bbox 904 1271 1128 1346; x_wconf 89' lang='lat' dir='ltr'><strong>Novembris</strong></span> <span class='ocrx_word' id='word_1_25' title='bbox 1164 1277 1276 1364; x_wconf 90' lang='lat'>1694.</span> 
     </span>
    </p>
   </div>
   <div class='ocr_carea' id='block_1_6' title="bbox 237 1431 1844 2260">
    <p class='ocr_par' dir='ltr' id='par_1_6' title="bbox 237 1431 1844 2260">
     <span class='ocr_line' id='line_1_7' title="bbox 316 1431 1735 1531; baseline -0.004 -23"><span class='ocrx_word' id='word_1_26' title='bbox 316 1440 393 1528; x_wconf 83' lang='lat'><strong>639</strong></span> <span class='ocrx_word' id='word_1_27' title='bbox 399 1490 518 1510; x_wconf 92' lang='grc'><strong>......</strong></span> <span class='ocrx_word' id='word_1_28' title='bbox 560 1433 775 1506; x_wconf 90' lang='lat' dir='ltr'><strong>Particulari</strong></span> <span class='ocrx_word' id='word_1_29' title='bbox 816 1431 1082 1507; x_wconf 90' lang='lat' dir='ltr'><strong>observatione</strong></span> <span class='ocrx_word' id='word_1_30' title='bbox 1117 1431 1271 1531; x_wconf 85' lang='lat' dir='ltr'><strong>dignum</strong></span> <span class='ocrx_word' id='word_1_31' title='bbox 1309 1431 1397 1505; x_wconf 92' lang='lat' dir='ltr'><strong>mihi</strong></span> <span class='ocrx_word' id='word_1_32' title='bbox 1420 1431 1540 1504; x_wconf 89' lang='lat' dir='ltr'><strong>visum</strong></span> <span class='ocrx_word' id='word_1_33' title='bbox 1582 1447 1644 1504; x_wconf 89' lang='lat' dir='ltr'><strong>est</strong></span> <span class='ocrx_word' id='word_1_34' title='bbox 1680 1431 1735 1503; x_wconf 91' lang='lat' dir='ltr'><strong>hic</strong></span> 
     </span>
     <span class='ocr_line' id='line_1_8' title="bbox 237 1555 1738 1670; baseline -0.003 -35"><span class='ocrx_word' id='word_1_35' title='bbox 237 1577 458 1635; x_wconf 89' lang='lat' dir='ltr'><strong>annotatum</strong></span> <span class='ocrx_word' id='word_1_36' title='bbox 478 1559 686 1656; x_wconf 86' lang='lat' dir='ltr'>relinquere</span> <span class='ocrx_word' id='word_1_37' title='bbox 714 1559 818 1670; x_wconf 71' lang='lat' dir='ltr'><strong>quod</strong></span> <span class='ocrx_word' id='word_1_38' title='bbox 847 1583 978 1632; x_wconf 94' lang='lat' dir='ltr'><strong>omnes</strong></span> <span class='ocrx_word' id='word_1_39' title='bbox 999 1582 1021 1649; x_wconf 92' lang='lat'>9</span> <span class='ocrx_word' id='word_1_40' title='bbox 1044 1555 1193 1632; x_wconf 88' lang='lat' dir='ltr'>Causae</span> <span class='ocrx_word' id='word_1_41' title='bbox 1213 1581 1329 1652; x_wconf 89' lang='lat' dir='ltr'><strong>supra</strong></span> <span class='ocrx_word' id='word_1_42' title='bbox 1357 1557 1578 1652; x_wconf 86' lang='lat' dir='ltr'>descriptae,</span> <span class='ocrx_word' id='word_1_43' title='bbox 1600 1579 1738 1652; x_wconf 91' lang='lat' dir='ltr'><strong>propo·</strong></span> 
     </span>
     <span class='ocr_line' id='line_1_9' title="bbox 237 1680 1739 1778; baseline -0.005 -18"><span class='ocrx_word' id='word_1_44' title='bbox 237 1687 332 1760; x_wconf 91' lang='lat' dir='ltr'><strong>sitae</strong></span> <span class='ocrx_word' id='word_1_45' title='bbox 360 1683 521 1771; x_wconf 87' lang='lat' dir='ltr'><strong>suerunt,</strong></span> <span class='ocrx_word' id='word_1_46' title='bbox 542 1683 650 1757; x_wconf 90' lang='lat' dir='ltr'><strong>unica</strong></span> <span class='ocrx_word' id='word_1_47' title='bbox 669 1697 815 1758; x_wconf 92' lang='lat' dir='ltr'><strong>tantum</strong></span> <span class='ocrx_word' id='word_1_48' title='bbox 844 1699 951 1778; x_wconf 89' lang='lat' dir='ltr'><strong>parte</strong></span> <span class='ocrx_word' id='word_1_49' title='bbox 978 1683 1217 1758; x_wconf 83' lang='lat' dir='ltr'><strong>informante:</strong></span> <span class='ocrx_word' id='word_1_50' title='bbox 1237 1681 1324 1756; x_wconf 88' lang='lat' dir='ltr'><strong>inde</strong></span> <span class='ocrx_word' id='word_1_51' title='bbox 1350 1681 1449 1756; x_wconf 93' lang='lat' dir='ltr'><strong>enim</strong></span> <span class='ocrx_word' id='word_1_52' title='bbox 1478 1680 1649 1777; x_wconf 88' lang='lat' dir='ltr'><strong>apprime</strong></span> <span class='ocrx_word' id='word_1_53' title='bbox 1668 1681 1739 1755; x_wconf 91' lang='lat' dir='ltr'><strong>col-</strong></span> 
     </span>
     <span class='ocr_line' id='line_1_10' title="bbox 238 1805 1844 1914; baseline -0.004 -31"><span class='ocrx_word' id='word_1_54' title='bbox 238 1810 364 1910; x_wconf 85' lang='lat' dir='ltr'><strong>ligitur</strong></span> <span class='ocrx_word' id='word_1_55' title='bbox 396 1809 611 1914; x_wconf 80' lang='lat' dir='ltr'><strong>tarditatem</strong></span> <span class='ocrx_word' id='word_1_56' title='bbox 648 1809 684 1882; x_wconf 93' lang='lat' dir='ltr'><strong>in</strong></span> <span class='ocrx_word' id='word_1_57' title='bbox 717 1807 972 1905; x_wconf 86' lang='lat' dir='ltr'><strong>proponendis</strong></span> <span class='ocrx_word' id='word_1_58' title='bbox 1001 1807 1136 1882; x_wconf 86' lang='lat' dir='ltr'><strong>Causis</strong></span> <span class='ocrx_word' id='word_1_59' title='bbox 1164 1805 1349 1881; x_wconf 87' lang='lat' dir='ltr'><strong>immerito</strong></span> <span class='ocrx_word' id='word_1_60' title='bbox 1376 1805 1537 1880; x_wconf 81' lang='lat' dir='ltr'><strong>adscribi</strong></span> <span class='ocrx_word' id='word_1_61' title='bbox 1566 1805 1740 1880; x_wconf 85' lang='lat' dir='ltr'><strong>Dominis</strong></span> <span class='ocrx_word' id='word_1_62' title='bbox 1843 1889 1844 1898; x_wconf 12' lang='grc' dir='ltr'><strong>ἶ</strong></span> 
     </span>
     <span class='ocr_line' id='line_1_11' title="bbox 239 1929 1738 2030; baseline -0.007 -19"><span class='ocrx_word' id='word_1_63' title='bbox 239 1936 497 2021; x_wconf 88' lang='lat' dir='ltr'><strong>Auditoribus‚</strong></span> <span class='ocrx_word' id='word_1_64' title='bbox 524 1935 592 2008; x_wconf 93' lang='lat' dir='ltr'><strong>sed</strong></span> <span class='ocrx_word' id='word_1_65' title='bbox 621 1935 727 2008; x_wconf 91' lang='lat' dir='ltr'><strong>unice</strong></span> <span class='ocrx_word' id='word_1_66' title='bbox 755 1933 1039 2008; x_wconf 86' lang='lat' dir='ltr'><strong>adscribendam</strong></span> <span class='ocrx_word' id='word_1_67' title='bbox 1072 1931 1131 2006; x_wconf 88' lang='lat' dir='ltr'><strong>vel</strong></span> <span class='ocrx_word' id='word_1_68' title='bbox 1160 1929 1534 2030; x_wconf 85' lang='lat' dir='ltr'><strong>tergiversationibus</strong></span> <span class='ocrx_word' id='word_1_69' title='bbox 1563 1929 1738 2016; x_wconf 91' lang='lat' dir='ltr'><strong>Partium‚</strong></span> 
     </span>
     <span class='ocr_line' id='line_1_12' title="bbox 238 2053 1740 2158; baseline -0.003 -26"><span class='ocrx_word' id='word_1_70' title='bbox 238 2060 298 2135; x_wconf 86' lang='lat' dir='ltr'><strong>vel</strong></span> <span class='ocrx_word' id='word_1_71' title='bbox 335 2053 588 2158; x_wconf 76' lang='lat' dir='ltr'><strong>negligentiae</strong></span> <span class='ocrx_word' id='word_1_72' title='bbox 623 2057 768 2133; x_wconf 91' lang='lat' dir='ltr'><strong>illorum</strong></span> <span class='ocrx_word' id='word_1_73' title='bbox 797 2055 1016 2155; x_wconf 73' lang='lat' dir='ltr'><strong>Agendum,</strong></span> <span class='ocrx_word' id='word_1_74' title='bbox 1045 2083 1113 2132; x_wconf 89' lang='lat' dir='ltr'><strong>seu</strong></span> <span class='ocrx_word' id='word_1_75' title='bbox 1150 2056 1438 2130; x_wconf 88' lang='lat' dir='ltr'><strong>Procuratorum</strong></span> <span class='ocrx_word' id='word_1_76' title='bbox 1466 2053 1526 2127; x_wconf 87' lang='lat' dir='ltr'><strong>vel</strong></span> <span class='ocrx_word' id='word_1_77' title='bbox 1563 2054 1740 2128; x_wconf 85' lang='lat' dir='ltr'><strong>Advoca-</strong></span> 
     </span>
     <span class='ocr_line' id='line_1_13' title="bbox 241 2200 375 2260; baseline 0.015 -2"><span class='ocrx_word' id='word_1_78' title='bbox 241 2200 375 2260; x_wconf 91' lang='lat' dir='ltr'><strong>torum.</strong></span> 
     </span>
    </p>
   </div>
   <div class='ocr_carea' id='block_1_7' title="bbox 365 2409 1680 2686">
    <p class='ocr_par' dir='ltr' id='par_1_7' title="bbox 365 2409 1680 2686">
     <span class='ocr_line' id='line_1_14' title="bbox 945 2409 1036 2490; baseline 0.033 -3"><span class='ocrx_word' id='word_1_79' title='bbox 945 2409 1036 2490; x_wconf 85' lang='lat'><strong>376.</strong></span> 
     </span>
     <span class='ocr_line' id='line_1_15' title="bbox 365 2567 1680 2686; baseline -0.004 -40"><span class='ocrx_word' id='word_1_80' title='bbox 365 2574 602 2660; x_wconf 68' lang='lat' dir='ltr'><strong>Donatum,</strong></span> <span class='ocrx_word' id='word_1_81' title='bbox 632 2574 866 2658; x_wconf 71' lang='lat' dir='ltr'><strong>numismata,</strong></span> <span class='ocrx_word' id='word_1_82' title='bbox 893 2581 929 2646; x_wconf 81' lang='lat' dir='ltr'><strong>et</strong></span> <span class='ocrx_word' id='word_1_83' title='bbox 952 2570 1101 2647; x_wconf 80' lang='lat' dir='ltr'><strong>indictio</strong></span> <span class='ocrx_word' id='word_1_84' title='bbox 1129 2569 1331 2644; x_wconf 66' lang='lat' dir='ltr'><strong>Feriarum</strong></span> <span class='ocrx_word' id='word_1_85' title='bbox 1362 2567 1611 2678; x_wconf 58' lang='lat' dir='ltr'><strong>Generatim.</strong></span> <span class='ocrx_word' id='word_1_86' title='bbox 1673 2673 1680 2686; x_wconf 19' lang='grc' dir='ltr'><strong><em>ἡ</em></strong></span> 
     </span>
    </p>
   </div>
   <div class='ocr_carea' id='block_1_8' title="bbox 320 2725 1089 2804">
    <p class='ocr_par' dir='ltr' id='par_1_8' title="bbox 320 2725 1089 2804">
     <span class='ocr_line' id='line_1_16' title="bbox 320 2725 1089 2804; baseline -0.005 -16"><span class='ocrx_word' id='word_1_87' title='bbox 320 2729 433 2800; x_wconf 75' lang='lat' dir='ltr'><strong>(Auen.</strong></span> <span class='ocrx_word' id='word_1_88' title='bbox 451 2729 539 2804; x_wconf 72' lang='lat' dir='ltr'><strong>Rom,</strong></span> <span class='ocrx_word' id='word_1_89' title='bbox 563 2727 753 2788; x_wconf 81' lang='lat' dir='ltr'><strong>«Diarr&#39;um</strong></span> <span class='ocrx_word' id='word_1_90' title='bbox 771 2728 882 2786; x_wconf 83' lang='lat' dir='ltr'><strong>Iacobi</strong></span> <span class='ocrx_word' id='word_1_91' title='bbox 898 2725 1038 2785; x_wconf 82' lang='lat' dir='ltr'><strong>Emerix</strong></span> <span class='ocrx_word' id='word_1_92' title='bbox 1051 2725 1089 2798; x_wconf 85' lang='lat'><strong>›).</strong></span> 
     </span>
    </p>
   </div>
   <div class='ocr_carea' id='block_1_9' title="bbox 772 2911 1208 3006">
    <p class='ocr_par' dir='ltr' id='par_1_9' title="bbox 772 2911 1208 3006">
     <span class='ocr_line' id='line_1_17' title="bbox 772 2911 1208 3006; baseline -0.005 -19"><span class='ocrx_word' id='word_1_93' title='bbox 772 2913 901 2987; x_wconf 91' lang='lat' dir='ltr'><strong>Lunae</strong></span> <span class='ocrx_word' id='word_1_94' title='bbox 931 2937 955 3006; x_wconf 92' lang='lat'>4</span> <span class='ocrx_word' id='word_1_95' title='bbox 983 2911 1061 2986; x_wconf 91' lang='lat' dir='ltr'><strong>lulii</strong></span> <span class='ocrx_word' id='word_1_96' title='bbox 1096 2917 1208 3006; x_wconf 89' lang='lat'>1695.</span> 
     </span>
    </p>
   </div>
   <div class='ocr_carea' id='block_1_10' title="bbox 240 3175 1739 3780">
    <p class='ocr_par' dir='ltr' id='par_1_10' title="bbox 240 3175 1739 3780">
     <span class='ocr_line' id='line_1_18' title="bbox 322 3175 1738 3279; baseline -0.006 -23"><span class='ocrx_word' id='word_1_97' title='bbox 322 3187 410 3276; x_wconf 89' lang='lat'><strong>647.</strong></span> <span class='ocrx_word' id='word_1_98' title='bbox 433 3184 482 3256; x_wconf 87' lang='lat' dir='ltr'><strong>Et</strong></span> <span class='ocrx_word' id='word_1_99' title='bbox 509 3181 724 3258; x_wconf 90' lang='lat' dir='ltr'><strong>immediate</strong></span> <span class='ocrx_word' id='word_1_100' title='bbox 752 3198 839 3279; x_wconf 92' lang='lat' dir='ltr'><strong>post</strong></span> <span class='ocrx_word' id='word_1_101' title='bbox 867 3179 1018 3255; x_wconf 90' lang='lat' dir='ltr'><strong>intravit</strong></span> <span class='ocrx_word' id='word_1_102' title='bbox 1047 3179 1233 3278; x_wconf 86' lang='lat' dir='ltr'><strong>Magister</strong></span> <span class='ocrx_word' id='word_1_103' title='bbox 1253 3176 1559 3250; x_wconf 84' lang='lat' dir='ltr'><strong>Ceremoniarum</strong></span> <span class='ocrx_word' id='word_1_104' title='bbox 1589 3175 1738 3251; x_wconf 90' lang='lat' dir='ltr'><strong>Domus</strong></span> 
     </span>
     <span class='ocr_line' id='line_1_19' title="bbox 241 3299 1739 3402; baseline -0.005 -24"><span class='ocrx_word' id='word_1_105' title='bbox 241 3306 452 3381; x_wconf 85' lang='lat' dir='ltr'><strong>Pontificiae</strong></span> <span class='ocrx_word' id='word_1_106' title='bbox 481 3307 545 3402; x_wconf 95' lang='lat' dir='ltr'><strong>qui</strong></span> <span class='ocrx_word' id='word_1_107' title='bbox 571 3306 659 3382; x_wconf 89' lang='lat' dir='ltr'><strong>mihi</strong></span> <span class='ocrx_word' id='word_1_108' title='bbox 687 3305 875 3382; x_wconf 90' lang='lat' dir='ltr'><strong>distribuit</strong></span> <span class='ocrx_word' id='word_1_109' title='bbox 901 3307 1055 3380; x_wconf 89' lang='lat' dir='ltr'><strong>bursam</strong></span> <span class='ocrx_word' id='word_1_110' title='bbox 1074 3329 1157 3377; x_wconf 89' lang='lat' dir='ltr'><strong>cum</strong></span> <span class='ocrx_word' id='word_1_111' title='bbox 1187 3303 1301 3376; x_wconf 92' lang='lat' dir='ltr'><strong>scutis</strong></span> <span class='ocrx_word' id='word_1_112' title='bbox 1329 3323 1404 3376; x_wconf 88' lang='lat'><strong>200</strong></span> <span class='ocrx_word' id='word_1_113' title='bbox 1423 3299 1505 3374; x_wconf 91' lang='lat' dir='ltr'><strong>auri</strong></span> <span class='ocrx_word' id='word_1_114' title='bbox 1524 3301 1560 3374; x_wconf 93' lang='lat' dir='ltr'><strong>in</strong></span> <span class='ocrx_word' id='word_1_115' title='bbox 1578 3324 1675 3375; x_wconf 88' lang='lat' dir='ltr'><strong>auro</strong></span> <span class='ocrx_word' id='word_1_116' title='bbox 1703 3315 1739 3373; x_wconf 85' lang='lat' dir='ltr'><strong>et</strong></span> 
     </span>
     <span class='ocr_line' id='line_1_20' title="bbox 240 3423 1737 3528; baseline -0.005 -23"><span class='ocrx_word' id='word_1_117' title='bbox 240 3433 391 3528; x_wconf 91' lang='lat' dir='ltr'><strong>reliquis</strong></span> <span class='ocrx_word' id='word_1_118' title='bbox 410 3431 579 3507; x_wconf 90' lang='lat' dir='ltr'><strong>Dominis</strong></span> <span class='ocrx_word' id='word_1_119' title='bbox 599 3457 683 3505; x_wconf 95' lang='lat' dir='ltr'><strong>cum</strong></span> <span class='ocrx_word' id='word_1_120' title='bbox 703 3432 819 3506; x_wconf 90' lang='lat' dir='ltr'><strong>scutis</strong></span> <span class='ocrx_word' id='word_1_121' title='bbox 844 3455 916 3506; x_wconf 91' lang='lat'><strong>100</strong></span> <span class='ocrx_word' id='word_1_122' title='bbox 933 3429 1122 3515; x_wconf 89' lang='lat' dir='ltr'><strong>similibus,</strong></span> <span class='ocrx_word' id='word_1_123' title='bbox 1140 3443 1179 3502; x_wconf 87' lang='lat' dir='ltr'><strong>et</strong></span> <span class='ocrx_word' id='word_1_124' title='bbox 1193 3428 1275 3501; x_wconf 94' lang='lat' dir='ltr'><strong>loco</strong></span> <span class='ocrx_word' id='word_1_125' title='bbox 1290 3423 1433 3522; x_wconf 92' lang='lat' dir='ltr'><strong>prandii</strong></span> <span class='ocrx_word' id='word_1_126' title='bbox 1457 3424 1537 3498; x_wconf 89' lang='lat' dir='ltr'><strong>fieri</strong></span> <span class='ocrx_word' id='word_1_127' title='bbox 1554 3427 1737 3510; x_wconf 88' lang='lat' dir='ltr'><strong>consueti,</strong></span> 
     </span>
     <span class='ocr_line' id='line_1_21' title="bbox 240 3549 1735 3655; baseline -0.005 -23"><span class='ocrx_word' id='word_1_128' title='bbox 240 3584 336 3633; x_wconf 93' lang='lat' dir='ltr'><strong>unus</strong></span> <span class='ocrx_word' id='word_1_129' title='bbox 363 3585 410 3633; x_wconf 86' lang='lat' dir='ltr'><strong>ex</strong></span> <span class='ocrx_word' id='word_1_130' title='bbox 440 3557 690 3655; x_wconf 89' lang='lat' dir='ltr'><strong>Computistis</strong></span> <span class='ocrx_word' id='word_1_131' title='bbox 720 3557 904 3632; x_wconf 85' lang='lat' dir='ltr'><strong>Camerae</strong></span> <span class='ocrx_word' id='word_1_132' title='bbox 931 3555 1066 3630; x_wconf 90' lang='lat' dir='ltr'><strong>detulit</strong></span> <span class='ocrx_word' id='word_1_133' title='bbox 1092 3553 1247 3652; x_wconf 86' lang='lat' dir='ltr'><strong>singulis</strong></span> <span class='ocrx_word' id='word_1_134' title='bbox 1267 3552 1343 3625; x_wconf 95' lang='lat' dir='ltr'><strong>duo</strong></span> <span class='ocrx_word' id='word_1_135' title='bbox 1362 3549 1587 3624; x_wconf 90' lang='lat' dir='ltr'><strong>numismata</strong></span> <span class='ocrx_word' id='word_1_136' title='bbox 1612 3550 1735 3625; x_wconf 90' lang='lat' dir='ltr'><strong>Ponti·</strong></span> 
     </span>
     <span class='ocr_line' id='line_1_22' title="bbox 242 3674 1736 3780; baseline -0.005 -23"><span class='ocrx_word' id='word_1_137' title='bbox 242 3684 331 3771; x_wconf 86' lang='lat' dir='ltr'><strong>ficia,</strong></span> <span class='ocrx_word' id='word_1_138' title='bbox 363 3710 476 3759; x_wconf 92' lang='lat' dir='ltr'><strong>unum</strong></span> <span class='ocrx_word' id='word_1_139' title='bbox 504 3709 659 3758; x_wconf 94' lang='lat' dir='ltr'><strong>aureum</strong></span> <span class='ocrx_word' id='word_1_140' title='bbox 687 3700 727 3758; x_wconf 92' lang='lat' dir='ltr'><strong>et</strong></span> <span class='ocrx_word' id='word_1_141' title='bbox 754 3683 913 3757; x_wconf 91' lang='lat' dir='ltr'><strong>alterum</strong></span> <span class='ocrx_word' id='word_1_142' title='bbox 940 3696 1175 3780; x_wconf 87' lang='lat' dir='ltr'><strong>argenteum,</strong></span> <span class='ocrx_word' id='word_1_143' title='bbox 1210 3674 1364 3753; x_wconf 93' lang='lat' dir='ltr'><strong>etmihi</strong></span> <span class='ocrx_word' id='word_1_144' title='bbox 1392 3675 1560 3749; x_wconf 90' lang='lat' dir='ltr'><strong>similiter</strong></span> <span class='ocrx_word' id='word_1_145' title='bbox 1591 3695 1736 3774; x_wconf 88' lang='lat' dir='ltr'><strong>partem</strong></span> 
     </span>
    </p>
   </div>
   <div class='ocr_carea' id='block_1_11' title="bbox 240 3808 1737 4030">
    <p class='ocr_par' dir='ltr' id='par_1_11' title="bbox 240 3808 1737 4030">
     <span class='ocr_line' id='line_1_23' title="bbox 240 3808 479 3884; baseline 0.004 -1"><span class='ocrx_word' id='word_1_146' title='bbox 240 3810 290 3883; x_wconf 94' lang='lat' dir='ltr'><strong>du</strong></span> <span class='ocrx_word' id='word_1_147' title='bbox 320 3808 479 3884; x_wconf 89' lang='lat' dir='ltr'><strong>licatam.</strong></span> 
     </span>
     <span class='ocr_line' id='line_1_24' title="bbox 293 3835 1737 4030; baseline -0.006 -22"><span class='ocrx_word' id='word_1_148' title='bbox 293 3835 409 4027; x_wconf 86' lang='lat' dir='ltr'><strong>p648.</strong></span> <span class='ocrx_word' id='word_1_149' title='bbox 433 3934 504 4008; x_wconf 90' lang='lat' dir='ltr'><strong>His</strong></span> <span class='ocrx_word' id='word_1_150' title='bbox 533 3932 706 4030; x_wconf 85' lang='lat' dir='ltr'><strong>peractis,</strong></span> <span class='ocrx_word' id='word_1_151' title='bbox 730 3930 966 4005; x_wconf 89' lang='lat' dir='ltr'><strong>introductus</strong></span> <span class='ocrx_word' id='word_1_152' title='bbox 994 3929 1062 4006; x_wconf 84' lang='lat' dir='ltr'><strong>fuit</strong></span> <span class='ocrx_word' id='word_1_153' title='bbox 1089 3929 1138 4004; x_wconf 89' lang='lat' dir='ltr'><strong>de</strong></span> <span class='ocrx_word' id='word_1_154' title='bbox 1166 3953 1269 4003; x_wconf 89' lang='lat' dir='ltr'><strong>more</strong></span> <span class='ocrx_word' id='word_1_155' title='bbox 1299 3929 1344 4001; x_wconf 91' lang='lat' dir='ltr'><strong>R.</strong></span> <span class='ocrx_word' id='word_1_156' title='bbox 1376 3927 1414 4002; x_wconf 92' lang='lat' dir='ltr'><strong>P.</strong></span> <span class='ocrx_word' id='word_1_157' title='bbox 1445 3929 1494 4004; x_wconf 93' lang='lat' dir='ltr'><strong>D.</strong></span> <span class='ocrx_word' id='word_1_158' title='bbox 1524 3927 1737 4002; x_wconf 92' lang='lat' dir='ltr'><strong>Thomatus</strong></span> 
     </span>
    </p>
   </div>
   <div class='ocr_carea' id='block_1_12' title="bbox 239 4053 1736 4280">
    <p class='ocr_par' dir='ltr' id='par_1_12' title="bbox 239 4053 1736 4280">
     <span class='ocr_line' id='line_1_25' title="bbox 241 4053 1736 4150; baseline -0.005 -16"><span class='ocrx_word' id='word_1_159' title='bbox 241 4085 335 4134; x_wconf 92' lang='lat' dir='ltr'><strong>unus</strong></span> <span class='ocrx_word' id='word_1_160' title='bbox 364 4086 411 4136; x_wconf 83' lang='lat' dir='ltr'><strong>ex</strong></span> <span class='ocrx_word' id='word_1_161' title='bbox 439 4058 798 4133; x_wconf 88' lang='lat' dir='ltr'><strong>Locumtenentibus</strong></span> <span class='ocrx_word' id='word_1_162' title='bbox 817 4057 865 4130; x_wconf 89' lang='lat' dir='ltr'><strong>A.</strong></span> <span class='ocrx_word' id='word_1_163' title='bbox 887 4055 931 4131; x_wconf 90' lang='lat' dir='ltr'><strong>C.</strong></span> <span class='ocrx_word' id='word_1_164' title='bbox 957 4079 1040 4129; x_wconf 92' lang='lat' dir='ltr'><strong>cum</strong></span> <span class='ocrx_word' id='word_1_165' title='bbox 1061 4053 1139 4128; x_wconf 92' lang='lat' dir='ltr'><strong>suis</strong></span> <span class='ocrx_word' id='word_1_166' title='bbox 1168 4053 1332 4128; x_wconf 90' lang='lat' dir='ltr'><strong>Notariis</strong></span> <span class='ocrx_word' id='word_1_167' title='bbox 1351 4071 1391 4128; x_wconf 89' lang='lat' dir='ltr'><strong>et</strong></span> <span class='ocrx_word' id='word_1_168' title='bbox 1418 4053 1556 4129; x_wconf 90' lang='lat' dir='ltr'><strong>nostris</strong></span> <span class='ocrx_word' id='word_1_169' title='bbox 1584 4069 1626 4127; x_wconf 89' lang='lat' dir='ltr'><strong>et</strong></span> <span class='ocrx_word' id='word_1_170' title='bbox 1654 4053 1736 4150; x_wconf 86' lang='lat' dir='ltr'><strong>Ego</strong></span> 
     </span>
     <span class='ocr_line' id='line_1_26' title="bbox 239 4178 1348 4280; baseline -0.005 -22"><span class='ocrx_word' id='word_1_171' title='bbox 239 4185 341 4258; x_wconf 87' lang='lat' dir='ltr'><strong>iuxta</strong></span> <span class='ocrx_word' id='word_1_172' title='bbox 368 4185 562 4280; x_wconf 90' lang='lat' dir='ltr'><strong>antiquum</strong></span> <span class='ocrx_word' id='word_1_173' title='bbox 592 4182 729 4280; x_wconf 88' lang='lat' dir='ltr'><strong>stylum</strong></span> <span class='ocrx_word' id='word_1_174' title='bbox 758 4179 858 4255; x_wconf 94' lang='lat' dir='ltr'><strong>tenui</strong></span> <span class='ocrx_word' id='word_1_175' title='bbox 888 4181 1085 4254; x_wconf 92' lang='lat' dir='ltr'><strong>terminum</strong></span> <span class='ocrx_word' id='word_1_176' title='bbox 1114 4178 1348 4253; x_wconf 83' lang='lat' dir='ltr'><strong>Proseruato.</strong></span> 
     </span>
    </p>
   </div>
   <div class='ocr_carea' id='block_1_13' title="bbox 945 4516 1035 4594">
    <p class='ocr_par' dir='ltr' id='par_1_13' title="bbox 945 4516 1035 4594">
     <span class='ocr_line' id='line_1_27' title="bbox 945 4516 1035 4594; baseline -0.022 0"><span class='ocrx_word' id='word_1_177' title='bbox 945 4516 1035 4594; x_wconf 85' lang='lat'><strong>377.</strong></span> 
     </span>
    </p>
   </div>
   <div class='ocr_carea' id='block_1_14' title="bbox 243 4621 1734 4890">
    <p class='ocr_par' dir='ltr' id='par_1_14' title="bbox 243 4621 1734 4890">
     <span class='ocr_line' id='line_1_28' title="bbox 243 4621 1734 4778; baseline -0.004 -40"><span class='ocrx_word' id='word_1_178' title='bbox 243 4664 369 4740; x_wconf 81' lang='lat' dir='ltr'><strong>Obitus</strong></span> <span class='ocrx_word' id='word_1_179' title='bbox 396 4667 599 4778; x_wconf 73' lang='lat' dir='ltr'><strong>Innocentii</strong></span> <span class='ocrx_word' id='word_1_180' title='bbox 625 4663 718 4738; x_wconf 90' lang='lat' dir='ltr'><strong>XII</strong></span> <span class='ocrx_word' id='word_1_181' title='bbox 737 4707 763 4718; x_wconf 96' lang='lat'>-</span> <span class='ocrx_word' id='word_1_182' title='bbox 789 4649 901 4737; x_wconf 76' lang='lat' dir='ltr'><strong>&#39;illius</strong></span> <span class='ocrx_word' id='word_1_183' title='bbox 927 4621 1157 4735; x_wconf 61' lang='lat' dir='ltr'><strong>novendbles</strong></span> <span class='ocrx_word' id='word_1_184' title='bbox 1190 4707 1216 4716; x_wconf 98' lang='lat'>-</span> <span class='ocrx_word' id='word_1_185' title='bbox 1252 4659 1425 4744; x_wconf 82' lang='lat' dir='ltr'><strong>conclaue,</strong></span> <span class='ocrx_word' id='word_1_186' title='bbox 1454 4667 1490 4734; x_wconf 83' lang='lat' dir='ltr'><strong>et</strong></span> <span class='ocrx_word' id='word_1_187' title='bbox 1523 4659 1568 4733; x_wconf 83' lang='lat' dir='ltr'><strong>de</strong></span> <span class='ocrx_word' id='word_1_188' title='bbox 1597 4659 1734 4758; x_wconf 77' lang='lat' dir='ltr'><strong>pannis</strong></span> 
     </span>
     <span class='ocr_line' id='line_1_29' title="bbox 321 4783 1731 4890; baseline -0.006 -25"><span class='ocrx_word' id='word_1_189' title='bbox 321 4793 443 4890; x_wconf 75' lang='lat' dir='ltr'><strong>nigris</strong></span> <span class='ocrx_word' id='word_1_190' title='bbox 471 4793 589 4865; x_wconf 80' lang='lat' dir='ltr'><strong>Rotae</strong></span> <span class='ocrx_word' id='word_1_191' title='bbox 608 4789 805 4890; x_wconf 76' lang='lat' dir='ltr'><strong>praestari</strong></span> <span class='ocrx_word' id='word_1_192' title='bbox 828 4787 943 4862; x_wconf 88' lang='lat' dir='ltr'><strong>solitis</strong></span> <span class='ocrx_word' id='word_1_193' title='bbox 978 4786 1156 4860; x_wconf 72' lang='lat' dir='ltr'><strong>occasione</strong></span> <span class='ocrx_word' id='word_1_194' title='bbox 1173 4785 1328 4882; x_wconf 69' lang='lat' dir='ltr'><strong>funeris</strong></span> <span class='ocrx_word' id='word_1_195' title='bbox 1345 4783 1511 4872; x_wconf 76' lang='lat' dir='ltr'><strong>defuncti</strong></span> <span class='ocrx_word' id='word_1_196' title='bbox 1530 4783 1731 4875; x_wconf 71' lang='lat' dir='ltr'><strong>Pontificis.</strong></span> 
     </span>
    </p>
   </div>
   <div class='ocr_carea' id='block_1_15' title="bbox 319 4941 1285 5021">
    <p class='ocr_par' dir='ltr' id='par_1_15' title="bbox 319 4941 1285 5021">
     <span class='ocr_line' id='line_1_30' title="bbox 319 4941 1285 5021; baseline -0.005 -16"><span class='ocrx_word' id='word_1_197' title='bbox 319 4947 436 5021; x_wconf 79' lang='lat' dir='ltr'><strong>(Anca.</strong></span> <span class='ocrx_word' id='word_1_198' title='bbox 455 4945 542 5018; x_wconf 69' lang='lat' dir='ltr'><strong>Rom,</strong></span> <span class='ocrx_word' id='word_1_199' title='bbox 566 4945 691 5005; x_wconf 73' lang='lat' dir='ltr'><strong>eLiber</strong></span> <span class='ocrx_word' id='word_1_200' title='bbox 710 4945 742 5004; x_wconf 83' lang='lat' dir='ltr'><strong>S.</strong></span> <span class='ocrx_word' id='word_1_201' title='bbox 762 4945 903 5017; x_wconf 85' lang='lat' dir='ltr'><strong>Rotae»,</strong></span> <span class='ocrx_word' id='word_1_202' title='bbox 924 4961 956 5002; x_wconf 86' lang='lat' dir='ltr'><strong>n.</strong></span> <span class='ocrx_word' id='word_1_203' title='bbox 975 4945 1010 5018; x_wconf 82' lang='lat'><strong>2,</strong></span> <span class='ocrx_word' id='word_1_204' title='bbox 1024 4951 1104 5018; x_wconf 78' lang='lat' dir='ltr'><strong>pag.</strong></span> <span class='ocrx_word' id='word_1_205' title='bbox 1122 4941 1285 5015; x_wconf 83' lang='lat' dir='ltr'><strong>28seqq.).</strong></span> 
     </span>
    </p>
   </div>
   <div class='ocr_carea' id='block_1_16' title="bbox 677 5120 1305 5216">
    <p class='ocr_par' dir='ltr' id='par_1_16' title="bbox 677 5120 1305 5216">
     <span class='ocr_line' id='line_1_31' title="bbox 677 5120 1305 5216; baseline -0.003 -20"><span class='ocrx_word' id='word_1_206' title='bbox 677 5125 750 5198; x_wconf 86' lang='lat' dir='ltr'><strong>Die</strong></span> <span class='ocrx_word' id='word_1_207' title='bbox 777 5124 908 5197; x_wconf 86' lang='lat' dir='ltr'><strong>Lunae</strong></span> <span class='ocrx_word' id='word_1_208' title='bbox 939 5144 985 5215; x_wconf 87' lang='lat'><strong>27</strong></span> <span class='ocrx_word' id='word_1_209' title='bbox 1019 5120 1159 5216; x_wconf 91' lang='lat' dir='ltr'><strong>7mbris</strong></span> <span class='ocrx_word' id='word_1_210' title='bbox 1195 5142 1305 5213; x_wconf 89' lang='lat'><strong>1700.</strong></span> 
     </span>
    </p>
   </div>
   <div class='ocr_carea' id='block_1_17' title="bbox 241 5277 1730 5507">
    <p class='ocr_par' dir='ltr' id='par_1_17' title="bbox 241 5277 1730 5507">
     <span class='ocr_line' id='line_1_32' title="bbox 320 5277 1730 5383; baseline -0.009 -23"><span class='ocrx_word' id='word_1_211' title='bbox 320 5287 410 5360; x_wconf 91' lang='lat' dir='ltr'><strong>Post</strong></span> <span class='ocrx_word' id='word_1_212' title='bbox 437 5284 625 5383; x_wconf 87' lang='lat' dir='ltr'><strong>pulsatam</strong></span> <span class='ocrx_word' id='word_1_213' title='bbox 654 5287 784 5358; x_wconf 90' lang='lat' dir='ltr'><strong>horam</strong></span> <span class='ocrx_word' id='word_1_214' title='bbox 822 5283 968 5357; x_wconf 88' lang='lat' dir='ltr'><strong>tertiam</strong></span> <span class='ocrx_word' id='word_1_215' title='bbox 1006 5283 1126 5356; x_wconf 93' lang='lat' dir='ltr'><strong>noctis</strong></span> <span class='ocrx_word' id='word_1_216' title='bbox 1159 5306 1241 5354; x_wconf 91' lang='lat' dir='ltr'><strong>cum</strong></span> <span class='ocrx_word' id='word_1_217' title='bbox 1271 5278 1434 5366; x_wconf 84' lang='lat' dir='ltr'><strong>dimidio,</strong></span> <span class='ocrx_word' id='word_1_218' title='bbox 1465 5277 1730 5353; x_wconf 80' lang='lat' dir='ltr'><strong>obiit-SSrims</strong></span> 
     </span>
     <span class='ocr_line' id='line_1_33' title="bbox 241 5404 1728 5507; baseline -0.006 -23"><span class='ocrx_word' id='word_1_219' title='bbox 241 5411 289 5484; x_wconf 96' lang='lat' dir='ltr'><strong>D.</strong></span> <span class='ocrx_word' id='word_1_220' title='bbox 321 5411 366 5487; x_wconf 93' lang='lat' dir='ltr'><strong>N.</strong></span> <span class='ocrx_word' id='word_1_221' title='bbox 396 5409 633 5485; x_wconf 90' lang='lat' dir='ltr'><strong>Innocentius</strong></span> <span class='ocrx_word' id='word_1_222' title='bbox 663 5407 734 5482; x_wconf 93' lang='lat' dir='ltr'><strong>Xll</strong></span> <span class='ocrx_word' id='word_1_223' title='bbox 770 5408 1029 5507; x_wconf 86' lang='lat' dir='ltr'><strong>octuagesimo</strong></span> <span class='ocrx_word' id='word_1_224' title='bbox 1067 5422 1175 5481; x_wconf 85' lang='lat' dir='ltr'><strong>sexto</strong></span> <span class='ocrx_word' id='word_1_225' title='bbox 1212 5407 1348 5481; x_wconf 89' lang='lat' dir='ltr'><strong>aetatis</strong></span> <span class='ocrx_word' id='word_1_226' title='bbox 1376 5429 1468 5478; x_wconf 89' lang='lat' dir='ltr'><strong>suae</strong></span> <span class='ocrx_word' id='word_1_227' title='bbox 1495 5404 1728 5484; x_wconf 88' lang='lat' dir='ltr'><strong>constitutus.</strong></span> 
     </span>
    </p>
   </div>
   <div class='ocr_carea' id='block_1_18' title="bbox 0 0 1865 5918">
    <p class='ocr_par' dir='ltr' id='par_1_18' title="bbox 0 0 1865 5918">
     <span class='ocr_line' id='line_1_34' title="bbox 0 0 1865 5918; baseline 0 0"><span class='ocrx_word' id='word_1_228' title='bbox 0 0 1865 5918; x_wconf 95' lang='lat' dir='ltr'><strong> </strong></span> 
     </span>
    </p>
   </div>
  </div>
 </body>
</html>
