3748 5914
873 302 1010 362 Socculo
1028 302 1060 362 X
1069 303 1116 363 VI

951 633 1037 712 175.

242 795 353 871 Mers
381 795 532 870 Ioannis
559 795 754 894 Baptistae
782 796 826 868 de
852 795 1001 880 Rubee's,
1033 796 1152 870 Rotae
1179 797 1327 870 Decani
1351 839 1368 853 ·
1395 795 1497 869 illius
1523 797 1696 892 exequiae
1724 841 1740 852 -
1854 893 1855 896 Ἴ

320 921 428 993 vestis
453 944 528 1017 que
556 920 759 994 Aude'tores
786 920 983 994 utebantur
1008 920 1049 993 e'n
1077 920 1148 994 tali
1172 921 1353 994 adiuncto.

321 1077 437 1148 (Auen.
455 1075 543 1149 Ror,
567 1073 789 1135 ‹Extractum
807 1073 928 1134 Diarr'e'
944 1073 1101 1148 Pellae»,
1120 1075 1140 1134 ἱ.
1160 1077 1205 1149 c).

667 1259 839 1346 Veneris,
875 1281 918 1352 ¹7
948 1259 1174 1355 septembris
1209 1280 1319 1353 1590.

323 1417 429 1492 Obiit
456 1419 501 1494 R.
534 1418 571 1493 P.
603 1417 650 1494 D.
682 1418 741 1493 lo:
773 1418 907 1514 Bapta.
928 1418 976 1492 de
996 1418 1138 1491 Rubeis
1158 1417 1281 1493 Rotae
1302 1416 1491 1505 Decanus‚
1513 1432 1552 1490 et
1572 1417 1632 1490 die
1651 1439 1739 1489 mox

243 1539 416 1639 sequenti
445 1542 511 1616 luit
539 1541 710 1638 sepultus
739 1542 774 1616 in
803 1540 972 1616 Ecclesia
1003 1541 1044 1615 B.
1076 1541 1128 1616 M.
1159 1542 1206 1617 V.
1244 1540 1293 1615 de
1330 1541 1410 1616 Ara
1437 1541 1542 1617 coeli.
1582 1539 1739 1638 Sequuti

242 1668 391 1742 luerunt
418 1667 528 1741 lunus
556 1667 722 1764 quinque
750 1666 874 1740 Rotae
902 1666 1118 1774 Auditores,
1149 1665 1268 1739 induti
1296 1667 1345 1740 de
1373 1691 1490 1753 more,
1520 1679 1610 1739 suos
1636 1687 1739 1738 man·

242 1793 414 1879 tellonos,
445 1816 580 1888 nempe
609 1791 830 1866 Franciseus
865 1791 1029 1878 Oranus,
1061 1791 1315 1888 Hyeronimus
1353 1789 1590 1887 Pamphilius,
1621 1787 1739 1863 Flam-

243 1915 377 1990 minius
407 1915 545 2003 Platus‚
576 1915 798 1990 Franciscus
827 1915 990 1989 Mantica
1019 1931 1058 1989 et
1084 1939 1160 2013 ego
1188 1913 1409 1990 Franciscus
1438 1915 1576 2014 Pegna.

949 2272 1034 2352 176.
1070 2279 1072 2283 ’

242 2437 429 2534 Allegatzb
456 2435 495 2509 in
523 2461 634 2510 causa
671 2435 881 2508 «Romana
907 2478 924 2491 -
953 2433 1212 2531 Exemptionis
1240 2435 1352 2506 vini»
1386 2459 1509 2508 coram
1538 2433 1578 2510 S.
1604 2436 1654 2509 R.
1689 2435 1733 2506 E.

330 2561 581 2636 Theseurarr'o
615 2573 691 2660 pro
736 2559 893 2657 Collegt'e
933 2559 1064 2634 Rotali
1101 2569 1228 2633 contra
1266 2557 1524 2634 Dehanerium
1569 2557 1737 2634 Gabellae

321 2688 402 2760 veiee‘
426 2687 558 2784 Ripae.
1566 2732 1568 2734 -

322 2841 438 2914 (Anca.
456 2839 543 2914 Ror,
567 2839 784 2912 ‹Prr'vr‘legr'a
797 2864 822 2910 ι,
842 2843 918 2897 tom.
937 2837 963 2908 I,
994 2837 1108 2910 Varia,
1126 2853 1158 2896 n.
1178 2837 1284 2912 LVD.

1557 2963 1635 3024 Sine
1654 2965 1736 3024 data.

322 3110 429 3186 Rme.
460 3111 559 3183 Dne.
592 3153 606 3164 -
638 3107 839 3206 Exemptio
867 3108 951 3182 Vini
981 3110 1100 3206 Ripae
1130 3109 1245 3184 Urbis
1272 3109 1339 3183 suit
1366 3113 1415 3185 ab
1438 3111 1542 3184 initio
1560 3135 1738 3185 concessa

242 3237 359 3310 Sacro
388 3235 560 3332 Collegio
589 3235 712 3310 Rotae
740 3233 789 3308 ad
821 3235 1003 3309 rationem
1042 3235 1233 3333 Vegetum
1271 3233 1345 3308 XV
1382 3261 1452 3333 pro
1489 3236 1658 3331 quolibet
1693 3263 1739 3311 ex

242 3362 358 3436 Rmis.
391 3361 562 3434 Patribus
592 3359 762 3458 Collegii,
792 3377 831 3433 et
859 3360 911 3432 sic
939 3358 1130 3456 Vegetum
1164 3363 1237 3434 180
1265 3358 1435 3456 quolibet
1451 3385 1561 3448 anno,
1578 3379 1620 3434 ut
1638 3385 1740 3436 com·

243 3487 389 3560 modius
404 3499 443 3559 et
456 3483 759 3558 honorificentius
774 3499 988 3558 sustentare
1017 3509 1059 3559 se
1079 3483 1266 3570 valerent;
1286 3484 1421 3559 deinde
1436 3485 1502 3560 luit
1515 3509 1614 3559 anno
1639 3509 1736 3581 1545

242 3611 437 3684 moderata
465 3610 513 3684 ad
549 3613 618 3702 148
649 3609 831 3709 Vegetes,
851 3611 947 3683 inter
969 3611 1073 3706 ipsos
1093 3609 1222 3685 Rmos
1246 3609 1376 3685 Patres
1395 3611 1618 3686 dividendos
1636 3613 1739 3685 iuxta

241 3733 512 3808 ordinationem
543 3733 638 3810 Rmi.
670 3733 823 3808 Domini
848 3731 995 3806 illorum
1025 3733 1181 3820 Decani,
1211 3750 1254 3807 ut
1289 3733 1325 3805 in
1361 3733 1493 3808 litteris
1525 3735 1738 3830 patentibus

244 3859 395 3932 Domini
424 3857 632 3934 Cardinalis
661 3858 879 3942 Camerarii,
909 3858 1095 3954 expeditis
1123 3860 1194 3932 sub
1221 3859 1312 3931 dato
1347 3879 1389 3952 17
1421 3857 1509 3932 iunii
1541 3879 1651 3953 1545.

322 3983 542 4080 Eademque
579 3985 769 4081 exemptio
806 3984 874 4058 suit
907 3985 1110 4058 observata
1143 3984 1223 4057 sine
1261 3983 1504 4058 diminutione
1540 4006 1738 4080 quousque

241 4108 389 4204 duravit
417 4135 508 4183 usus
537 4109 623 4184 dicti
651 4109 736 4182 Vini
765 4109 898 4204 Ripae,
928 4132 1012 4182 cum
1042 4108 1197 4203 quilibet
1223 4133 1270 4181 ex
1300 4107 1416 4183 Rmis.
1449 4107 1619 4182 Patribus
1651 4125 1738 4184 tunc

240 4233 426 4333 indigeret
453 4261 522 4331 pro
551 4261 621 4309 usu
651 4261 740 4309 suae
771 4235 918 4309 Domus
946 4231 1044 4307 Vino
1080 4234 1117 4306 in
1158 4233 1258 4307 dicta
1299 4249 1337 4307 et
1378 4231 1507 4308 maiori
1548 4231 1736 4329 Vegetum

241 4359 461 4454 quantitate,
493 4377 531 4434 et
557 4359 648 4433 illud
675 4376 829 4435 emeret.

323 4483 472 4582 Coepta
500 4501 637 4572 autem,
668 4509 691 4557 a
716 4509 766 4578 4o
786 4485 893 4558 annis
912 4484 1067 4568 circiter,
1090 4483 1364 4557 introductione
1382 4481 1537 4556 aliorum
1558 4482 1737 4555 Vinorum
1854 4503 1855 4508 ’

241 4611 404 4684 melioris
434 4611 580 4706 saporis
608 4624 647 4683 et
675 4611 824 4683 maioris
853 4609 1034 4696 sanitatis,
1064 4625 1272 4704 coeperunt
1300 4631 1453 4703 quoque
1482 4607 1578 4681 Rmi.
1608 4607 1738 4681 Patres

241 4734 310 4808 frui
337 4735 438 4808 dicta
464 4735 704 4832 exemptione
724 4735 905 4808 diminuta
932 4734 1169 4830 inquantum
1199 4734 1411 4806 successive
1438 4734 1614 4807 emebant
1642 4732 1738 4805 Vina

242 4859 362 4953 Ripae
389 4859 426 4932 in
455 4858 587 4934 minori
615 4859 827 4955 quantitate
855 4858 1037 4932 dictarum
1072 4862 1143 4952 148
1173 4856 1375 4954 Vegetum.

321 4983 371 5056 Et
398 4984 486 5081 quia
513 5009 582 5080 per
609 4984 838 5080 emptionem
857 4983 1014 5058 aliorum
1034 4983 1216 5058 Vinorum
1235 5007 1346 5078 quae,
1363 4995 1507 5056 rnumta
1526 4997 1737 5078 temporum

240 5107 434 5203 qualitate,
469 5133 539 5204 pro
571 5107 712 5182 tuenda
746 5106 961 5181 valetudine
998 5122 1039 5180 et
1074 5105 1366 5193 honorificentia,
1397 5119 1553 5180 venerat
1589 5105 1736 5196 muso,

240 5231 475 5330 privilegium
502 5231 625 5306 dictae
651 5230 901 5328 exemptionis
929 5233 1173 5306 remansisset
1200 5230 1328 5304 inutile
1347 5246 1386 5304 et
1407 5231 1515 5324 quasi
1534 5231 1736 5305 extinctum

239 5358 290 5430 ad
307 5356 573 5453 praeiudicium
594 5355 766 5454 Collegii,
785 5356 930 5452 absque
950 5355 1073 5454 Culpa
1092 5357 1274 5432 Rmorum
1305 5356 1553 5430 Dominorum
1573 5355 1736 5440 Petrum,
