3720 5914
255 289 308 348 192
897 286 1033 346 Soeculo
1052 287 1122 347 XV
1156 281 1159 288 ’

251 479 499 555 sollicitudine
527 478 722 554 attendere
751 479 935 566 convenit,
967 481 1071 552 utin
1100 477 1171 566 illa,
1207 481 1406 575 presertim
1444 482 1571 577 quoad
1607 507 1761 579 eaque

253 605 424 678 Romane
440 605 552 702 ‚curie
580 602 754 700 illiusque
781 601 993 678 officialium
1022 604 1198 678 decorem
1218 619 1257 677 et
1286 619 1419 693 status,
1442 606 1685 680 securitatem
1710 633 1756 682 ac

251 753 499 824 personarum
525 729 576 803 ad
604 729 774 803 eamdem
803 729 1066 804 confluentium
1096 728 1295 805 utilitatem
1316 730 1604 827 conspiciuntur,
1631 749 1752 806 rectus

249 854 346 928 ordo
374 872 557 938 servetur,
578 854 725 951 ipsique
754 853 941 941 officiales,
973 879 1070 928 nova
1097 854 1261 951 quadam
1281 854 1434 930 honoris
1453 858 1694 956 prerogativa
1709 881 1754 932 ac

250 978 302 1051 ad
330 977 618 1080 euriamipsam
646 1002 715 1076 pro
734 979 857 1052 causis
876 992 917 1052 et
934 977 1100 1078 negociis
1121 980 1323 1053 tractandis
1352 1005 1422 1076 pro
1455 998 1626 1078 tempore
1654 1007 1754 1056 acce·

222 1103 396 1191 dentes,
418 1101 566 1177 sublata
594 1104 848 1199 impensarum
875 1127 1037 1177 onerosa
1063 1103 1268 1202 gravedine
1304 1105 1597 1201 expeditionum,
1629 1107 1755 1181 votiva

253 1228 427 1305 letentur.

334 1351 444 1437 Sane,
463 1353 605 1426 dudum
632 1377 701 1448 per
726 1353 819 1427 alias
848 1368 998 1426 nostras
1026 1352 1184 1441 litteras,
1205 1371 1309 1429 motu
1338 1355 1493 1452 proprio
1520 1371 1559 1430 et
1577 1381 1625 1429 ex
1653 1371 1756 1430 certa

251 1477 407 1552 scientia
436 1493 578 1565 nostra,
592 1475 801 1573 apostoliea
827 1478 1051 1551 auctoritate
1079 1480 1278 1553 statuimus
1306 1496 1346 1553 et
1373 1479 1627 1554 ordinavimus
1650 1483 1757 1578 quod

249 1601 470 1676 dilectorum
498 1602 655 1676 filiorum
684 1591 813 1699 palatii
838 1601 1039 1698 apostolici
1066 1627 1265 1678 causarum
1293 1604 1521 1679 Auditorum
1554 1621 1594 1679 et
1624 1631 1758 1681 eorum

253 1727 563 1802 Locatenentium
592 1752 781 1814 numerus,
801 1727 866 1824 qui
896 1742 983 1800 tune
1002 1729 1343 1824 quatuordenarius
1362 1745 1454 1815 erat,
1477 1755 1525 1804 ex
1545 1746 1632 1804 tunc
1651 1729 1759 1805 dein-

250 1877 343 1947 ceps
358 1853 611 1926 duodenarius
625 1851 823 1927 dumtaxat
835 1852 1033 1928 existeret:
1049 1855 1231 1949 quodque
1243 1855 1274 1928 si
1286 1856 1351 1951 qui
1362 1870 1544 1930 statutum
1560 1880 1758 1930 numerum

251 1975 509 2072 supradictum
547 1977 821 2051 nominatorum
857 1977 1085 2050 Auditorum
1122 1993 1161 2051 et
1190 1977 1501 2054 Locatenentium
1540 1979 1635 2054 tales
1669 2004 1760 2054 esse
1857 2011 1858 2014 ¹

253 2100 476 2188 desinerent,
499 2101 621 2176 officia
639 2101 853 2176 huiusmodi
872 2101 907 2175 in
929 2127 970 2175 se
990 2101 1081 2199 ipsis
1100 2101 1264 2177 extincta
1283 2104 1433 2202 penitus
1458 2120 1589 2178 essent
1606 2121 1646 2178 et
1667 2131 1759 2180 esse

249 2240 496 2299 censerentur
522 2224 672 2322 illisque
699 2228 904 2325 aggregari
923 2244 962 2300 et
981 2226 1079 2300 ultra
1103 2227 1242 2301 dictum
1262 2228 1534 2303 duodenarium
1560 2255 1757 2304 numerum

250 2347 288 2420 in
302 2349 527 2423 Auditorem
541 2353 600 2423 vel
619 2350 956 2424 Locumtenentem
970 2348 1117 2425 admitti
1137 2377 1247 2426 nemo
1265 2369 1409 2449 posset,
1428 2369 1542 2448 prout
1556 2355 1591 2427 in
1611 2355 1759 2430 eisdem

254 2472 387 2547 litteris
414 2473 561 2571 plenius
589 2474 811 2549 continetur.

333 2598 587 2672 Attendentes
615 2599 729 2697 igitur
752 2601 855 2696 quod
884 2601 925 2686 si,
957 2602 1277 2695 quemadmodum
1307 2603 1535 2676 Auditorum
1567 2619 1608 2677 et
1635 2604 1760 2678 boca-

124 2809 135 2822 d
251 2724 460 2796 tenentium
486 2726 707 2800 eorumdem
736 2748 912 2798 numerus
939 2741 999 2800 est
1027 2726 1184 2821 provide
1212 2727 1401 2816 limitatus,
1424 2728 1476 2801 ita
1495 2728 1640 2804 Notarii
1667 2755 1760 2803 cau-

252 2872 379 2921 sarum
405 2848 574 2923 eiusdem
604 2849 732 2924 Palatii
764 2875 890 2923 coram
918 2850 1064 2924 eisdem
1093 2851 1340 2927 Auditoribus
1368 2868 1407 2926 et
1435 2853 1760 2931 Locatenentibus
1857 2935 1858 2940 ,

250 2971 459 3046 scribentes
486 2987 590 3046 certo
619 2973 869 3047 determinato
889 2998 1054 3061 numero,
1081 2976 1300 3051 eorumdem
1319 2978 1546 3052 Auditorum
1575 2994 1614 3052 et
1641 2979 1759 3054 Loca·
1857 2959 1858 2962 Ἴ

249 3098 457 3170 tenentium
487 3122 642 3172 numero
670 3099 998 3195 correspondente,
1021 3099 1310 3189 includerentur,
1333 3102 1481 3199 ipsique
1501 3102 1646 3177 Notarii
1667 3102 1758 3179 Col·

251 3220 392 3319 legium
429 3223 604 3308 lacerent,
643 3239 682 3296 et
709 3221 916 3318 apostolice
945 3225 1046 3298 sedis
1076 3223 1267 3300 Officiales
1294 3241 1435 3312 essent,
1464 3253 1509 3301 ac
1538 3227 1574 3301 in
1602 3253 1759 3324 proces-

252 3347 417 3420 sionibus
446 3364 484 3421 et
502 3346 584 3421 aliis
601 3349 746 3420 actibus
764 3349 814 3422 ad
842 3373 940 3444 quos
958 3349 1018 3423 alii
1038 3351 1207 3426 eiusdem
1227 3351 1328 3425 sedis
1348 3351 1540 3426 Officiales
1559 3354 1759 3427 convocari

250 3488 539 3558 consueverunt,
565 3472 803 3560 interessent,
822 3497 1031 3570 eorumque
1060 3475 1180 3549 officia
1208 3491 1394 3572 perpetua
1422 3477 1637 3561 existerent,
1668 3501 1759 3572 pro—

254 3596 351 3669 secto
389 3622 437 3670 ex
456 3611 514 3671 tot
532 3598 737 3691 proborum
774 3614 814 3671 et
840 3599 1047 3694 peritorum
1071 3600 1236 3673 virorum
1266 3599 1426 3698 collegio
1459 3601 1560 3676 curia
1587 3601 1757 3699 predicta

252 3721 451 3816 plurimum
488 3719 746 3806 illustraretur,
769 3722 916 3819 ipsique
938 3723 1086 3798 Notarii
1104 3725 1305 3822 quamdam
1325 3725 1478 3800 honoris
1502 3744 1542 3800 et
1560 3727 1757 3826 dignitatis

253 3845 533 3943 prerogativam
561 3873 603 3920 se
630 3863 827 3937 assecutos
856 3848 935 3922 fore
970 3850 1191 3948 gauderent,
1223 3850 1467 3948 mitioresque
1495 3853 1531 3925 in
1559 3852 1756 3952 exigendis

253 3969 390 4044 debitis
409 3995 540 4044 eorum
560 3970 703 4046 salariis
732 3997 773 4046 se
791 3971 1025 4072 litigantibus
1044 3973 1221 4048 exhibere
1240 3974 1425 4062 valerent;
1448 3975 1551 4072 quod
1571 3977 1755 4051 hactenus

252 4096 398 4190 absque
442 4121 573 4170 eorum
615 4096 852 4184 detrimento,
883 4121 930 4172 eo
976 4099 1078 4195 quod
1113 4098 1233 4173 officia
1269 4101 1449 4196 ipsorum,
1480 4103 1627 4199 magnis
1669 4125 1755 4175 cum

250 4221 432 4317 impensis
449 4223 644 4319 acquisita,
667 4223 887 4320 temporalia
906 4239 946 4297 et
964 4223 1067 4298 brevi
1087 4225 1252 4321 quodam
1266 4239 1438 4322 tempore
1452 4227 1621 4322 peritura
1635 4243 1752 4314 erant,

253 4345 375 4420 lacere
404 4370 478 4421 non
511 4362 727 4444 potuerunt,
756 4362 796 4422 et
814 4349 949 4422 exinde
977 4348 1168 4446 litigantes
1197 4349 1267 4445 ipsi
1295 4373 1370 4424 non
1407 4351 1593 4425 modicum
1630 4375 1754 4448 repor-

254 4486 378 4544 tarent
400 4495 651 4566 expensarum
680 4472 903 4548 relevamen.
937 4473 1017 4547 Nos
1045 4474 1170 4572 igitur,
1200 4475 1499 4550 consideratione
1526 4475 1677 4558 inducti,

335 4595 444 4668 Motu
477 4597 640 4692 proprio,
672 4621 745 4672 non
778 4599 827 4671 ad
856 4598 1022 4695 ipsorum
1053 4599 1305 4687 Notariorum,
1336 4599 1395 4674 vel
1422 4600 1576 4675 alterius
1604 4625 1673 4696 pro
1701 4601 1755 4674 eis

255 4720 362 4793 nobis
400 4745 515 4817 super
551 4721 621 4795 hoc
656 4722 783 4796 oblate
820 4724 1010 4818 petitionis
1046 4725 1273 4810 instantiam,
1305 4723 1374 4798 sed
1410 4751 1458 4799 ex
1485 4741 1613 4800 nostra
1650 4749 1754 4799 mera

254 4844 500 4941 providentia,
544 4860 689 4920 matura
715 4870 848 4942 ¹super
892 4848 963 4921 hoc
1005 4846 1276 4923 deliberatione
1326 4849 1522 4946 prehabita
1569 4865 1607 4923 et
1651 4866 1754 4923 certa

253 4969 418 5056 scientia,
451 4971 520 5044 hac
548 4971 790 5070 irrefragabili
808 4987 848 5044 et
866 4989 1052 5068 perpetuo
1079 4973 1239 5047 valitura
1267 4973 1534 5048 constitutione
1553 4975 1749 5059 sancimus,

254 5095 456 5169 statuimus
497 5111 536 5170 et
571 5097 685 5169 etiam
722 5096 950 5183 ordinamus,
989 5098 1093 5194 quod
1133 5097 1181 5172 de
1223 5087 1352 5172 cetero
1392 5099 1584 5194 perpetuis
1620 5099 1752 5173 futuris

254 5219 499 5315 temporibus,
539 5244 716 5294 numerus
753 5223 938 5296 dictorum
966 5221 1207 5296 Notariorum
1237 5223 1286 5296 sit
1312 5222 1659 5322 quadragintaocto,
1691 5246 1751 5295 nu-

255 5368 362 5418 mero
388 5345 562 5420 videlicet
590 5345 773 5422 dictorum
794 5348 1019 5421 Auditorum
1037 5363 1078 5422 et
1096 5348 1407 5441 Locatenentium
1439 5347 1750 5445 correspondens,
