3720 5914
823 655 909 734 124.

107 815 250 890 Status
277 817 306 890 J
308 818 346 890 V
355 816 470 891 locum
503 817 625 903 Rotae,
646 827 831 892 vacantem
850 829 925 916 per
950 817 1084 891 obitum
1109 828 1221 892 extra
1243 815 1397 893 Curiam
1427 817 1612 920 Gasparis

197 942 243 1016 de
278 941 315 1016 T
310 967 445 1026 eram
465 943 624 1016 coneedit
646 941 846 1016 Francisco
874 943 1022 1026 Brevia,
1052 945 1237 1026 Venena:
1265 939 1320 1016 ad
1341 944 1446 1018 cuius
1472 945 1611 1019 admir-

197 1067 334 1140 sionem
361 1067 606 1141 Auditoribus
624 1067 823 1166 procedere
849 1067 1083 1142 renuentibus
1108 1067 1148 1142 ob
1175 1067 1292 1141 multa
1324 1077 1452 1142 contre
1488 1069 1610 1143 Fran-

195 1191 329 1265 ciscum
371 1199 518 1290 aggesta
553 1192 711 1266 crimina
747 1201 783 1264 el
823 1192 990 1288 deflectas,
1022 1193 1311 1292 peremptorium
1352 1203 1427 1267 octo
1465 1194 1611 1268 dierum

194 1315 373 1414 eruperat,
394 1315 524 1414 quibus
542 1315 758 1417 producant
781 1317 881 1416 quod
904 1316 1036 1394 habent
1051 1327 1179 1393 contre
1205 1317 1322 1404 illum,
1339 1321 1616 1420 propterquod

195 1465 270 1513 non
297 1439 424 1514 debeat
447 1440 603 1516 admitti.

197 1569 304 1664 (Arca
321 1593 408 1668 nm..
433 1596 687 1656 ‹eemaesstmes
699 1621 724 1672 ·,
744 1598 838 1658 stato
856 1599 918 1672 rv,
936 1615 969 1658 n.
987 1599 1047 1673 13).

195 1846 332 1952 (verso)
363 1849 623 1926 Presentatum
643 1849 703 1936 die
729 1852 876 1926 venetis
907 1873 953 1946 25
983 1850 1149 1926 octobris
1169 1851 1305 1950 (1482)
1324 1852 1417 1927 hora
1446 1875 1496 1944 24
1516 1850 1611 1925 'mihi

112 1973 285 2048 Antonio
311 1973 359 2048 de
387 1975 544 2072 grassis,
573 1975 718 2048 decano
745 1990 840 2051 rote.

194 2096 419 2174 Mandatum
448 2099 549 2196 Pape
576 2100 679 2195 quod
709 2098 914 2174 Auditores
942 2101 1040 2174 intra
1066 2126 1135 2176 sex
1166 2100 1249 2175 dies
1271 2099 1484 2197 producant
1509 2099 1613 2196 quod

112 2223 256 2298 habent
281 2239 412 2298 contra
436 2223 674 2298 Franciscum
704 2225 879 2299 Brevium
908 2240 1064 2322 propter
1082 2226 1185 2322 quod
1204 2249 1278 2300 non
1297 2224 1436 2300 debeat
1454 2225 1611 2298 admitti.

195 2351 323 2448 (intus)
336 2348 405 2424 Yc.
421 2392 447 2404 -
462 2348 595 2446 Nuper
608 2373 677 2445 per
690 2349 833 2424 obitum
849 2347 1048 2453 q[uodam]
1064 2349 1249 2447 Gasparis
1263 2351 1311 2424 de
1325 2349 1500 2436 Teremo,
1517 2351 1612 2424 sacri

110 2473 242 2570 palatii
269 2498 467 2548 causarum
494 2474 691 2549 Auditoris
718 2488 758 2550 et
785 2473 980 2570 Capellani
999 2476 1118 2549 nostri
1134 2489 1244 2548 extra
1261 2497 1454 2549 romanam
1473 2476 1612 2548 curiam

113 2597 294 2685 defuncti,
325 2598 408 2674 loco
436 2600 471 2672 in
499 2597 686 2674 auditorio
714 2598 882 2674 eiusdem
910 2598 1036 2696 palatii
1064 2615 1233 2686 vacante,
1264 2613 1307 2672 ut
1338 2600 1385 2672 de
1417 2599 1496 2673 viro
1524 2599 1614 2672 iuris

116 2725 314 2821 utriusque
341 2723 508 2811 doctore,
543 2723 709 2813 scientia,
739 2725 938 2798 honestate
965 2739 1005 2798 et
1031 2725 1248 2822 integritate
1277 2724 1453 2821 pollente,
1475 2724 1615 2798 nostris

114 2847 311 2923 desideriis
329 2849 553 2936 inherentes,
576 2848 868 2946 provideremus,
894 2841 1002 2924 Mdtu
1022 2850 1175 2946 proprio
1193 2866 1234 2924 et
1250 2874 1297 2924 ex
1316 2864 1420 2924 certa
1448 2848 1610 2934 scientia,

113 2974 400 3070 deliberataque
427 2974 622 3048 voluntate
650 2989 789 3063 nostra,
811 2973 888 3060 tibi,
909 2974 1110 3050 venerabili
1137 2975 1243 3049 fratri
1262 2987 1394 3050 nostro
1414 2975 1611 3062 Roden'co,

114 3099 300 3196 episcopo
326 3114 500 3195 portuen.
521 3115 761 3172 sacrosancte
775 3123 929 3173 romane
947 3099 1104 3173 ecclesie
1124 3098 1313 3174 Cardinali
1331 3114 1370 3176 et
1388 3097 1616 3174 vicecancel-

113 3223 220 3306 lario,
250 3223 503 3298 commisimus
530 3239 570 3297 et
597 3215 868 3310 mandavimus,
899 3225 1002 3320 quod
1029 3222 1206 3298 dilectum
1232 3223 1346 3298 filium
1376 3223 1614 3298 Franciscum

116 3349 299 3435 brevium,
334 3347 507 3422 clericum
536 3361 722 3436 veneten,
753 3348 842 3422 iuris
870 3350 1066 3445 utriusque
1093 3349 1300 3435 doctorem,
1333 3349 1435 3446 apud
1463 3373 1533 3424 nos
1565 3348 1613 3423 de

111 3473 281 3558 scientia,
311 3472 510 3549 honestate
537 3488 577 3547 et
593 3473 810 3572 integritate
837 3473 1151 3562 commendatum,
1174 3499 1287 3571 quem
1316 3474 1353 3548 in
1379 3473 1613 3570 capellanum

115 3612 288 3672 nostrum
315 3612 355 3671 et
390 3621 588 3673 causarum
617 3597 704 3672 dicti
732 3597 860 3695 palatii
889 3597 1087 3695 apostolici
1113 3597 1322 3675 auditorem
1351 3623 1614 3696 receperamus

109 3737 154 3797 et
165 3747 506 3820 assumpseramus,
527 3748 572 3798 ac
598 3721 755 3796 aliorum
783 3721 1061 3818 capellanorum
1089 3739 1128 3798 et
1147 3747 1344 3798 causarum
1372 3724 1460 3798 dicti
1487 3723 1614 3818 palatii

112 3846 330 3922 auditorum
358 3871 513 3922 numero
541 3871 898 3947 aggregaveramus,
929 3850 1000 3923 sub
1027 3849 1139 3922 certis
1166 3847 1281 3924 modo
1308 3863 1349 3922 et
1375 3848 1505 3935 lorma,
1526 3871 1614 3921 cen-

113 3973 216 4046 suris
252 3986 292 4046 et
327 3973 446 4070 penis,
475 3975 525 4047 ab
560 3973 702 4048 eisdem
739 3973 972 4047 auditoribus
1000 3973 1088 4049 dicti
1124 3973 1253 4070 palatii
1281 3973 1400 4048 nostri
1426 3974 1463 4045 in
1491 3971 1613 4046 locum

116 4098 338 4195 predictum,
372 4099 532 4173 servatis
559 4097 766 4182 servandis,
796 4099 944 4172 admitti
970 4098 1123 4186 laceres,
1154 4123 1222 4172 seu
1258 4114 1296 4173 tu
1329 4113 1463 4194 perte
1491 4098 1613 4194 ipsum

116 4221 352 4307 admitteres,
373 4239 488 4321 prout
514 4221 549 4296 in
577 4222 712 4296 eodem
740 4221 919 4296 mandato
947 4238 1079 4298 nostro
1107 4221 1254 4319 plenius
1281 4221 1505 4297 continetur.

199 4345 310 4420 Nunc
336 4363 475 4430 autem,
498 4347 594 4422 sicut
619 4347 844 4445 accepimus,
866 4372 949 4420 cum
978 4371 1046 4444 per
1072 4348 1229 4422 eosdem
1248 4347 1455 4421 Auditores
1482 4362 1614 4420 contra

109 4493 315 4566 personam
351 4471 438 4545 dicti
476 4469 663 4544 Francisci
690 4470 865 4546 nonnulla
891 4487 1131 4567 opponantur
1157 4484 1314 4568 propter
1349 4495 1425 4567 que
1451 4469 1613 4545 eundem

113 4597 356 4670 Franciscum
383 4597 433 4671 ad
451 4595 573 4670 locum
601 4595 723 4692 ipsum
743 4596 892 4670 minime
909 4593 1099 4692 ydoneum
1127 4621 1214 4671 esse
1242 4596 1434 4683 asseritur,
1453 4611 1493 4670 et
1510 4593 1614 4692 quod

115 4720 243 4818 potius
268 4718 457 4795 dilationis
475 4744 590 4794 causa
616 4720 756 4816 opponi
775 4719 958 4808 dicuntur,
980 4745 1094 4817 quam
1122 4745 1170 4794 ex
1197 4745 1244 4794 eo
1267 4721 1371 4817 quod
1389 4718 1557 4818 legitima
1575 4735 1614 4792 et

114 4871 206 4920 vera
231 4845 407 4932 existant,
437 4847 631 4942 cupientes
658 4859 735 4918 tam
762 4843 847 4920 loco
883 4845 955 4943 ipsi
982 4871 1066 4919 cum
1097 4845 1199 4920 omni
1226 4844 1418 4919 celeritate
1445 4843 1613 4919 laudabi-

115 4971 201 5045 liter
228 4969 439 5068 providere,
459 4995 572 5068 quam
600 4984 643 5044 ut
670 4969 793 5046 eidem
823 4970 960 5045 dilecto
988 4970 1064 5045 filio
1091 4987 1222 5046 nostro
1250 4968 1352 5044 nullo
1379 4969 1494 5045 modo
1512 4969 1613 5042 inde·

115 5097 192 5171 bite
220 5093 401 5170 inferatur
427 5095 568 5180 iniuria,
589 5095 684 5182 Tibi,
705 5095 906 5170 venerabili
925 5096 1029 5170 iratri
1056 5111 1188 5170 nostro
1216 5093 1405 5169 Roderico
1433 5095 1613 5191 episcopo

115 5237 288 5318 portuen.
318 5221 497 5319 predicto,
514 5221 780 5296 committimus
799 5235 839 5295 et
856 5221 1090 5307 mandamus,
1110 5235 1299 5316 quatenus
1327 5219 1470 5295 eisdem
1498 5219 1612 5292 Audi·

112 5347 269 5432 toribus,
301 5359 499 5419 eteorum
527 5344 685 5431 cuilibet,
715 5344 883 5419 districte
910 5343 1152 5441 precipiendo
1179 5342 1338 5419 mandes
1365 5358 1408 5418 ut
1425 5343 1518 5417 inira
1545 5367 1612 5417 sex
