3720 5916
681 303 874 363 Alexandro
894 304 960 365 VII

771 625 861 706 273.

82 769 272 842 Andz'tores
292 770 423 870 prima
450 771 523 843 vz'ce
549 771 589 843 e‘n
622 769 796 870 Coppelle
823 771 952 867 Papae
978 781 1098 868 nuper
1129 770 1299 844 concessis
1327 769 1569 844 Subdiacono-

153 919 238 967 reem
264 895 409 969 inn'bus
435 904 471 970 et
491 895 701 994 privelegiis
727 905 895 972 utuntur.
1250 885 1251 888 ¹

155 1047 267 1118 (men.
286 1047 374 1119 eor„
397 1002 587 1108 «ornicum
608 1049 742 1123 costo.

152 1230 228 1302 Die
240 1230 435 1304 Domine'co
449 1254 498 1327 31
516 1231 680 1306 Octobris
697 1231 818 1328 (1655)
838 1230 988 1306 luerunt
1001 1258 1186 1328 vesperae
1202 1231 1359 1330 Papales
1377 1233 1412 1306 in
1429 1231 1571 1310 Palatio

82 1349 253 1444 Quirinali
282 1368 321 1428 et
349 1353 557 1428 Auditores
592 1371 884 1452 comparuerunt
920 1379 989 1453 pro
1023 1357 1141 1452 prima
1168 1355 1249 1430 vice
1286 1381 1369 1431 cum
1403 1357 1571 1431 vestibus

78 1475 254 1553 violaceis.
279 1477 367 1552 Duo
395 1477 515 1551 ultimi
540 1477 765 1553 assisterunt
793 1479 1036 1554 inservientes
1057 1478 1221 1553 Pontifici
1249 1480 1284 1552 in
1305 1481 1442 1557 stantia
1461 1487 1579 1577 para·'

82 1616 283 1676 mentorum
312 1617 351 1676 et
387 1603 558 1700 perventi
595 1604 631 1677 in
662 1602 844 1700 Coppella
873 1629 1005 1678 omnes
1037 1605 1072 1678 in
1101 1607 1255 1701 proprio
1283 1605 1366 1679 loco
1394 1606 1574 1680 sederunt

81 1727 174 1800 iuxta
192 1728 363 1801 ordinem
381 1729 630 1816 antianitatis3
652 1745 740 1826 post
759 1754 826 1804 eos
847 1728 1036 1828 Magister
1064 1730 1102 1806 S.
1124 1730 1263 1818 Palatii,
1286 1731 1421 1807 deinde
1440 1730 1573 1805 Clerici

82 1849 257 1928 Camerae
285 1870 324 1928 et
351 1853 465 1927 etiam
488 1855 675 1929 Votantes
694 1855 920 1954 Signaturae
948 1870 1140 1951 tamquam
1166 1855 1350 1953 Acolythi.
1373 1855 1474 1930 ldem
1493 1881 1572 1930 ser·

80 1991 199 2050 vatum
233 1978 301 2052 suit
335 1979 369 2053 in
400 1978 582 2076 Cappella
610 1979 784 2075 sequenti
820 1995 860 2054 et
895 1980 930 2053 in
967 1980 1140 2054 omnibus
1173 1978 1253 2056 aliis
1290 2006 1374 2055 cum
1412 1981 1573 2055 maxima

80 2101 282 2178 attentione
309 2104 447 2200 populi.

784 2352 874 2434 274.

79 2496 275 2572 Auditores
297 2497 448 2594 granos
474 2505 596 2594 ogereti
620 2498 758 2595 Papae.
779 2541 807 2552 -
836 2496 961 2570 Huius
986 2497 1110 2596 imago
1137 2496 1346 2572 decernitur
1372 2498 1510 2598 apponi
1533 2499 1573 2572 in

152 2622 339 2696 mansione
365 2621 487 2698 rotali.
517 2665 543 2676 —
571 2621 816 2697 Auditon'bus
841 2622 1060 2719 assignatur
1078 2623 1205 2722 portae
1230 2623 1317 2698 nini.

153 2778 271 2848 (Arcu.
290 2779 378 2876 Ron,
401 2777 591 2838 «Drinium
611 2777 743 2851 celsi»)

473 2961 546 3036 Die
575 2960 735 3036 Veneris
764 2986 787 3052 9
818 2962 1043 3037 Novembris
1070 2968 1181 3058 1655.

155 3120 243 3195 Fuit
271 3121 370 3196 Rota
405 3145 488 3194 cum
526 3135 673 3216 septem
703 3119 997 3196 Auditoribus...
1029 3120 1122 3193 Res
1152 3120 1330 3194 Decanus
1368 3121 1502 3208 retulit,
1533 3145 1575 3195 se

79 3246 282 3320 accessisse
309 3268 383 3318 una
410 3269 495 3319 cum
515 3244 563 3320 D.
587 3244 715 3320 Bichio
733 3246 779 3321 ad
801 3245 919 3342 pedes
947 3243 1054 3320 ssni
1082 3243 1207 3340 illique
1234 3245 1456 3342 exposuisse
1484 3245 1577 3320 obli-

78 3369 249 3466 gationes
277 3369 491 3445 Tribunalis
519 3394 588 3465 pro
615 3383 674 3443 tot
700 3368 832 3467 gratiis
851 3369 886 3442 in
906 3368 995 3443 illud
1019 3369 1174 3456 collatis,
1195 3385 1235 3443 et
1255 3368 1471 3444 Pontificem
1493 3367 1575 3444 illos

78 3494 271 3590 excepisse
298 3519 382 3568 cum
410 3497 572 3568 maxima
609 3491 792 3569 hilaritate
821 3510 861 3568 et
887 3493 1118 3569 humanitate
1146 3492 1383 3570 ostendendo
1411 3518 1577 3569 summo-

79 3641 163 3711 pere
191 3643 233 3694 se
264 3643 494 3717 propensum
514 3643 606 3714 erga
625 3617 816 3702 Tribunal,
838 3617 936 3692 unde
956 3617 1129 3692 volentes
1148 3618 1355 3692 Auditores
1374 3619 1577 3694 ostendere

77 3741 227 3839 aliquod
246 3745 396 3843 signum
415 3768 508 3842 erga
527 3743 677 3818 ssnum
698 3743 945 3817 decreverunt
963 3767 1105 3840 ponere
1125 3743 1160 3815 in
1180 3743 1379 3817 Mansione
1398 3742 1461 3817 ubi
1476 3744 1577 3818 Rota

78 3870 274 3946 tenebatur
292 3868 454 3968 effigiem
483 3884 523 3942 et
550 3867 748 3967 imaginem
768 3868 906 3965 pictam
925 3867 1093 3941 eiusdem
1113 3865 1214 3941 Semi
1233 3893 1316 3942 cum
1338 3869 1577 3964 inscriptione

78 3995 227 4070 subtus:
259 3991 478 4066 Alexandro
506 3991 573 4066 VII
602 3992 706 4069 Pont.
730 3993 821 4089 Opt.
845 3992 1007 4068 Marcet
1034 3991 1071 4068 S.
1094 3992 1217 4066 Rotae
1246 3991 1432 4090 Supremo
1457 3991 1579 4066 Bene-

77 4114 217 4194 iactori.
246 4161 274 4172 -
304 4115 416 4191 Unde
443 4115 511 4190 luit
538 4115 741 4191 iniunctum
769 4116 858 4190 mihi
885 4133 1077 4212 tamquam
1107 4116 1370 4204 Thesaurari0,
1402 4133 1443 4190 ut
1471 4142 1579 4191 cura-

77 4264 151 4314 rem
180 4241 346 4340 aliquam
374 4239 576 4339 imaginem
603 4240 760 4314 similem
788 4239 927 4314 habere
955 4240 1069 4314 etad
1097 4239 1193 4314 illius
1222 4240 1464 4315 imitationem
1484 4241 1579 4332 ordi·

76 4388 163 4440 nare
190 4367 302 4441 aliam
330 4365 595 4463 apponendam
624 4364 660 4438 in
688 4365 800 4438 Rota.
833 4363 973 4438 Ultimo
1003 4365 1070 4440 fuit
1097 4365 1209 4438 etiam
1244 4365 1446 4440 iniunctum
1476 4365 1578 4461 quod

76 4487 108 4562 in
137 4490 257 4567 Carta
286 4491 511 4590 Bergamina
539 4515 710 4565 curarem
738 4489 843 4586 quod
874 4488 1007 4585 aliquis
1044 4504 1218 4563 exararet
1245 4505 1285 4564 et
1313 4489 1579 4564 transcriberet

77 4631 267 4714 sumptum
297 4643 363 4690 seu
393 4616 538 4712 copiam
569 4615 700 4689 Brevis
728 4614 890 4689 emanati
919 4639 1031 4710 super
1055 4601 1322 4710 suppressione
1340 4615 1579 4711 antiquorum

75 4737 400 4817 Subdiaconorum
427 4755 467 4815 et
499 4739 696 4815 collatione
732 4739 768 4812 in
802 4763 986 4834 personas
1016 4739 1241 4812 Auditorum
1272 4738 1406 4823 Rotae,
1434 4763 1578 4812 necnon

74 4863 185 4939 etiam
215 4865 495 4965 privilegiorum
523 4865 615 4940 alias
642 4887 711 4961 per
739 4864 916 4937 Summos
935 4862 1134 4936 Pontifices
1154 4861 1401 4936 Subdiaconis
1428 4887 1581 4937 conces-

76 5015 217 5079 sorum,
238 5007 351 5089 prout
378 4993 504 5066 omnia
535 5016 595 5065 me
614 5004 858 5064 executurum
878 4988 1045 5084 promisi.
1067 4987 1175 5062 Dixit
1194 4986 1324 5062 ultimo
1344 4989 1438 5062 Rns
1458 4988 1582 5063 Deca-

77 5139 145 5188 nus
174 5118 278 5213 quod
306 5117 378 5192 sibi
406 5116 636 5190 notificatum
664 5115 786 5188 suerat
813 5114 915 5210 quod
944 5115 980 5185 iu
1008 5129 1203 5209 posterum
1232 5107 1355 5187 Rotae
1374 5112 1581 5186 Auditoies

78 5263 99 5312 a
127 5241 189 5314 die
216 5265 229 5314 1
256 5241 481 5316 Novembris
508 5241 702 5339 'assignata
730 5239 838 5314 luerit
856 5239 980 5336 portio
999 5237 1186 5334 quaedam
1206 5238 1290 5324 vini,
1313 5263 1448 5336 nempe
1469 5260 1581 5312 unum

80 5363 241 5439 Boccale
268 5366 371 5463 quod
399 5391 467 5469 per
496 5365 598 5462 prius
627 5389 700 5439 non
729 5364 926 5439 habebant.
