3686 5916
228 313 284 374 526
846 313 984 374 Saeculo
1001 313 1127 376 XVIII

228 504 458 593 adducimur,
491 522 531 580 ut
558 507 766 591 credamus,
796 507 943 605 aliquas
970 509 1196 582 variationes
1223 523 1263 582 et
1290 508 1559 599 innovationes,
1600 513 1727 608 quoad

229 629 346 726 ipsius
383 629 575 704 divisionis
610 631 903 716 observantiam,
938 655 1115 706 successu
1159 631 1341 730 temporis
1376 633 1499 708 induci
1536 635 1728 730 potuisse:

230 779 359 850 quum,
394 771 433 829 et
470 780 584 852 saepe
621 754 714 830 alias
750 757 786 830 in
822 756 1026 854 Signatum
1055 757 1196 832 Nostra
1233 757 1409 844 Iustitiae,
1444 784 1559 855 super
1595 761 1730 834 eadem

230 881 482 967 observantia,
512 896 553 955 et
579 895 856 978 consequenter
874 906 990 979 super
1015 881 1268 979 competentia
1281 882 1537 957 Tribunalium
1565 899 1606 957 et
1633 885 1734 958 ludi-

229 1027 314 1078 cum
342 1005 378 1078 in
408 1004 543 1079 Causis
561 1005 845 1102 particularibus
862 1004 1014 1082 auditae
1033 1005 1170 1080 suerint
1188 1005 1478 1091 controversiae,
1499 1023 1538 1082 et
1557 1007 1628 1104 ipsi
1647 1008 1733 1082 Tri-

230 1128 418 1204 bunalium
446 1145 485 1202 et
512 1131 678 1206 ludicum
706 1129 916 1226 respective
937 1129 1093 1215 Notarii,
1116 1153 1186 1226 pro
1214 1155 1284 1209 suo
1302 1131 1465 1227 quisque
1484 1133 1563 1206 iure
1581 1150 1621 1206 et
1640 1133 1732 1207 inte-

230 1278 335 1330 resse
351 1254 579 1330 Pontificiam
594 1256 932 1330 Praedecessorum
949 1255 1187 1343 Nostrorum,
1204 1271 1242 1329 et
1257 1255 1438 1330 Nostram
1457 1257 1732 1354 providentiam

231 1379 522 1476 imploraverint.
552 1379 765 1455 Novissime
794 1405 885 1455 vero
913 1405 1030 1477 quum
1066 1381 1163 1456 inter
1190 1379 1347 1456 dilectos
1376 1381 1490 1456 Filios
1518 1380 1734 1481 Collegium

233 1503 474 1578 Notariorum
494 1504 703 1580 Causarum
724 1503 853 1580 Palatii
871 1503 1081 1602 Apostolici
1107 1529 1155 1580 ex
1184 1531 1267 1592 una,
1288 1522 1328 1580 et
1346 1505 1543 1602 collegium
1564 1507 1735 1604 Scripto-

231 1653 314 1701 rum
342 1628 505 1706 Archivii
531 1629 712 1726 praedicti
739 1655 787 1704 ex
814 1629 932 1705 altera
956 1629 1141 1714 Partibus,
1171 1646 1276 1704 mota
1302 1632 1412 1706 luerit
1439 1630 1487 1705 lis
1514 1647 1554 1705 et
1581 1648 1735 1707 contro·

232 1751 354 1828 versia
381 1753 439 1839 de,
469 1769 508 1828 et
527 1778 642 1849 super
659 1778 858 1828 causarum
886 1754 1024 1829 diversi
1051 1754 1188 1828 valoris
1215 1773 1255 1830 et
1282 1757 1444 1852 generis,
1473 1780 1618 1830 necnon
1641 1756 1735 1830 iuris

232 1877 418 1954 scribendi
436 1877 472 1950 in
492 1877 561 1952 illis
578 1879 789 1974 respective
817 1879 1050 1975 pertinentia,
1083 1878 1163 1953 Nos
1193 1877 1404 1954 huiusmodi
1424 1881 1734 1969 controversiam,

232 2003 282 2077 ad
302 2003 383 2077 Nos
402 2019 441 2078 et
468 2006 517 2078 ad
539 2005 778 2104 Signaturam
805 2021 974 2081 nostram
1003 2004 1159 2080 Gratiae
1186 2021 1395 2090 avocatam,
1425 2008 1461 2080 in
1488 2005 1570 2102 ipsa
1598 2005 1740 2104 Signa-

233 2144 317 2202 tura
353 2150 479 2202 coram
517 2129 637 2203 Nobis
665 2128 724 2203 die
752 2151 820 2202 xtx
846 2128 964 2228 elapsi
992 2131 1132 2204 mensis
1160 2129 1234 2204 iulii
1266 2129 1393 2206 habita
1424 2131 1734 2216 examinavimus,

232 2270 272 2328 et
308 2253 512 2330 rationibus
549 2255 633 2331 hinc
659 2256 746 2330 inde
772 2254 946 2330 deductis
980 2271 1127 2330 mature
1154 2255 1365 2353 seduloque
1392 2256 1601 2352 perpensis,
1645 2271 1737 2329 tunc

232 2378 383 2476 quidem
412 2381 692 2456 rescribendum
719 2381 894 2455 duximus
921 2380 1141 2477 quoddata
1170 2379 1266 2454 soret
1294 2379 1473 2456 resolutio
1501 2382 1537 2455 in
1557 2380 1733 2466 Camera,

234 2503 342 2578 simul
378 2523 504 2580 autem
532 2507 657 2581 animo
684 2506 956 2589 constituimus,
986 2519 1165 2590 veterem,
1197 2530 1271 2579 non
1308 2505 1485 2602 scriptam
1517 2506 1737 2603 praedictae

234 2628 371 2704 Curiae
390 2628 696 2720 consuetudinem
724 2629 773 2706 ad
792 2631 934 2729 Legem
964 2628 1140 2726 scriptam
1161 2631 1351 2728 redigere:
1381 2647 1424 2703 ut
1441 2655 1568 2728 quum,
1589 2629 1639 2704 ad
1658 2647 1736 2704 tra-

234 2751 344 2828 mites
372 2753 583 2828 huiusmodi
611 2753 737 2850 Legis,
767 2755 803 2827 in
835 2769 1029 2852 posterum
1066 2753 1260 2828 evidenter
1286 2754 1516 2851 apparuerit,
1547 2778 1737 2850 quaenam

233 2878 308 2953 sint
344 2877 505 2962 Causae,
543 2903 642 2974 quae
678 2896 811 2976 utpote
848 2881 1043 2978 graviores
1077 2877 1368 2953 committendae
1409 2893 1498 2952 sunt
1535 2878 1736 2953 Auditorio

234 3004 367 3088 Rotae,
389 3019 431 3077 ut
458 3003 506 3078 ibi
533 3002 717 3102 collegiali
739 3003 899 3101 plurium
929 3005 1178 3078 Personarum
1207 3003 1378 3077 examine
1404 3019 1444 3077 et
1471 3002 1606 3076 iudicio
1633 3005 1737 3077 deci·

234 3129 388 3216 dantum
409 3145 448 3203 et
466 3154 564 3224 quae
583 3129 658 3203 sint
675 3129 781 3216 aliae,
802 3154 901 3226 quae
920 3145 1111 3225 tamquam
1131 3128 1254 3202 minus
1272 3153 1420 3226 graves,
1437 3127 1518 3202 aliis
1538 3129 1737 3204 Romanae

235 3252 373 3328 Curiae
401 3254 581 3329 Praelatis
598 3270 707 3330 extra
725 3255 874 3342 Rotam,
896 3253 955 3330 vel
984 3255 1097 3328 etiam
1125 3253 1216 3351 ipsis
1236 3254 1358 3327 Rotae
1377 3253 1638 3341 Auditoribus,
1661 3279 1735 3329 non

182 3439 186 3446 .
236 3379 289 3452 uti
323 3377 580 3464 Auditoribus,
616 3379 684 3452 sed
720 3379 774 3452 uti
811 3378 1001 3467 praelatis,
1040 3377 1220 3453 committi
1257 3378 1420 3465 debent;
1463 3378 1535 3451 iam
1573 3378 1738 3452 dubitari

235 3519 409 3598 nequeat,
430 3504 566 3600 quibus
584 3504 620 3576 in
641 3503 776 3578 Causis
795 3503 1007 3601 praedictae
1022 3503 1144 3578 Rotae
1164 3503 1341 3589 Notariis,
1356 3499 1416 3576 vel
1430 3503 1556 3599 potius
1570 3502 1738 3577 Archivii

237 3629 404 3714 Notario,
436 3628 622 3703 scribendi
651 3629 707 3702 ius
736 3628 944 3725 respective
972 3642 1176 3723 competat.

316 3754 447 3850 ltaque
476 3778 572 3826 nunc
601 3751 724 3828 stabili
751 3769 790 3828 et
816 3777 986 3851 congruo
1014 3777 1138 3826 rerum
1166 3752 1296 3838 ordini,
1328 3775 1471 3826 necnon
1503 3752 1673 3825 omnium
1700 3752 1738 3825 in
1829 3737 1830 3786 i

236 3877 452 3976 praemissis
480 3876 661 3950 interesse
689 3877 905 3952 habentium
933 3876 1166 3951 indemnitati
1194 3877 1390 3951 consulere
1418 3874 1601 3961 volentes,
1628 3902 1740 3973 prae·

234 4003 449 4098 dictamque
476 4003 770 4076 controversiam
800 4001 950 4098 penitus
977 4017 1017 4074 et
1043 4001 1197 4074 omnino
1224 4003 1502 4098 extinguentes,
1522 4025 1567 4074 ac
1585 4001 1738 4096 utrique

237 4124 336 4199 Parti
363 4140 588 4221 perpetuum
616 4124 803 4199 silentium
832 4125 997 4220 desuper
1024 4125 1274 4219 imponentes
1304 4125 1412 4198 Motu
1442 4123 1610 4220 proprio,
1632 4141 1739 4198 etex

236 4264 338 4322 certa
366 4247 532 4335 scientia,
562 4273 606 4322 ac
635 4265 781 4324 matura
819 4247 1089 4322 deliberatione
1126 4248 1288 4336 Nostris,
1326 4248 1451 4345 deque
1487 4249 1739 4344 Apostolieae

236 4374 438 4472 potestatis
475 4372 716 4470 plenitudine,
756 4374 825 4447 hac
860 4373 1001 4448 Nostra
1038 4389 1223 4471 perpetuo
1257 4373 1417 4448 valitura
1455 4372 1741 4448 Constitutione

237 4501 437 4576 statuimus
464 4516 503 4574 et
530 4497 775 4585 declaramus,
808 4498 956 4572 Causas
983 4522 1116 4572 omnes
1143 4497 1349 4596 graviores,
1380 4498 1536 4595 quaein
1564 4497 1740 4572 Romana

239 4625 363 4711 Curia,
398 4640 475 4698 tam
503 4624 540 4697 in
568 4622 759 4698 Tribunali
788 4623 825 4699 S.
863 4624 908 4696 R.
940 4623 983 4696 E.
1015 4622 1224 4697 Cardinalis
1254 4621 1383 4696 Nostri
1411 4636 1451 4696 et
1479 4621 1641 4695 Romani
1669 4645 1739 4717 pro
1829 4703 1830 4708 ,

236 4769 408 4847 tempore
438 4748 623 4824 Pontificis
651 4749 688 4822 in
719 4749 833 4835 Urbe,
863 4748 1022 4844 eiusque
1051 4747 1244 4832 Districtu,
1270 4746 1406 4820 Vicarii
1426 4747 1461 4820 in
1483 4745 1741 4841 spiritualibus
1829 4781 1830 4834 3

238 4875 447 4960 Generalis,
478 4899 591 4969 quam
619 4875 654 4947 in
683 4873 872 4948 Tribunali
903 4871 1112 4946 Causarum
1133 4872 1269 4946 Curiae
1291 4871 1473 4947 Camerae
1492 4869 1741 4968 Apostolicae

237 5000 435 5075 Generalis
462 4999 669 5083 Auditoris,
700 4999 736 5071 in
764 4999 885 5094 prima
911 4997 1089 5074 instantia
1116 4997 1300 5072 iudicatae
1328 5013 1368 5072 et
1395 4997 1570 5070 definitae
1589 4995 1737 5080 suerint,
1829 5067 1830 5070 ,

238 5127 272 5200 in
288 5126 453 5201 secunda
474 5149 539 5199 seu
558 5123 631 5198 alia
650 5122 813 5198 ulteriori
833 5123 1011 5197 instantia
1030 5120 1243 5196 nullatenus
1263 5120 1441 5196 Praelatis
1460 5137 1567 5195 extra
1585 5120 1737 5206 Rotam,

238 5277 306 5325 nec
334 5251 426 5347 ipsis
456 5251 578 5325 Rotae
606 5248 866 5333 Auditoribus,
896 5249 949 5322 uti
978 5247 1170 5334 Praelatis,
1201 5247 1269 5320 sed
1296 5245 1446 5342 quidem
1478 5263 1554 5320 tam
1584 5245 1620 5318 in
1649 5247 1740 5342 peti-

239 5375 347 5462 torio,
378 5399 492 5470 quam
521 5374 556 5447 in
586 5372 824 5470 possessorio
848 5370 996 5460 Iudicio,
1028 5373 1196 5446 eiusdem
1227 5373 1349 5446 Rotae
1367 5369 1569 5445 Auditorio
1587 5371 1742 5444 omnino
