3708 5918
227 283 265 343 84
353 343 356 350 ,
854 283 992 344 soeculo
1010 284 1098 345 XIV

227 478 377 552 sistorio
404 478 453 553 acl
481 477 551 550 hoc
579 476 763 573 deputato
792 477 951 575 incipiat,
982 480 1044 575 qui
1073 495 1162 575 post
1190 479 1360 554 ultimum
1393 499 1669 579 proponentem
1689 485 1725 556 in
1843 459 1844 472 ,

226 601 452 676 consistorio
493 602 709 697 precedenti
751 627 963 698 proponere
1005 604 1220 678 debuisset:
1249 620 1289 678 et
1329 607 1381 679 sic
1407 604 1468 679 alii
1501 607 1723 693 successive,

227 751 364 799 causas
406 726 589 799 habentes
626 725 777 812 similes,
819 727 1039 800 audiantur:
1068 770 1085 784 ·
1113 727 1249 823 quibus
1283 727 1456 825 expletis,
1493 729 1651 804 redeant
1677 731 1727 804 ad

228 850 389 948 primum
417 849 585 924 ordinem
614 874 682 945 per
708 875 796 923 eum
824 865 863 924 et
890 851 984 925 alios
1012 850 1232 926 Advocatos
1261 854 1473 928 successive
1493 854 1670 930 habitum.

309 997 342 1067 5.
375 972 608 1048 Electionum
636 991 763 1048 autem
791 989 830 1047 et
848 975 1141 1071 postulationum
1170 977 1206 1050 in
1234 977 1432 1052 concordia
1451 979 1574 1052 causis
1593 1003 1726 1053 secun-

131 1093 134 1100 ’
227 1101 317 1174 dum
345 1099 570 1194 premissum
598 1099 768 1173 ordinem
796 1101 1001 1196 propositis
1029 1118 1068 1174 et
1095 1101 1243 1187 auditis,
1275 1118 1363 1198 post
1389 1127 1456 1176 eas
1492 1102 1725 1178 Electionum

226 1239 266 1296 et
293 1223 585 1320 postulationum
614 1224 795 1297 laetarum
824 1224 859 1298 in
889 1225 1076 1298 discordia
1103 1250 1215 1300 cause
1245 1251 1313 1323 per
1340 1226 1514 1302 eumdem
1543 1227 1722 1314 ordinem,

226 1391 243 1404 -
271 1364 321 1433 et,
351 1349 405 1422 eis
432 1347 603 1444 expletis,
633 1349 796 1444 querele,
828 1349 1142 1436 denunciationes,
1165 1351 1435 1436 accusationes,
1457 1353 1722 1441 controversie,

226 1470 374 1569 aliaque
402 1473 565 1570 negotia,
595 1491 864 1570 proponantur.

308 1603 343 1672 6.
375 1595 540 1690 Quilibet
568 1613 692 1672 tamen
720 1597 905 1672 dictorum
934 1598 1217 1674 Advocatorum
1251 1624 1362 1674 unam
1397 1625 1549 1676 causam
1586 1625 1725 1698 paupe-

227 1749 320 1811 rum,
336 1723 455 1820 gratis
482 1747 552 1819 pro
581 1724 676 1810 Deo,
708 1724 829 1820 primo
858 1724 979 1820 possit
1006 1747 1231 1821 proponere,
1260 1725 1292 1798 si
1319 1725 1479 1800 voluerit
1507 1721 1567 1828 (ut
1586 1726 1725 1822 preser-

226 1848 324 1946 tur):
352 1847 456 1942 quod
486 1848 516 1921 si
545 1849 642 1922 lorte
666 1847 800 1944 aliquis
829 1873 960 1922 eorum
988 1872 1139 1922 causam
1168 1850 1373 1924 secundum
1392 1851 1601 1945 predictum
1628 1851 1724 1924 ordi·
1833 1876 1836 1887 ·

227 1995 314 2044 nem
342 1972 555 2046 immediate
584 1995 658 2046 non
686 1970 858 2046 habuerit
885 1996 998 2067 quam
1027 1993 1225 2068 proponat,
1246 1971 1348 2047 illum
1368 1975 1537 2069 quicum
1556 1975 1726 2070 sequitur

226 2098 274 2170 de
302 2096 373 2170 hoc
405 2096 594 2170 certificet.
622 2139 641 2154 -
669 2096 719 2168 Et
747 2097 788 2181 si,
818 2096 997 2184 similiter,
1027 2097 1086 2170 hic
1127 2121 1278 2172 causam
1307 2123 1380 2172 non
1409 2097 1582 2174 habuerit
1608 2123 1725 2195 quam

225 2236 424 2318 proponat,
446 2221 623 2296 certificet
640 2221 752 2296 alium
771 2223 1083 2318 subsequentem:
1105 2266 1122 2279 -
1140 2238 1180 2296 et
1197 2223 1250 2296 sic
1268 2223 1317 2296 de
1335 2222 1436 2298 aliis:
1457 2267 1473 2282 -
1492 2237 1544 2310 ut,
1566 2249 1636 2321 per
1649 2249 1724 2298 cer·

226 2346 465 2420 tificationem
485 2346 696 2420 huiusmodi
715 2347 863 2443 possint
881 2371 995 2420 cause
1013 2347 1173 2444 proponi
1183 2364 1223 2420 et
1240 2349 1353 2422 etiam
1373 2349 1526 2446 negotia
1543 2347 1724 2445 expediri.

310 2493 344 2566 7.
373 2471 423 2544 Et
450 2471 540 2568 quia
566 2471 843 2569 responsiones,
873 2497 969 2568 quas
997 2496 1065 2569 per
1092 2471 1312 2548 Advocatos
1348 2472 1535 2548 interdum
1571 2472 1726 2570 expedit

226 2595 305 2670 fieri
332 2597 381 2670 ad
409 2597 566 2684 obiecta,
584 2621 659 2671 non
678 2597 943 2695 paliopoliter
959 2613 1222 2694 proponuntur
1240 2598 1308 2672 sed
1326 2599 1529 2684 accessoria,
1549 2599 1725 2674 volumus

225 2719 387 2816 quodsi
415 2722 499 2818 quis
527 2721 748 2796 Advocatus
767 2721 803 2792 in
823 2745 1062 2817 quocumque
1090 2721 1328 2817 responderit
1345 2720 1453 2797 alteri
1484 2725 1725 2820 proponenti,

224 2843 309 2918 talis
336 2847 533 2941 responsio
559 2845 618 2919 vel
648 2847 841 2943 replicatio
870 2871 945 2920 non
973 2862 1212 2943 computetur
1248 2847 1316 2922 sibi
1354 2847 1449 2922 inter
1485 2873 1619 2922 causas
1656 2874 1729 2946 per

224 2994 310 3042 eum
340 2970 545 3043 secundum
572 2971 797 3067 premissum
825 2971 994 3045 ordinem
1022 2970 1312 3067 proponendas:

307 3097 341 3169 8.
371 3093 538 3166 similiter
564 3093 687 3180 etiam,
704 3094 767 3169 ubi
794 3096 964 3169 eiusdem
992 3095 1078 3168 sacti
1106 3095 1241 3168 suerint
1259 3096 1335 3171 duo
1363 3096 1561 3184 Advocati,
1581 3112 1621 3172 et
1648 3123 1725 3173 uno

225 3218 475 3314 principaliter
503 3237 737 3316 proponente
777 3236 817 3292 et
857 3219 930 3294 alio
958 3245 1034 3316 quo
1062 3221 1264 3296 adiuvante
1303 3222 1386 3296 eius
1427 3222 1724 3319 propositionem

225 3343 296 3439 ipsi
323 3345 389 3439 qui
415 3343 605 3417 adiuvabit
632 3343 691 3416 vel
710 3343 836 3419 forsan
864 3344 1076 3442 complebit,
1098 3345 1182 3420 talis
1211 3346 1435 3420 coadunatio
1453 3348 1511 3420 vel
1535 3346 1726 3444 suppletio

225 3466 307 3554 sibi,
323 3468 523 3564 quominus
551 3468 756 3542 secundum
776 3471 1003 3565 premissum
1031 3470 1200 3545 ordinem
1229 3471 1350 3568 possit
1368 3471 1460 3546 alias
1479 3495 1612 3547 causas
1640 3496 1727 3568 pro·

119 3628 123 3637 ·
225 3616 377 3689 ponere,
408 3592 557 3666 minime
585 3608 833 3690 computetur.

305 3741 341 3808 9.
363 3717 554 3803 Ceterum,
575 3732 720 3792 attente
739 3732 897 3793 caveant
916 3721 1102 3795 Advocati
1121 3737 1164 3797 ut
1176 3721 1380 3797 electiones
1394 3737 1434 3795 et
1450 3721 1725 3819 postulationes

223 3865 320 3937 quas
339 3843 512 3916 sciverint
531 3841 567 3912 in
585 3841 772 3916 discordia
790 3843 918 3931 lactas,
940 3845 1000 3918 vel
1019 3847 1276 3943 oppositorem
1304 3871 1371 3920 seu
1390 3845 1629 3943 oppositores
1661 3845 1722 3919 ha-

223 3969 325 4052 bere,
347 3991 421 4040 non
440 3983 612 4042 asserant
631 3967 666 4039 in
685 3970 883 4042 concordia
902 3970 980 4044 sore
1000 3970 1228 4058 celebratas;
1249 4015 1268 4026 -
1286 3996 1353 4044 nec
1371 3996 1504 4046 causas
1524 3983 1724 4066 preposte-

224 4107 317 4178 rent,
335 4090 404 4165 sed
417 4093 520 4187 prius
539 4092 713 4190 antiquas
727 4111 940 4189 proponant
956 4095 1161 4169 secundum
1174 4095 1343 4170 ordinem
1359 4096 1495 4191 quoad
1505 4077 1635 4170 eorum
1654 4120 1724 4192 pa·

223 4218 405 4290 trocinum
421 4216 651 4304 devenerint,
663 4217 732 4291 nisi
745 4218 799 4291 eis
813 4243 883 4314 per
897 4219 1108 4294 Romanum
1124 4219 1339 4295 Pontificem
1353 4220 1453 4296 aliud
1467 4219 1721 4295 mandaretur.

310 4340 404 4418 ια*
432 4343 490 4416 Sit
521 4360 649 4418 autem
690 4368 803 4418 cause
845 4361 1027 4440 patronus
1068 4346 1105 4420 in
1133 4349 1381 4443 proponendo
1418 4345 1562 4434 efficaX,
1604 4361 1721 4443 atque

222 4467 446 4564 pertinentia
475 4468 670 4542 dumtaxat
696 4467 746 4543 ad
774 4470 972 4568 negocium
1001 4471 1049 4544 de
1077 4495 1153 4566 quo
1181 4472 1307 4568 agitur
1338 4471 1510 4556 recitans,
1531 4469 1722 4568 superflua

222 4607 261 4666 et
287 4591 564 4688 impertinentia
593 4617 666 4666 non
694 4593 907 4678 admittens,
939 4617 1007 4667 nec
1035 4594 1272 4691 ultraquam
1301 4621 1414 4670 cause
1446 4595 1619 4692 exposcit
1653 4596 1723 4669 uti·

222 4717 306 4790 litas
334 4717 371 4789 in
398 4715 582 4791 licentiam
611 4718 841 4792 conviciandi
868 4734 909 4792 et
936 4718 1179 4794 maledicendi
1208 4722 1457 4795 temeritatem
1477 4735 1720 4818 prorumpat;

222 4857 498 4938 proponentem
526 4857 592 4914 aut
618 4841 845 4917 causidicum
873 4842 1078 4918 secundum
1102 4844 1271 4918 ordinem
1300 4843 1532 4941 prelibatum,
1554 4845 1719 4940 quandiu

222 4965 292 5039 sibi
317 4989 386 5063 per
428 4965 639 5039 Romanum
682 4965 928 5042 Pontificem¹
960 4968 1149 5042 audientia
1185 4968 1411 5055 conceditur,
1442 4969 1502 5042 alii
1536 4969 1722 5064 patienter

221 5089 377 5164 audiant
403 5106 443 5164 et
470 5105 680 5186 expectent,
698 5116 765 5167 nec
793 5093 907 5166 verba
935 5091 1053 5189 ipsius
1082 5071 1293 5168 nullatenus
1320 5093 1603 5188 interrumpant.

302 5368 311 5402 ¹
331 5365 366 5425 In
387 5367 487 5426 Libro
505 5367 609 5426 Rotae
628 5369 750 5428 constit.
771 5371 903 5444 legitur:
923 5369 1127 5442 Auditorem,
1145 5372 1228 5430 loco:
1247 5369 1432 5430 Romanum
1451 5368 1649 5432 Pontificem.
