3708 5918
232 313 285 372 116
870 308 1007 368 Saeculo
1025 308 1057 367 X
1066 307 1094 368 V
1195 337 1200 348 ·

231 503 356 578 traire.
391 500 430 576 Si
465 501 551 597 quis
585 515 712 576 autem
752 501 823 574 hoc
859 514 1046 574 attentare
1081 499 1391 595 praesumpserit,
1434 498 1726 596 indignationem

230 627 498 724 omnipotentis
526 625 610 710 Dei,
640 642 680 701 et
706 628 904 701 beatorum
937 624 1035 699 Petri
1062 639 1103 698 et
1134 621 1237 698 Pauli
1269 622 1543 719 Apostolorum
1578 622 1659 697 eius
1687 648 1729 696 se

232 753 376 827 noverit
404 752 650 826 incursurum.

312 877 454 951 Datum
484 876 640 962 Romae,
669 876 773 972 apud
801 875 839 952 S.
870 875 1032 961 Petrum,
1062 900 1162 950 anno
1190 873 1341 949 Domini
1376 895 1488 966 1424·

870 1259 873 1268 “
948 1281 1012 1360 64.

235 1503 353 1577 Rotae
380 1501 584 1574 Auaitores
609 1525 635 1572 a
661 1497 834 1572 Martiiro
871 1497 909 1570 V
922 1504 1054 1596 petunt
1078 1506 1121 1570 ut
1137 1507 1279 1596 poenas
1295 1497 1393 1572 latas
1410 1497 1450 1571 in
1468 1497 1571 1570 illrirs
1596 1507 1730 1594 nuper·

310 1626 419 1701 minis
449 1622 767 1700 Constr'tutrbru'bus
792 1630 920 1698 contm
953 1621 1060 1707 isos,
1099 1621 1158 1695 vel
1176 1621 1323 1718 penitus
1349 1621 1483 1706 tollere,
1512 1621 1571 1696 vel
1602 1621 1731 1696 saltem

310 1749 529 1849 suspendere
555 1748 611 1822 ad
633 1747 890 1845 beneplacitum
917 1745 1147 1844 Apostolicae
1173 1745 1280 1820 Sedis
1305 1745 1490 1844 dignetur.

303 1940 418 2012 (Arcu.
436 1937 524 2010 Ror,
548 1935 848 2007 «ordinationem,
864 1941 950 2012 part.
970 1933 998 2007 I,
1015 1951 1048 1994 n.
1067 1934 1122 2008 ΙΙ).

1550 2092 1629 2155 Sine
1648 2095 1732 2154 data.

314 2313 537 2388 Beatissimo
573 2326 693 2410 pater.
723 2357 749 2368 -
785 2311 919 2409 Nuper
954 2327 1056 2386 certe
1093 2311 1194 2386 bulle
1229 2311 1447 2386 Sanctitatis
1475 2310 1613 2386 Vestre
1655 2337 1731 2409 que

237 2438 522 2514 reformationes
562 2437 748 2536 quasdam
789 2437 981 2510 continere
1022 2436 1206 2522 dicuntur,
1242 2437 1393 2511 fuerunt
1428 2437 1653 2533 nuperrime,
1689 2451 1732 2508 ut

230 2564 375 2650 dicitur,
405 2563 619 2660 pubblicate
646 2563 682 2636 in
710 2563 846 2661 quibus
875 2563 1039 2659 quedam
1068 2577 1294 2650 statuuntur,
1317 2586 1386 2658 per
1413 2585 1488 2658 que
1516 2584 1590 2636 non
1610 2561 1731 2635 modi·

232 2685 316 2764 cum
352 2688 526 2785 personis
559 2687 784 2763 devotorum
822 2702 1015 2762 oratorum
1052 2687 1262 2761 sanctitatis
1299 2703 1437 2774 vestre,
1476 2687 1573 2760 sacri
1601 2684 1733 2761 Palatii

228 2813 425 2909 apostolici
453 2837 650 2887 causarum
669 2812 908 2896 Auditorum,
930 2827 970 2885 et
997 2811 1129 2886 honori
1147 2835 1191 2886 ac
1210 2811 1543 2887 consuetudinibus
1562 2811 1730 2908 ipsorum

230 2937 439 3012 detrahitur
473 2937 693 3034 eisdemque
729 2935 950 3035 gravamina
985 2935 1258 3032 quamplurima
1296 2937 1547 3034 imponuntur,
1577 2952 1618 3010 et
1646 2959 1732 3033 pre-

231 3063 361 3136 sertim
390 3062 493 3160 quod
518 3061 915 3136 excommunicationis
944 3061 1170 3135 sententiam
1198 3061 1233 3136 in
1262 3061 1387 3136 multis
1424 3061 1574 3136 casibus
1609 3061 1732 3135 incur·

231 3211 314 3261 rere
342 3187 506 3260 debeant
532 3210 580 3259 eo
607 3184 702 3282 ipso,
724 3199 764 3259 et
796 3185 889 3260 alias
919 3184 1087 3282 prelatos
1114 3185 1322 3260 Auditores
1350 3200 1522 3284 tangunt,
1552 3202 1667 3282 prout
1695 3185 1731 3258 in

232 3311 324 3408 ipsis
352 3309 536 3385 bullarum
564 3311 769 3395 tenoribus,
800 3336 898 3408 quos
925 3311 984 3384 hic
1017 3310 1154 3386 habere
1191 3311 1394 3409 dignemini
1421 3334 1491 3408 pro
1522 3309 1729 3407 expressis,

135 3503 139 3510 .
232 3435 343 3509 latius
370 3423 592 3510 continetur.
624 3433 720 3508 Cum
751 3435 875 3534 igitur,
909 3433 1132 3510 Beatissimo
1159 3451 1279 3533 pater,
1299 3459 1373 3509 non
1401 3437 1449 3508 sit
1475 3433 1733 3509 honestumet

232 3583 439 3634 consonum
481 3557 615 3632 rationi
651 3559 756 3654 quod
792 3557 1000 3634 Auditores
1036 3559 1194 3656 predicti
1226 3559 1333 3656 penis
1370 3559 1580 3633 huiusmodi
1619 3556 1730 3633 invol-

232 3698 377 3770 vantur,
407 3682 568 3756 maxime
597 3707 681 3756 cum
709 3707 779 3780 per
805 3682 877 3757 hoc
913 3683 1105 3780 aperiatur
1138 3682 1199 3756 via
1236 3682 1284 3757 de
1320 3681 1489 3757 nullitate
1526 3706 1731 3779 processus

230 3807 512 3905 exceptionibus
539 3807 808 3905 proponendis,
837 3824 876 3882 et
904 3833 973 3904 per
1007 3832 1243 3905 consequens
1281 3807 1467 3882 tribuatur
1499 3807 1732 3906 prorogandi
1838 3859 1839 3874 2

229 3933 314 4007 lites
340 3932 500 4020 occasio,
529 3947 730 4029 propterea
758 3932 915 4029 predicti
951 3931 1157 4006 Auditores
1185 3957 1209 4005 a
1236 3929 1274 4006 S.
1305 3929 1351 4007 V.
1382 3930 1594 4028 supplicant
1628 3930 1731 4029 quod

229 4057 516 4133 constitutiones
531 4057 632 4154 ipsas
647 4057 682 4130 in
703 4073 885 4154 quantum
897 4057 963 4156 (in)
979 4080 1162 4153 personas
1173 4053 1242 4159 (et)
1256 4057 1351 4130 circa
1365 4081 1549 4154 personas
1562 4056 1730 4153 ipsorum

229 4183 456 4256 Auditorum
483 4183 637 4256 modum
665 4182 893 4278 procedendi
921 4184 957 4256 in
985 4181 1108 4256 causis
1136 4181 1351 4278 disponunt,
1382 4181 1559 4280 dignetur
1586 4181 1726 4266 tollere,
1838 4187 1839 4276 {

228 4324 295 4383 aut
322 4307 456 4382 saltem
483 4308 586 4403 ipsas
612 4307 661 4381 ad
688 4307 963 4406 beneplacitum
990 4307 1197 4402 apostolice
1225 4307 1335 4381 Sedis
1364 4305 1607 4403 suspendere.

310 4433 351 4505 ln
378 4432 605 4506 contrarium
633 4431 851 4507 iacientibus
880 4457 956 4506 non
982 4432 1221 4506 obstantibus
1248 4433 1559 4528 quibuscumque.

310 4555 451 4660 (verso)
478 4556 585 4632 Bulla
613 4555 886 4632 reformationis
914 4556 1116 4632 Audientie
1143 4556 1313 4656 glossata
1341 4581 1410 4653 per
1447 4581 1507 4631 me
1535 4556 1575 4630 P.
1612 4553 1728 4630 Nardi

232 4682 476 4758 Auditorem:
506 4699 546 4756 et
572 4697 736 4779 ponatur
762 4683 812 4756 ad
840 4705 993 4779 capsam
1023 4683 1259 4756 dominorum
1289 4683 1526 4758 Auditorum.
