3748 5914
876 326 1014 386 Saecula
1032 325 1062 386 X
1072 325 1115 386 Vt

965 654 1050 734 158.

254 799 387 872 Paulli
411 799 486 886 Ill,
517 799 822 900 Motusproprias
850 825 920 898 quo
952 799 1077 873 Iacobo
1106 799 1322 874 Simonettae
1354 799 1555 874 Cardinali
1593 800 1753 874 commit·
1872 855 1873 870 r

333 926 427 998 titur
453 951 565 998 caasa
591 925 772 998 Notarios
800 917 918 999 Ro'tar
956 927 1053 998 inter
1079 934 1115 998 et
1139 925 1351 1001 Auditares.

333 1082 448 1154 (Aaou.
466 1080 553 1154 Rom,
577 1080 837 1189 «ordinationes
855 1104 883 1150 ι,
898 1085 987 1155 part.
1005 1079 1052 1153 II,
1068 1079 1120 1139 De
1139 1079 1300 1154 Natarir's,
1320 1097 1354 1140 n.
1381 1079 1448 1153 VI).

335 1279 431 1354 Cum
461 1282 566 1365 sicut,
598 1304 672 1354 non
692 1280 771 1353 siue
790 1281 902 1354 animi
921 1280 1039 1353 nostri
1057 1278 1301 1377 displicentia,
1323 1281 1396 1354 fide
1414 1282 1612 1380 dignorum
1643 1281 1754 1354 testi·

252 1407 377 1481 monio
404 1407 616 1502 accepimus
634 1406 884 1502 preinscrtum
905 1422 1046 1478 motum
1067 1407 1259 1502 proprium
1287 1421 1456 1481 nostrum
1484 1407 1520 1479 in
1541 1430 1752 1503 pauperum

252 1529 534 1629 collitigantium
561 1556 604 1604 ac
633 1530 760 1627 palatii
798 1531 915 1604 nostri
943 1554 1140 1604 causarum
1168 1531 1409 1606 Notariorum
1438 1531 1641 1604 maximum
1672 1555 1753 1627 pre·

250 1655 424 1729 iudicium
454 1655 676 1741 redundare,
706 1656 899 1752 cupientes
928 1652 1352 1753 quantum'possumus
1389 1657 1490 1729 iuxta
1522 1657 1612 1730 iuris
1655 1681 1755 1729 com-

251 1781 372 1856 munis
401 1780 688 1878 dispositionem
717 1781 869 1855 cuilibet
896 1781 954 1854 ius
983 1807 1092 1854 suum
1119 1805 1362 1879 preservare;
1394 1782 1502 1855 Motu
1530 1782 1689 1878 proprio
1717 1798 1755 1855 et

250 1931 298 1979 ex
316 1921 445 1980 nostra
464 1921 567 1978 certa
585 1905 740 1979 scientia
759 1921 902 1978 motum
922 1906 1115 2001 proprium
1135 1906 1384 2001 preinsertum
1403 1931 1446 1980 ac
1461 1905 1689 2003 premissum
1707 1907 1753 2006 (l)

252 2030 491 2105 monitorium
519 2056 586 2103 seu
615 2030 832 2103 mandatum
861 2054 929 2125 per
957 2028 1133 2103 dilectum
1161 2029 1275 2104 filium
1295 2045 1465 2104 nostrum
1485 2030 1685 2104 Nicolaum
1704 2031 1753 2104 de

250 2157 456 2254 Aragonia,
476 2152 603 2251 palatii
631 2154 749 2228 nostri
768 2177 963 2228 causarum
984 2155 1208 2228 Auditorem
1227 2171 1267 2228 et
1285 2155 1385 2229 Rote
1404 2155 1599 2228 Decanum
1619 2171 1754 2229 contra

249 2281 405 2354 eosdem
433 2281 609 2365 notarios,
640 2278 736 2353 illius
763 2281 893 2377 vigore
923 2279 1116 2353 decretum
1143 2296 1183 2352 et
1210 2295 1418 2367 executum,
1453 2303 1477 2353 a
1511 2279 1647 2376 quibus
1686 2305 1754 2376 per

249 2406 406 2478 eosdem
445 2405 625 2478 Notarios
652 2403 702 2477 ad
731 2428 799 2478 nos
828 2405 895 2476 luit
921 2403 1163 2501 appellatum,
1194 2405 1243 2478 ad
1275 2405 1372 2478 viam
1405 2403 1498 2478 luris
1536 2403 1754 2479 reducimus

249 2530 422 2626 illiusque
449 2530 591 2627 vigore,
622 2545 736 2625 prout
763 2529 812 2602 de
839 2529 929 2614 iure,
950 2553 1020 2624 per
1039 2529 1215 2603 dilectum
1243 2527 1355 2602 filium
1383 2544 1552 2603 nostrum
1573 2529 1753 2616 Iacobum

250 2655 490 2752 Symonetam
519 2654 574 2729 tit.
605 2654 643 2731 S.
675 2654 807 2728 Ciriaci
845 2656 880 2727 in
909 2654 1064 2727 thermis
1093 2655 1354 2751 presbyterum
1388 2653 1636 2732 Cardinalem.
1681 2653 1753 2728 Cui

249 2804 380 2855 omnes
408 2778 635 2855 differentias
663 2779 759 2853 inter
787 2778 943 2856 dilectos
971 2779 1064 2852 filios
1092 2779 1219 2875 palatii
1257 2780 1373 2853 nostri
1410 2803 1607 2853 causarum
1640 2780 1753 2854 audi·
1872 2781 1873 2802 ¹

249 2920 352 2979 tores
379 2921 419 2979 et
446 2905 623 2991 notarios,
654 2903 880 2978 audiendum
909 2904 1124 2978 comisimus
1151 2921 1190 2978 et
1218 2903 1444 2978 comittimus
1463 2929 1532 3001 per
1548 2920 1753 2999 presentes
1872 2981 1873 2992 ,

249 3029 531 3126 procedendum
558 3027 640 3104 sore
678 3043 716 3101 et
757 3030 910 3125 procedi
947 3030 1085 3103 debere
1128 3028 1365 3116 mandamus;
1395 3029 1605 3126 preinserto
1641 3047 1749 3102 motu
1872 3061 1873 3096 r

249 3156 404 3252 proprio
438 3155 593 3250 aliisque
626 3155 662 3227 in
697 3157 923 3228 contrarium
958 3154 1178 3228 facientibus
1214 3179 1289 3227 non
1323 3154 1560 3228 obstantibus
1597 3155 1752 3250 quibus-

250 3305 422 3376 cumque.
453 3278 550 3353 Cum
569 3294 763 3375 potestate
782 3278 919 3353 citandi
939 3295 978 3353 et
1006 3278 1193 3352 inhibendi
1213 3279 1247 3351 in
1277 3302 1431 3352 romana
1451 3278 1565 3351 Curia
1583 3296 1624 3352 et
1640 3297 1752 3354 extra
1872 3293 1873 3334 i

249 3427 342 3490 eam,
374 3419 514 3477 statum
543 3429 656 3477 cause
683 3420 723 3477 et
750 3427 946 3478 causarum
974 3403 1187 3477 huiusmodi
1215 3428 1258 3477 ac
1291 3402 1448 3477 aliorum
1477 3403 1535 3476 hic
1554 3403 1684 3477 lorsan
1704 3406 1751 3479 de
1872 3399 1873 3420 ³

251 3529 476 3602 necessitate
517 3527 845 3623 exprimendorum
882 3543 1034 3602 tenores
1076 3545 1114 3601 et
1156 3527 1376 3623 compendia
1418 3553 1488 3624 pro
1523 3528 1752 3603 sufficienter

248 3653 439 3748 expressis
467 3652 662 3727 habentes.
696 3718 697 3721 ,

331 3777 391 3850 De
418 3776 595 3852 mandato
622 3778 658 3852 d.
688 3803 724 3851 rt.
747 3789 868 3876 pape:
895 3778 1042 3850 Audiat
1066 3777 1174 3851 ia'em
1190 3779 1312 3852 Rrirus
1329 3778 1382 3853 D.
1408 3775 1624 3851 cardinalis
1655 3779 1746 3865 ciat,

248 3912 283 3975 et
300 3903 481 4001 pracedat
505 3912 548 3975 ut
566 3903 719 4002 petitur,
746 3903 941 4001 prematis
967 3929 1039 3976 nan
1068 3903 1299 3976 obstantibus.

330 4027 459 4101 Placet
488 4029 538 4102 A.

959 4273 1045 4354 159.

249 4416 370 4490 Paulo
394 4417 468 4490 III
478 4419 598 4514 Papa.
620 4461 646 4472 -
672 4417 900 4491 Mandatum
921 4418 1044 4492 larabi
1061 4417 1276 4493 cardinalis
1295 4420 1511 4494 Srirranettae
1537 4446 1608 4519 qua
1626 4421 1744 4495 Ratae

328 4543 489 4616 Notarii
511 4543 681 4615 iubemur
707 4541 830 4616 demas
845 4568 907 4615 serr
924 4543 1002 4616 loca
1020 4544 1141 4616 varica
1161 4544 1404 4617 Auditaribas
1420 4546 1507 4630 mres,
1531 4545 1660 4643 quibus
1675 4572 1744 4619 sua

329 4663 448 4760 afficta
475 4675 678 4753 exerceant,
706 4667 812 4760 infra
840 4690 889 4741 20
915 4667 992 4740 dies
1018 4667 1151 4765 eligere
1178 4669 1331 4741 realiter
1353 4678 1388 4742 rt
1413 4695 1494 4743 eum
1511 4667 1649 4768 affectu,
1680 4669 1744 4744 sub

320 4802 441 4888 paena
466 4789 682 4863 uenditiam‘s
699 4791 757 4862 ael
770 4790 1053 4865 subhastatianir
1069 4816 1221 4864 suorum
1239 4791 1453 4888 officioram,
1473 4794 1550 4867 nisi
1565 4803 1741 4892 pareant.

327 4944 443 5015 (Anca.
461 4944 549 5013 Rot..
572 4969 585 4996 ‹
598 4945 865 5018 Ordinationes»
886 4951 966 5019 part
983 4945 1030 5018 II,
1048 4945 1088 5004 de
1106 4943 1269 5020 Notarr'r's,
1288 4963 1320 5006 n.
1342 4945 1426 5020 VII).

1348 5107 1426 5179 1537,
1444 5109 1592 5183 ianuarii,
1610 5110 1740 5170 Romae.

327 5251 388 5325 De
417 5250 595 5325 mandato
624 5251 709 5324 ani
738 5251 772 5324 in
803 5251 955 5326 Christo
982 5253 1101 5348 patris
1119 5268 1159 5326 et
1178 5254 1327 5340 domini,
1349 5256 1488 5329 domini
1507 5254 1630 5351 lacobi
1649 5256 1742 5331 tituli

244 5371 371 5449 Sancti
401 5373 533 5448 Ciriaci
560 5377 597 5448 in
625 5375 782 5464 Termis‚
805 5376 943 5452 Sancte
972 5402 1125 5453 romane
1153 5378 1310 5454 ecclesie
1329 5380 1527 5477 presbiteri
1546 5379 1741 5455 cardinalis
