<?xml version="1.0" encoding="UTF-8"?>
<!DOCTYPE html PUBLIC "-//W3C//DTD XHTML 1.0 Transitional//EN"
    "http://www.w3.org/TR/xhtml1/DTD/xhtml1-transitional.dtd">
<html xmlns="http://www.w3.org/1999/xhtml" xml:lang="en" lang="en">
 <head>
  <title>
</title>
<meta http-equiv="Content-Type" content="text/html;charset=utf-8" />
  <meta name='ocr-system' content='tesseract 3.04.00' />
  <meta name='ocr-capabilities' content='ocr_page ocr_carea ocr_par ocr_line ocrx_word'/>
</head>
<body>
  <div class='ocr_page' id='page_1' title='image "./capellanipapaee00cercgoog_0555.png"; bbox 0 0 3718 5918; ppageno 0'>
   <div class='ocr_carea' id='block_1_1' title="bbox 764 350 1639 448">
    <p class='ocr_par' dir='ltr' id='par_1_1' title="bbox 764 350 1639 448">
     <span class='ocr_line' id='line_1_1' title="bbox 764 350 1639 448; baseline 0.002 -38"><span class='ocrx_word' id='word_1_1' title='bbox 764 351 931 411; x_wconf 80' lang='lat' dir='ltr'><em>Clemente</em></span> <span class='ocrx_word' id='word_1_2' title='bbox 949 350 1021 448; x_wconf 77' lang='grc' dir='ltr'><strong>ΙΧῙΙ</strong></span> <span class='ocrx_word' id='word_1_3' title='bbox 1586 353 1639 412; x_wconf 85' lang='grc'><strong>511</strong></span> 
     </span>
    </p>
   </div>
   <div class='ocr_carea' id='block_1_2' title="bbox 137 531 1649 5507">
    <p class='ocr_par' dir='ltr' id='par_1_2' title="bbox 137 531 1642 1266">
     <span class='ocr_line' id='line_1_2' title="bbox 139 531 1641 642; baseline 0.002 -27"><span class='ocrx_word' id='word_1_4' title='bbox 139 531 226 616; x_wconf 77' lang='lat' dir='ltr'><strong>dem</strong></span> <span class='ocrx_word' id='word_1_5' title='bbox 245 545 331 618; x_wconf 90' lang='lat' dir='ltr'><strong>anni</strong></span> <span class='ocrx_word' id='word_1_6' title='bbox 350 544 500 617; x_wconf 88' lang='lat' dir='ltr'>Domini</span> <span class='ocrx_word' id='word_1_7' title='bbox 516 543 698 618; x_wconf 80' lang='lat' dir='ltr'><strong>millesimi</strong></span> <span class='ocrx_word' id='word_1_8' title='bbox 718 543 1043 642; x_wconf 89' lang='lat' dir='ltr'><strong>septingentesimi</strong></span> <span class='ocrx_word' id='word_1_9' title='bbox 1059 543 1228 640; x_wconf 85' lang='lat' dir='ltr'><strong>vigesimi</strong></span> <span class='ocrx_word' id='word_1_10' title='bbox 1248 543 1381 629; x_wconf 90' lang='lat' dir='ltr'><strong>octavi,</strong></span> <span class='ocrx_word' id='word_1_11' title='bbox 1400 569 1475 638; x_wconf 87' lang='lat' dir='ltr'><strong>qua</strong></span> <span class='ocrx_word' id='word_1_12' title='bbox 1496 543 1641 618; x_wconf 89' lang='lat' dir='ltr'><strong>Consti·</strong></span> 
     </span>
     <span class='ocr_line' id='line_1_3' title="bbox 137 666 1642 764; baseline 0.001 -23"><span class='ocrx_word' id='word_1_13' title='bbox 137 670 234 741; x_wconf 89' lang='lat' dir='ltr'><strong>tutio</strong></span> <span class='ocrx_word' id='word_1_14' title='bbox 262 666 376 742; x_wconf 83' lang='lat' dir='ltr'><strong>felicis</strong></span> <span class='ocrx_word' id='word_1_15' title='bbox 405 669 674 742; x_wconf 90' lang='lat' dir='ltr'><strong>recordationis</strong></span> <span class='ocrx_word' id='word_1_16' title='bbox 695 667 886 741; x_wconf 83' lang='lat' dir='ltr'><strong>Benedicti</strong></span> <span class='ocrx_word' id='word_1_17' title='bbox 906 669 1029 764; x_wconf 84' lang='lat' dir='ltr'>Papae</span> <span class='ocrx_word' id='word_1_18' title='bbox 1059 667 1155 754; x_wconf 89' lang='lat' dir='ltr'>XIII,</span> <span class='ocrx_word' id='word_1_19' title='bbox 1180 667 1487 742; x_wconf 89' lang='lat' dir='ltr'><strong>Praedecessoris</strong></span> <span class='ocrx_word' id='word_1_20' title='bbox 1512 669 1642 744; x_wconf 84' lang='lat' dir='ltr'><strong>Nostri</strong></span> 
     </span>
     <span class='ocr_line' id='line_1_4' title="bbox 137 791 1640 888; baseline 0.001 -24"><span class='ocrx_word' id='word_1_21' title='bbox 137 791 304 888; x_wconf 81' lang='lat' dir='ltr'><strong>desuper</strong></span> <span class='ocrx_word' id='word_1_22' title='bbox 330 793 520 866; x_wconf 85' lang='lat' dir='ltr'><strong>emanavit</strong></span> <span class='ocrx_word' id='word_1_23' title='bbox 546 793 802 867; x_wconf 89' lang='lat' dir='ltr'><strong>absolvendos</strong></span> <span class='ocrx_word' id='word_1_24' title='bbox 829 818 927 877; x_wconf 89' lang='lat' dir='ltr'><strong>esse,</strong></span> <span class='ocrx_word' id='word_1_25' title='bbox 958 817 1043 868; x_wconf 91' lang='lat' dir='ltr'><strong>curn</strong></span> <span class='ocrx_word' id='word_1_26' title='bbox 1072 792 1143 867; x_wconf 90' lang='lat' dir='ltr'><strong>hoc</strong></span> <span class='ocrx_word' id='word_1_27' title='bbox 1172 809 1309 879; x_wconf 89' lang='lat' dir='ltr'><strong>tamen,</strong></span> <span class='ocrx_word' id='word_1_28' title='bbox 1353 794 1457 888; x_wconf 91' lang='lat' dir='ltr'><strong>quod</strong></span> <span class='ocrx_word' id='word_1_29' title='bbox 1496 793 1640 868; x_wconf 83' lang='lat' dir='ltr'><strong>Notatii</strong></span> 
     </span>
     <span class='ocr_line' id='line_1_5' title="bbox 138 917 1642 1017; baseline 0.003 -29"><span class='ocrx_word' id='word_1_30' title='bbox 138 917 320 1012; x_wconf 86' lang='lat' dir='ltr'><strong>praedicti</strong></span> <span class='ocrx_word' id='word_1_31' title='bbox 349 918 511 1013; x_wconf 90' lang='lat' dir='ltr'><strong>propriis</strong></span> <span class='ocrx_word' id='word_1_32' title='bbox 538 942 669 991; x_wconf 88' lang='lat' dir='ltr'><strong>eorum</strong></span> <span class='ocrx_word' id='word_1_33' title='bbox 698 917 910 1016; x_wconf 89' lang='lat' dir='ltr'><strong>sumptibus</strong></span> <span class='ocrx_word' id='word_1_34' title='bbox 939 918 1066 992; x_wconf 88' lang='lat' dir='ltr'><strong>omnia</strong></span> <span class='ocrx_word' id='word_1_35' title='bbox 1092 917 1173 991; x_wconf 87' lang='lat' dir='ltr'><strong>iura</strong></span> <span class='ocrx_word' id='word_1_36' title='bbox 1200 919 1386 1014; x_wconf 91' lang='lat' dir='ltr'><strong>producta</strong></span> <span class='ocrx_word' id='word_1_37' title='bbox 1414 918 1450 990; x_wconf 90' lang='lat' dir='ltr'><strong>in</strong></span> <span class='ocrx_word' id='word_1_38' title='bbox 1483 919 1642 1017; x_wconf 88' lang='lat' dir='ltr'><strong>singulis</strong></span> 
     </span>
     <span class='ocr_line' id='line_1_6' title="bbox 139 1042 1641 1141; baseline -0.001 -25"><span class='ocrx_word' id='word_1_39' title='bbox 139 1045 275 1122; x_wconf 85' lang='lat' dir='ltr'><strong>causis,</strong></span> <span class='ocrx_word' id='word_1_40' title='bbox 305 1067 464 1138; x_wconf 91' lang='lat' dir='ltr'><strong>quarum</strong></span> <span class='ocrx_word' id='word_1_41' title='bbox 506 1059 680 1141; x_wconf 88' lang='lat' dir='ltr'><strong>regestra</strong></span> <span class='ocrx_word' id='word_1_42' title='bbox 720 1045 861 1116; x_wconf 90' lang='lat' dir='ltr'><strong>omissa</strong></span> <span class='ocrx_word' id='word_1_43' title='bbox 895 1043 1056 1130; x_wconf 81' lang='lat' dir='ltr'><strong>fuerunt,</strong></span> <span class='ocrx_word' id='word_1_44' title='bbox 1096 1042 1327 1140; x_wconf 86' lang='lat' dir='ltr'><strong>recolligere,</strong></span> <span class='ocrx_word' id='word_1_45' title='bbox 1363 1044 1573 1140; x_wconf 90' lang='lat' dir='ltr'><strong>eademque</strong></span> <span class='ocrx_word' id='word_1_46' title='bbox 1604 1044 1641 1116; x_wconf 92' lang='lat' dir='ltr'><strong>in</strong></span> 
     </span>
     <span class='ocr_line' id='line_1_7' title="bbox 141 1147 1529 1266; baseline 0.003 -27"><span class='ocrx_word' id='word_1_47' title='bbox 141 1166 361 1242; x_wconf 90' lang='lat' dir='ltr'><strong>Protocollis</strong></span> <span class='ocrx_word' id='word_1_48' title='bbox 389 1167 589 1266; x_wconf 86' lang='lat' dir='ltr'><strong>diligenter</strong></span> <span class='ocrx_word' id='word_1_49' title='bbox 615 1169 850 1241; x_wconf 84' lang='lat' dir='ltr'><strong>asservando</strong></span> <span class='ocrx_word' id='word_1_50' title='bbox 878 1168 1088 1265; x_wconf 87' lang='lat' dir='ltr'><strong>respective</strong></span> <span class='ocrx_word' id='word_1_51' title='bbox 1117 1166 1290 1266; x_wconf 89' lang='lat' dir='ltr'><strong>redigere</strong></span> <span class='ocrx_word' id='word_1_52' title='bbox 1318 1147 1529 1244; x_wconf 63' lang='lat' dir='ltr'><strong>teneantur.</strong></span> 
     </span>
    </p>

    <p class='ocr_par' dir='ltr' id='par_1_3' title="bbox 140 1291 1648 2886">
     <span class='ocr_line' id='line_1_8' title="bbox 222 1291 1640 1390; baseline 0.001 -26"><span class='ocrx_word' id='word_1_53' title='bbox 222 1291 405 1366; x_wconf 89' lang='lat' dir='ltr'><strong>Secundo.</strong></span> <span class='ocrx_word' id='word_1_54' title='bbox 436 1333 463 1348; x_wconf 90' lang='lat'><strong>-·</strong></span> <span class='ocrx_word' id='word_1_55' title='bbox 492 1293 680 1390; x_wconf 87' lang='lat' dir='ltr'><strong>Regestra</strong></span> <span class='ocrx_word' id='word_1_56' title='bbox 708 1293 848 1368; x_wconf 89' lang='lat' dir='ltr'><strong>omissa</strong></span> <span class='ocrx_word' id='word_1_57' title='bbox 886 1317 955 1390; x_wconf 90' lang='lat' dir='ltr'><strong>per</strong></span> <span class='ocrx_word' id='word_1_58' title='bbox 983 1293 1162 1368; x_wconf 91' lang='lat' dir='ltr'><strong>Notarios</strong></span> <span class='ocrx_word' id='word_1_59' title='bbox 1201 1293 1330 1368; x_wconf 89' lang='lat' dir='ltr'><strong>Palatii</strong></span> <span class='ocrx_word' id='word_1_60' title='bbox 1371 1294 1490 1367; x_wconf 90' lang='lat' dir='ltr'><strong>nostri</strong></span> <span class='ocrx_word' id='word_1_61' title='bbox 1517 1293 1640 1367; x_wconf 89' lang='lat' dir='ltr'><strong>huius·</strong></span> 
     </span>
     <span class='ocr_line' id='line_1_9' title="bbox 140 1415 1641 1514; baseline 0.002 -25"><span class='ocrx_word' id='word_1_62' title='bbox 140 1417 243 1490; x_wconf 92' lang='lat' dir='ltr'><strong>modi</strong></span> <span class='ocrx_word' id='word_1_63' title='bbox 271 1419 306 1489; x_wconf 93' lang='lat' dir='ltr'><strong>in</strong></span> <span class='ocrx_word' id='word_1_64' title='bbox 336 1415 472 1490; x_wconf 90' lang='lat' dir='ltr'><strong>Causis</strong></span> <span class='ocrx_word' id='word_1_65' title='bbox 499 1417 687 1514; x_wconf 89' lang='lat' dir='ltr'><strong>expeditis</strong></span> <span class='ocrx_word' id='word_1_66' title='bbox 715 1442 738 1490; x_wconf 91' lang='lat' dir='ltr'><strong>a</strong></span> <span class='ocrx_word' id='word_1_67' title='bbox 766 1417 865 1492; x_wconf 86' lang='lat' dir='ltr'><strong>dicta</strong></span> <span class='ocrx_word' id='word_1_68' title='bbox 893 1417 955 1490; x_wconf 90' lang='lat' dir='ltr'><strong>die</strong></span> <span class='ocrx_word' id='word_1_69' title='bbox 982 1417 1164 1514; x_wconf 88' lang='lat' dir='ltr'><strong>vigesima</strong></span> <span class='ocrx_word' id='word_1_70' title='bbox 1204 1433 1339 1491; x_wconf 89' lang='lat' dir='ltr'><strong>octava</strong></span> <span class='ocrx_word' id='word_1_71' title='bbox 1375 1417 1501 1514; x_wconf 89' lang='lat' dir='ltr'><strong>aprilis</strong></span> <span class='ocrx_word' id='word_1_72' title='bbox 1537 1443 1641 1514; x_wconf 88' lang='lat' dir='ltr'><strong>prae·</strong></span> 
     </span>
     <span class='ocr_line' id='line_1_10' title="bbox 140 1539 1642 1640; baseline 0.001 -26"><span class='ocrx_word' id='word_1_73' title='bbox 140 1541 229 1615; x_wconf 91' lang='lat' dir='ltr'><strong>dicti</strong></span> <span class='ocrx_word' id='word_1_74' title='bbox 256 1542 342 1614; x_wconf 89' lang='lat' dir='ltr'><strong>anni</strong></span> <span class='ocrx_word' id='word_1_75' title='bbox 379 1539 563 1615; x_wconf 87' lang='lat' dir='ltr'><strong>millesimi</strong></span> <span class='ocrx_word' id='word_1_76' title='bbox 599 1541 924 1638; x_wconf 87' lang='lat' dir='ltr'><strong>septingentesimi</strong></span> <span class='ocrx_word' id='word_1_77' title='bbox 964 1542 1135 1640; x_wconf 89' lang='lat' dir='ltr'><strong>vigesimi</strong></span> <span class='ocrx_word' id='word_1_78' title='bbox 1177 1544 1299 1616; x_wconf 88' lang='lat' dir='ltr'><strong>octavi</strong></span> <span class='ocrx_word' id='word_1_79' title='bbox 1336 1567 1412 1638; x_wconf 89' lang='lat' dir='ltr'><strong>qna</strong></span> <span class='ocrx_word' id='word_1_80' title='bbox 1448 1543 1642 1640; x_wconf 91' lang='lat' dir='ltr'><strong>praedicta</strong></span> 
     </span>
     <span class='ocr_line' id='line_1_11' title="bbox 142 1665 1641 1768; baseline 0.002 -30"><span class='ocrx_word' id='word_1_81' title='bbox 142 1665 373 1740; x_wconf 90' lang='lat' dir='ltr'><strong>Constitutio</strong></span> <span class='ocrx_word' id='word_1_82' title='bbox 411 1667 602 1742; x_wconf 88' lang='lat' dir='ltr'><strong>Benedicti</strong></span> <span class='ocrx_word' id='word_1_83' title='bbox 646 1667 950 1740; x_wconf 89' lang='lat' dir='ltr'><strong>Praedecessoris</strong></span> <span class='ocrx_word' id='word_1_84' title='bbox 992 1668 1180 1741; x_wconf 87' lang='lat' dir='ltr'><strong>emanavit</strong></span> <span class='ocrx_word' id='word_1_85' title='bbox 1212 1667 1364 1742; x_wconf 92' lang='lat' dir='ltr'><strong>omnino</strong></span> <span class='ocrx_word' id='word_1_86' title='bbox 1399 1669 1641 1768; x_wconf 83' lang='lat' dir='ltr'><strong>reiutegrare,</strong></span> 
     </span>
     <span class='ocr_line' id='line_1_12' title="bbox 142 1791 1641 1891; baseline 0.001 -27"><span class='ocrx_word' id='word_1_87' title='bbox 142 1815 267 1886; x_wconf 87' lang='lat' dir='ltr'><strong>eaque</strong></span> <span class='ocrx_word' id='word_1_88' title='bbox 294 1791 416 1865; x_wconf 84' lang='lat' dir='ltr'><strong>Iacere</strong></span> <span class='ocrx_word' id='word_1_89' title='bbox 444 1794 479 1864; x_wconf 88' lang='lat' dir='ltr'><strong>In</strong></span> <span class='ocrx_word' id='word_1_90' title='bbox 509 1793 669 1865; x_wconf 88' lang='lat' dir='ltr'><strong>termino</strong></span> <span class='ocrx_word' id='word_1_91' title='bbox 705 1793 815 1865; x_wconf 86' lang='lat' dir='ltr'><strong>unius</strong></span> <span class='ocrx_word' id='word_1_92' title='bbox 851 1793 937 1866; x_wconf 90' lang='lat' dir='ltr'><strong>anni</strong></span> <span class='ocrx_word' id='word_1_93' title='bbox 973 1815 995 1864; x_wconf 88' lang='lat' dir='ltr'><strong>a</strong></span> <span class='ocrx_word' id='word_1_94' title='bbox 1038 1791 1097 1866; x_wconf 94' lang='lat' dir='ltr'><strong>die</strong></span> <span class='ocrx_word' id='word_1_95' title='bbox 1126 1792 1339 1887; x_wconf 88' lang='lat' dir='ltr'><strong>praesentis</strong></span> <span class='ocrx_word' id='word_1_96' title='bbox 1369 1792 1519 1880; x_wconf 87' lang='lat' dir='ltr'><strong>Statuti,</strong></span> <span class='ocrx_word' id='word_1_97' title='bbox 1563 1818 1641 1891; x_wconf 92' lang='lat' dir='ltr'><strong>quo</strong></span> 
     </span>
     <span class='ocr_line' id='line_1_13' title="bbox 142 1915 1641 2014; baseline 0.003 -26"><span class='ocrx_word' id='word_1_98' title='bbox 142 1915 286 2012; x_wconf 89' lang='lat' dir='ltr'><strong>elapso,</strong></span> <span class='ocrx_word' id='word_1_99' title='bbox 316 1930 355 1990; x_wconf 90' lang='lat' dir='ltr'><strong>et</strong></span> <span class='ocrx_word' id='word_1_100' title='bbox 383 1941 457 1991; x_wconf 91' lang='lat' dir='ltr'><strong>non</strong></span> <span class='ocrx_word' id='word_1_101' title='bbox 485 1915 663 1992; x_wconf 85' lang='lat' dir='ltr'><strong>coniectis</strong></span> <span class='ocrx_word' id='word_1_102' title='bbox 690 1915 872 2014; x_wconf 87' lang='lat' dir='ltr'><strong>regestris</strong></span> <span class='ocrx_word' id='word_1_103' title='bbox 909 1916 1058 1990; x_wconf 86' lang='lat' dir='ltr'><strong>omissis</strong></span> <span class='ocrx_word' id='word_1_104' title='bbox 1092 1915 1292 2013; x_wconf 88' lang='lat' dir='ltr'><strong>praedictis</strong></span> <span class='ocrx_word' id='word_1_105' title='bbox 1327 1916 1534 2006; x_wconf 88' lang='lat' dir='ltr'><strong>Notarium,</strong></span> <span class='ocrx_word' id='word_1_106' title='bbox 1574 1944 1641 1992; x_wconf 90' lang='lat' dir='ltr'><strong>seu</strong></span> 
     </span>
     <span class='ocr_line' id='line_1_14' title="bbox 144 2040 1648 2138; baseline 0.003 -26"><span class='ocrx_word' id='word_1_107' title='bbox 144 2040 334 2126; x_wconf 91' lang='lat' dir='ltr'><strong>Notarios,</strong></span> <span class='ocrx_word' id='word_1_108' title='bbox 364 2043 427 2138; x_wconf 92' lang='lat' dir='ltr'><strong>qui</strong></span> <span class='ocrx_word' id='word_1_109' title='bbox 456 2041 660 2116; x_wconf 90' lang='lat' dir='ltr'><strong>deIecerint</strong></span> <span class='ocrx_word' id='word_1_110' title='bbox 677 2041 713 2114; x_wconf 93' lang='lat' dir='ltr'><strong>in</strong></span> <span class='ocrx_word' id='word_1_111' title='bbox 742 2042 873 2115; x_wconf 88' lang='lat' dir='ltr'><strong>decem</strong></span> <span class='ocrx_word' id='word_1_112' title='bbox 893 2042 1007 2115; x_wconf 89' lang='lat' dir='ltr'><strong>scutis</strong></span> <span class='ocrx_word' id='word_1_113' title='bbox 1035 2043 1159 2115; x_wconf 89' lang='lat' dir='ltr'><strong>aureis</strong></span> <span class='ocrx_word' id='word_1_114' title='bbox 1188 2064 1258 2136; x_wconf 92' lang='lat' dir='ltr'><strong>pro</strong></span> <span class='ocrx_word' id='word_1_115' title='bbox 1278 2043 1445 2138; x_wconf 88' lang='lat' dir='ltr'><strong>quolibet</strong></span> <span class='ocrx_word' id='word_1_116' title='bbox 1464 2043 1524 2116; x_wconf 89' lang='lat' dir='ltr'><strong>die</strong></span> <span class='ocrx_word' id='word_1_117' title='bbox 1544 2043 1648 2117; x_wconf 88' lang='lat' dir='ltr'><strong>Con--</strong></span> 
     </span>
     <span class='ocr_line' id='line_1_15' title="bbox 141 2165 1641 2264; baseline 0.001 -25"><span class='ocrx_word' id='word_1_118' title='bbox 141 2165 354 2264; x_wconf 88' lang='lat' dir='ltr'><strong>gregationi</strong></span> <span class='ocrx_word' id='word_1_119' title='bbox 383 2166 510 2240; x_wconf 88' lang='lat' dir='ltr'><strong>Sancti</strong></span> <span class='ocrx_word' id='word_1_120' title='bbox 540 2165 760 2262; x_wconf 90' lang='lat' dir='ltr'><strong>Hieronymi</strong></span> <span class='ocrx_word' id='word_1_121' title='bbox 789 2165 992 2240; x_wconf 90' lang='lat' dir='ltr'><strong>Charitatis</strong></span> <span class='ocrx_word' id='word_1_122' title='bbox 1019 2165 1067 2239; x_wconf 90' lang='lat' dir='ltr'><strong>de</strong></span> <span class='ocrx_word' id='word_1_123' title='bbox 1106 2165 1211 2240; x_wconf 89' lang='lat' dir='ltr'><strong>Urbe</strong></span> <span class='ocrx_word' id='word_1_124' title='bbox 1245 2167 1395 2264; x_wconf 88' lang='lat' dir='ltr'><strong>gravari</strong></span> <span class='ocrx_word' id='word_1_125' title='bbox 1432 2168 1641 2264; x_wconf 89' lang='lat' dir='ltr'><strong>respective</strong></span> 
     </span>
     <span class='ocr_line' id='line_1_16' title="bbox 143 2289 1641 2390; baseline 0.002 -27"><span class='ocrx_word' id='word_1_126' title='bbox 143 2291 362 2376; x_wconf 89' lang='lat' dir='ltr'><strong>decreverit,</strong></span> <span class='ocrx_word' id='word_1_127' title='bbox 392 2307 431 2364; x_wconf 92' lang='lat' dir='ltr'><strong>et</strong></span> <span class='ocrx_word' id='word_1_128' title='bbox 459 2291 655 2366; x_wconf 89' lang='lat' dir='ltr'><strong>censuerit.</strong></span> <span class='ocrx_word' id='word_1_129' title='bbox 686 2290 825 2364; x_wconf 88' lang='lat' dir='ltr'><strong>Iterum</strong></span> <span class='ocrx_word' id='word_1_130' title='bbox 853 2315 945 2364; x_wconf 90' lang='lat' dir='ltr'><strong>vero</strong></span> <span class='ocrx_word' id='word_1_131' title='bbox 973 2289 1166 2388; x_wconf 88' lang='lat' dir='ltr'><strong>praedicta</strong></span> <span class='ocrx_word' id='word_1_132' title='bbox 1194 2289 1454 2390; x_wconf 88' lang='lat' dir='ltr'><strong>Congregatio</strong></span> <span class='ocrx_word' id='word_1_133' title='bbox 1481 2295 1553 2366; x_wconf 93' lang='lat' dir='ltr'><strong>sub</strong></span> <span class='ocrx_word' id='word_1_134' title='bbox 1580 2293 1641 2366; x_wconf 90' lang='lat' dir='ltr'><strong>die</strong></span> 
     </span>
     <span class='ocr_line' id='line_1_17' title="bbox 142 2414 1642 2515; baseline 0.001 -27"><span class='ocrx_word' id='word_1_135' title='bbox 142 2438 241 2489; x_wconf 91' lang='lat' dir='ltr'><strong>nona</strong></span> <span class='ocrx_word' id='word_1_136' title='bbox 270 2415 408 2489; x_wconf 90' lang='lat' dir='ltr'><strong>mensis</strong></span> <span class='ocrx_word' id='word_1_137' title='bbox 436 2415 662 2512; x_wconf 85' lang='lat' dir='ltr'><strong>septembris</strong></span> <span class='ocrx_word' id='word_1_138' title='bbox 690 2417 775 2490; x_wconf 90' lang='lat' dir='ltr'><strong>anni</strong></span> <span class='ocrx_word' id='word_1_139' title='bbox 812 2415 981 2489; x_wconf 90' lang='lat' dir='ltr'><strong>eiusdem</strong></span> <span class='ocrx_word' id='word_1_140' title='bbox 1018 2414 1170 2489; x_wconf 89' lang='lat' dir='ltr'><strong>Domini</strong></span> <span class='ocrx_word' id='word_1_141' title='bbox 1206 2414 1391 2490; x_wconf 92' lang='lat' dir='ltr'><strong>millesimi</strong></span> <span class='ocrx_word' id='word_1_142' title='bbox 1428 2416 1642 2515; x_wconf 88' lang='lat' dir='ltr'><strong>septingen-</strong></span> 
     </span>
     <span class='ocr_line' id='line_1_18' title="bbox 142 2541 1642 2638; baseline 0 -24"><span class='ocrx_word' id='word_1_143' title='bbox 142 2541 266 2614; x_wconf 89' lang='lat' dir='ltr'><strong>tesimi</strong></span> <span class='ocrx_word' id='word_1_144' title='bbox 294 2541 477 2638; x_wconf 88' lang='lat' dir='ltr'><strong>trigesimi</strong></span> <span class='ocrx_word' id='word_1_145' title='bbox 504 2541 654 2636; x_wconf 89' lang='lat' dir='ltr'><strong>septimi</strong></span> <span class='ocrx_word' id='word_1_146' title='bbox 682 2543 903 2627; x_wconf 88' lang='lat' dir='ltr'><strong>coadunata,</strong></span> <span class='ocrx_word' id='word_1_147' title='bbox 923 2541 1185 2636; x_wconf 89' lang='lat' dir='ltr'><strong>adiunctisque</strong></span> <span class='ocrx_word' id='word_1_148' title='bbox 1212 2542 1262 2614; x_wconf 90' lang='lat' dir='ltr'><strong>ad</strong></span> <span class='ocrx_word' id='word_1_149' title='bbox 1280 2542 1502 2636; x_wconf 88' lang='lat' dir='ltr'><strong>petitionem</strong></span> <span class='ocrx_word' id='word_1_150' title='bbox 1522 2541 1642 2615; x_wconf 89' lang='lat' dir='ltr'><strong>Nota-</strong></span> 
     </span>
     <span class='ocr_line' id='line_1_19' title="bbox 143 2664 1641 2763; baseline 0.002 -25"><span class='ocrx_word' id='word_1_151' title='bbox 143 2664 282 2738; x_wconf 92' lang='lat' dir='ltr'><strong>riorum</strong></span> <span class='ocrx_word' id='word_1_152' title='bbox 324 2664 602 2762; x_wconf 89' lang='lat' dir='ltr'><strong>praedictorum</strong></span> <span class='ocrx_word' id='word_1_153' title='bbox 644 2691 714 2763; x_wconf 94' lang='lat' dir='ltr'><strong>pro</strong></span> <span class='ocrx_word' id='word_1_154' title='bbox 753 2666 936 2739; x_wconf 88' lang='lat' dir='ltr'><strong>Camerae</strong></span> <span class='ocrx_word' id='word_1_155' title='bbox 978 2681 1130 2738; x_wconf 89' lang='lat' dir='ltr'><strong>nostrae</strong></span> <span class='ocrx_word' id='word_1_156' title='bbox 1169 2666 1414 2762; x_wconf 87' lang='lat' dir='ltr'><strong>Apostolicae</strong></span> <span class='ocrx_word' id='word_1_157' title='bbox 1458 2669 1641 2741; x_wconf 86' lang='lat' dir='ltr'><strong>interesse</strong></span> 
     </span>
     <span class='ocr_line' id='line_1_20' title="bbox 141 2787 1533 2886; baseline 0.003 -24"><span class='ocrx_word' id='word_1_158' title='bbox 141 2787 395 2864; x_wconf 88' lang='lat' dir='ltr'><strong>Thesaurario</strong></span> <span class='ocrx_word' id='word_1_159' title='bbox 421 2791 591 2864; x_wconf 91' lang='lat' dir='ltr'><strong>eiusdem</strong></span> <span class='ocrx_word' id='word_1_160' title='bbox 619 2789 805 2864; x_wconf 89' lang='lat' dir='ltr'><strong>Camerae</strong></span> <span class='ocrx_word' id='word_1_161' title='bbox 833 2789 1019 2875; x_wconf 90' lang='lat' dir='ltr'><strong>Generali,</strong></span> <span class='ocrx_word' id='word_1_162' title='bbox 1051 2788 1224 2886; x_wconf 89' lang='lat' dir='ltr'><strong>illiusque</strong></span> <span class='ocrx_word' id='word_1_163' title='bbox 1251 2789 1533 2867; x_wconf 79' lang='lat' dir='ltr'><strong>Commissario</strong></span> 
     </span>
    </p>

    <p class='ocr_par' dir='ltr' id='par_1_4' title="bbox 138 2913 1645 4510">
     <span class='ocr_line' id='line_1_21' title="bbox 223 2913 1639 3014; baseline 0 -26"><span class='ocrx_word' id='word_1_164' title='bbox 223 2915 365 2990; x_wconf 88' lang='lat' dir='ltr'><strong>Tertio.</strong></span> <span class='ocrx_word' id='word_1_165' title='bbox 396 2957 422 2970; x_wconf 89' lang='lat'>-</span> <span class='ocrx_word' id='word_1_166' title='bbox 450 2915 639 3014; x_wconf 84' lang='lat' dir='ltr'><strong>Regestra</strong></span> <span class='ocrx_word' id='word_1_167' title='bbox 666 2917 913 3010; x_wconf 84' lang='lat' dir='ltr'><strong>imposterum</strong></span> <span class='ocrx_word' id='word_1_168' title='bbox 943 2916 979 2987; x_wconf 92' lang='lat' dir='ltr'><strong>in</strong></span> <span class='ocrx_word' id='word_1_169' title='bbox 1006 2929 1092 2988; x_wconf 86' lang='lat' dir='ltr'><strong>actu</strong></span> <span class='ocrx_word' id='word_1_170' title='bbox 1129 2913 1378 3012; x_wconf 84' lang='lat' dir='ltr'><strong>expeditionis</strong></span> <span class='ocrx_word' id='word_1_171' title='bbox 1417 2915 1639 2996; x_wconf 86' lang='lat' dir='ltr'><strong>Causarum,</strong></span> 
     </span>
     <span class='ocr_line' id='line_1_22' title="bbox 138 3037 1643 3136; baseline -0.001 -24"><span class='ocrx_word' id='word_1_172' title='bbox 138 3037 201 3112; x_wconf 92' lang='lat' dir='ltr'><strong>vel</strong></span> <span class='ocrx_word' id='word_1_173' title='bbox 229 3040 278 3112; x_wconf 92' lang='lat' dir='ltr'><strong>ad</strong></span> <span class='ocrx_word' id='word_1_174' title='bbox 307 3039 469 3113; x_wconf 89' lang='lat' dir='ltr'><strong>Partium</strong></span> <span class='ocrx_word' id='word_1_175' title='bbox 499 3039 780 3136; x_wconf 87' lang='lat' dir='ltr'><strong>requisitionem</strong></span> <span class='ocrx_word' id='word_1_176' title='bbox 808 3039 977 3113; x_wconf 86' lang='lat' dir='ltr'><strong>facienda</strong></span> <span class='ocrx_word' id='word_1_177' title='bbox 1005 3063 1102 3124; x_wconf 88' lang='lat' dir='ltr'><strong>esse,</strong></span> <span class='ocrx_word' id='word_1_178' title='bbox 1123 3053 1162 3112; x_wconf 86' lang='lat' dir='ltr'><strong>et</strong></span> <span class='ocrx_word' id='word_1_179' title='bbox 1190 3040 1225 3112; x_wconf 93' lang='lat' dir='ltr'><strong>in</strong></span> <span class='ocrx_word' id='word_1_180' title='bbox 1246 3053 1408 3134; x_wconf 90' lang='lat' dir='ltr'><strong>utroque</strong></span> <span class='ocrx_word' id='word_1_181' title='bbox 1427 3065 1516 3112; x_wconf 89' lang='lat' dir='ltr'><strong>casu</strong></span> <span class='ocrx_word' id='word_1_182' title='bbox 1545 3065 1643 3114; x_wconf 90' lang='lat' dir='ltr'><strong>mer-</strong></span> 
     </span>
     <span class='ocr_line' id='line_1_23' title="bbox 142 3163 1643 3264; baseline 0 -26"><span class='ocrx_word' id='word_1_183' title='bbox 142 3163 273 3238; x_wconf 90' lang='lat' dir='ltr'><strong>cedem</strong></span> <span class='ocrx_word' id='word_1_184' title='bbox 303 3181 448 3238; x_wconf 90' lang='lat' dir='ltr'><strong>tantum</strong></span> <span class='ocrx_word' id='word_1_185' title='bbox 477 3164 616 3251; x_wconf 89' lang='lat' dir='ltr'><strong>deberi,</strong></span> <span class='ocrx_word' id='word_1_186' title='bbox 646 3177 686 3238; x_wconf 89' lang='lat' dir='ltr'><strong>et</strong></span> <span class='ocrx_word' id='word_1_187' title='bbox 713 3165 864 3238; x_wconf 89' lang='lat' dir='ltr'><strong>demum</strong></span> <span class='ocrx_word' id='word_1_188' title='bbox 893 3164 1070 3238; x_wconf 89' lang='lat' dir='ltr'><strong>adiuncto</strong></span> <span class='ocrx_word' id='word_1_189' title='bbox 1097 3163 1234 3238; x_wconf 90' lang='lat' dir='ltr'><strong>dilecto</strong></span> <span class='ocrx_word' id='word_1_190' title='bbox 1262 3163 1402 3260; x_wconf 87' lang='lat' dir='ltr'><strong>pariter</strong></span> <span class='ocrx_word' id='word_1_191' title='bbox 1420 3163 1495 3238; x_wconf 90' lang='lat' dir='ltr'><strong>filio</strong></span> <span class='ocrx_word' id='word_1_192' title='bbox 1524 3166 1643 3264; x_wconf 91' lang='lat' dir='ltr'><strong>Magi-</strong></span> 
     </span>
     <span class='ocr_line' id='line_1_24' title="bbox 141 3287 1643 3388; baseline -0.001 -24"><span class='ocrx_word' id='word_1_193' title='bbox 141 3306 223 3364; x_wconf 91' lang='lat' dir='ltr'><strong>stro</strong></span> <span class='ocrx_word' id='word_1_194' title='bbox 252 3288 391 3364; x_wconf 88' lang='lat' dir='ltr'><strong>Carolo</strong></span> <span class='ocrx_word' id='word_1_195' title='bbox 420 3289 638 3388; x_wconf 90' lang='lat' dir='ltr'><strong>Calcagnini</strong></span> <span class='ocrx_word' id='word_1_196' title='bbox 666 3289 836 3364; x_wconf 88' lang='lat' dir='ltr'><strong>eiusdem</strong></span> <span class='ocrx_word' id='word_1_197' title='bbox 869 3289 1054 3364; x_wconf 87' lang='lat' dir='ltr'><strong>Auditorii</strong></span> <span class='ocrx_word' id='word_1_198' title='bbox 1086 3289 1284 3376; x_wconf 87' lang='lat' dir='ltr'><strong>Auditore,</strong></span> <span class='ocrx_word' id='word_1_199' title='bbox 1319 3305 1357 3363; x_wconf 90' lang='lat' dir='ltr'><strong>et</strong></span> <span class='ocrx_word' id='word_1_200' title='bbox 1390 3287 1643 3387; x_wconf 87' lang='lat' dir='ltr'><strong>CappeIIano-</strong></span> 
     </span>
     <span class='ocr_line' id='line_1_25' title="bbox 142 3412 1643 3514; baseline -0.001 -24"><span class='ocrx_word' id='word_1_201' title='bbox 142 3443 227 3491; x_wconf 92' lang='lat' dir='ltr'><strong>sum</strong></span> <span class='ocrx_word' id='word_1_202' title='bbox 243 3432 455 3490; x_wconf 90' lang='lat' dir='ltr'><strong>nostrorum</strong></span> <span class='ocrx_word' id='word_1_203' title='bbox 470 3415 634 3499; x_wconf 89' lang='lat' dir='ltr'><strong>Decano,</strong></span> <span class='ocrx_word' id='word_1_204' title='bbox 651 3415 865 3510; x_wconf 89' lang='lat' dir='ltr'><strong>eodemque</strong></span> <span class='ocrx_word' id='word_1_205' title='bbox 879 3414 1160 3497; x_wconf 89' lang='lat' dir='ltr'><strong>interveniente,</strong></span> <span class='ocrx_word' id='word_1_206' title='bbox 1179 3412 1437 3514; x_wconf 89' lang='lat' dir='ltr'><strong>Congregatio</strong></span> <span class='ocrx_word' id='word_1_207' title='bbox 1451 3416 1643 3512; x_wconf 86' lang='lat' dir='ltr'><strong>praedicta</strong></span> 
     </span>
     <span class='ocr_line' id='line_1_26' title="bbox 141 3523 1645 3638; baseline 0 -23"><span class='ocrx_word' id='word_1_208' title='bbox 141 3523 204 3615; x_wconf 86' lang='lat' dir='ltr'><strong>die</strong></span> <span class='ocrx_word' id='word_1_209' title='bbox 232 3555 367 3637; x_wconf 90' lang='lat' dir='ltr'><strong>quarta</strong></span> <span class='ocrx_word' id='word_1_210' title='bbox 394 3540 606 3636; x_wconf 89' lang='lat' dir='ltr'><strong>praesentis</strong></span> <span class='ocrx_word' id='word_1_211' title='bbox 634 3540 774 3620; x_wconf 86' lang='lat' dir='ltr'><strong>mensis</strong></span> <span class='ocrx_word' id='word_1_212' title='bbox 804 3539 968 3623; x_wconf 80' lang='lat' dir='ltr'><strong>Ianuarii,</strong></span> <span class='ocrx_word' id='word_1_213' title='bbox 1000 3539 1259 3635; x_wconf 86' lang='lat' dir='ltr'><strong>reassumptis,</strong></span> <span class='ocrx_word' id='word_1_214' title='bbox 1282 3541 1553 3638; x_wconf 87' lang='lat' dir='ltr'><strong>perpensisque</strong></span> <span class='ocrx_word' id='word_1_215' title='bbox 1573 3543 1645 3615; x_wconf 92' lang='lat' dir='ltr'><strong>sub</strong></span> 
     </span>
     <span class='ocr_line' id='line_1_27' title="bbox 143 3663 1644 3759; baseline 0.001 -21"><span class='ocrx_word' id='word_1_216' title='bbox 143 3681 293 3738; x_wconf 89' lang='lat' dir='ltr'><strong>maturo</strong></span> <span class='ocrx_word' id='word_1_217' title='bbox 319 3666 485 3738; x_wconf 87' lang='lat' dir='ltr'><strong>omnium</strong></span> <span class='ocrx_word' id='word_1_218' title='bbox 514 3666 684 3737; x_wconf 87' lang='lat' dir='ltr'><strong>examine</strong></span> <span class='ocrx_word' id='word_1_219' title='bbox 705 3678 785 3736; x_wconf 89' lang='lat' dir='ltr'><strong>tum</strong></span> <span class='ocrx_word' id='word_1_220' title='bbox 805 3663 1007 3759; x_wconf 88' lang='lat' dir='ltr'><strong>praedictis</strong></span> <span class='ocrx_word' id='word_1_221' title='bbox 1026 3663 1326 3747; x_wconf 88' lang='lat' dir='ltr'><strong>resolutionibus,</strong></span> <span class='ocrx_word' id='word_1_222' title='bbox 1348 3678 1427 3737; x_wconf 92' lang='lat' dir='ltr'><strong>tum</strong></span> <span class='ocrx_word' id='word_1_223' title='bbox 1457 3665 1644 3739; x_wconf 90' lang='lat' dir='ltr'><strong>nonnullis</strong></span> 
     </span>
     <span class='ocr_line' id='line_1_28' title="bbox 141 3787 1641 3885; baseline 0.001 -22"><span class='ocrx_word' id='word_1_224' title='bbox 141 3789 225 3864; x_wconf 89' lang='lat' dir='ltr'><strong>aliis</strong></span> <span class='ocrx_word' id='word_1_225' title='bbox 252 3790 301 3862; x_wconf 92' lang='lat' dir='ltr'><strong>ad</strong></span> <span class='ocrx_word' id='word_1_226' title='bbox 333 3789 504 3862; x_wconf 88' lang='lat' dir='ltr'><strong>diversos</strong></span> <span class='ocrx_word' id='word_1_227' title='bbox 541 3789 697 3863; x_wconf 81' lang='lat' dir='ltr'><strong>effectus</strong></span> <span class='ocrx_word' id='word_1_228' title='bbox 735 3788 1007 3885; x_wconf 88' lang='lat' dir='ltr'><strong>praecedenter</strong></span> <span class='ocrx_word' id='word_1_229' title='bbox 1037 3787 1203 3884; x_wconf 90' lang='lat' dir='ltr'><strong>acceptis</strong></span> <span class='ocrx_word' id='word_1_230' title='bbox 1239 3803 1315 3861; x_wconf 86' lang='lat' dir='ltr'><strong>tam</strong></span> <span class='ocrx_word' id='word_1_231' title='bbox 1353 3789 1389 3861; x_wconf 90' lang='lat' dir='ltr'><strong>in</strong></span> <span class='ocrx_word' id='word_1_232' title='bbox 1427 3791 1641 3885; x_wconf 89' lang='lat' dir='ltr'><strong>praedictis,</strong></span> 
     </span>
     <span class='ocr_line' id='line_1_29' title="bbox 142 3912 1645 4011; baseline 0.001 -25"><span class='ocrx_word' id='word_1_233' title='bbox 142 3939 257 4011; x_wconf 90' lang='lat' dir='ltr'><strong>quam</strong></span> <span class='ocrx_word' id='word_1_234' title='bbox 286 3915 398 3988; x_wconf 86' lang='lat' dir='ltr'><strong>etiam</strong></span> <span class='ocrx_word' id='word_1_235' title='bbox 426 3913 462 3987; x_wconf 91' lang='lat' dir='ltr'><strong>in</strong></span> <span class='ocrx_word' id='word_1_236' title='bbox 489 3913 572 3988; x_wconf 90' lang='lat' dir='ltr'><strong>aliis</strong></span> <span class='ocrx_word' id='word_1_237' title='bbox 602 3912 971 4011; x_wconf 84' lang='lat' dir='ltr'><strong>Congregationibus</strong></span> <span class='ocrx_word' id='word_1_238' title='bbox 1000 3913 1222 3986; x_wconf 90' lang='lat' dir='ltr'><strong>intermedio</strong></span> <span class='ocrx_word' id='word_1_239' title='bbox 1241 3929 1413 4009; x_wconf 91' lang='lat' dir='ltr'><strong>tempore</strong></span> <span class='ocrx_word' id='word_1_240' title='bbox 1432 3913 1567 3987; x_wconf 87' lang='lat' dir='ltr'><strong>habitis</strong></span> <span class='ocrx_word' id='word_1_241' title='bbox 1596 3915 1645 3987; x_wconf 91' lang='lat' dir='ltr'><strong>ad</strong></span> 
     </span>
     <span class='ocr_line' id='line_1_30' title="bbox 142 4037 1643 4135; baseline -0.001 -23"><span class='ocrx_word' id='word_1_242' title='bbox 142 4041 323 4113; x_wconf 90' lang='lat' dir='ltr'><strong>maiorem</strong></span> <span class='ocrx_word' id='word_1_243' title='bbox 353 4039 594 4113; x_wconf 90' lang='lat' dir='ltr'><strong>Notariorum</strong></span> <span class='ocrx_word' id='word_1_244' title='bbox 624 4038 811 4111; x_wconf 84' lang='lat' dir='ltr'><strong>Auditorii</strong></span> <span class='ocrx_word' id='word_1_245' title='bbox 838 4039 1008 4134; x_wconf 83' lang='lat' dir='ltr'><strong>praelati,</strong></span> <span class='ocrx_word' id='word_1_246' title='bbox 1037 4063 1081 4112; x_wconf 90' lang='lat' dir='ltr'><strong>ac</strong></span> <span class='ocrx_word' id='word_1_247' title='bbox 1099 4037 1324 4135; x_wconf 86' lang='lat' dir='ltr'><strong>litigantium</strong></span> <span class='ocrx_word' id='word_1_248' title='bbox 1361 4037 1643 4112; x_wconf 89' lang='lat' dir='ltr'><strong>indemnitatem</strong></span> 
     </span>
     <span class='ocr_line' id='line_1_31' title="bbox 144 4161 1645 4259; baseline -0.002 -20"><span class='ocrx_word' id='word_1_249' title='bbox 144 4165 349 4240; x_wconf 88' lang='lat' dir='ltr'><strong>recesserit</strong></span> <span class='ocrx_word' id='word_1_250' title='bbox 375 4189 398 4236; x_wconf 90' lang='lat' dir='ltr'><strong>a</strong></span> <span class='ocrx_word' id='word_1_251' title='bbox 426 4163 572 4238; x_wconf 90' lang='lat' dir='ltr'><strong>decisis.</strong></span> <span class='ocrx_word' id='word_1_252' title='bbox 603 4161 692 4256; x_wconf 86' lang='lat' dir='ltr'><strong>Quo</strong></span> <span class='ocrx_word' id='word_1_253' title='bbox 719 4187 811 4236; x_wconf 89' lang='lat' dir='ltr'><strong>vero</strong></span> <span class='ocrx_word' id='word_1_254' title='bbox 852 4163 901 4237; x_wconf 90' lang='lat' dir='ltr'><strong>ad</strong></span> <span class='ocrx_word' id='word_1_255' title='bbox 929 4179 1080 4237; x_wconf 87' lang='lat' dir='ltr'><strong>caetera</strong></span> <span class='ocrx_word' id='word_1_256' title='bbox 1116 4163 1188 4236; x_wconf 89' lang='lat' dir='ltr'><strong>alia</strong></span> <span class='ocrx_word' id='word_1_257' title='bbox 1224 4164 1397 4259; x_wconf 88' lang='lat' dir='ltr'><strong>superius</strong></span> <span class='ocrx_word' id='word_1_258' title='bbox 1435 4185 1510 4236; x_wconf 91' lang='lat' dir='ltr'><strong>non</strong></span> <span class='ocrx_word' id='word_1_259' title='bbox 1542 4185 1645 4236; x_wconf 87' lang='lat' dir='ltr'><strong>reas·</strong></span> 
     </span>
     <span class='ocr_line' id='line_1_32' title="bbox 143 4287 1645 4384; baseline -0.001 -21"><span class='ocrx_word' id='word_1_260' title='bbox 143 4303 307 4384; x_wconf 89' lang='lat' dir='ltr'><strong>sumpta,</strong></span> <span class='ocrx_word' id='word_1_261' title='bbox 336 4302 377 4361; x_wconf 88' lang='lat' dir='ltr'><strong>et</strong></span> <span class='ocrx_word' id='word_1_262' title='bbox 405 4311 479 4361; x_wconf 93' lang='lat' dir='ltr'><strong>non</strong></span> <span class='ocrx_word' id='word_1_263' title='bbox 508 4311 701 4384; x_wconf 85' lang='lat' dir='ltr'><strong>expressa,</strong></span> <span class='ocrx_word' id='word_1_264' title='bbox 724 4302 763 4361; x_wconf 90' lang='lat' dir='ltr'><strong>et</strong></span> <span class='ocrx_word' id='word_1_265' title='bbox 790 4289 826 4360; x_wconf 94' lang='lat' dir='ltr'><strong>in</strong></span> <span class='ocrx_word' id='word_1_266' title='bbox 855 4287 1009 4383; x_wconf 89' lang='lat' dir='ltr'><strong>reliquis</strong></span> <span class='ocrx_word' id='word_1_267' title='bbox 1037 4287 1275 4384; x_wconf 89' lang='lat' dir='ltr'><strong>persistendo</strong></span> <span class='ocrx_word' id='word_1_268' title='bbox 1294 4288 1329 4360; x_wconf 95' lang='lat' dir='ltr'><strong>in</strong></span> <span class='ocrx_word' id='word_1_269' title='bbox 1349 4287 1496 4374; x_wconf 87' lang='lat' dir='ltr'><strong>decisis,</strong></span> <span class='ocrx_word' id='word_1_270' title='bbox 1518 4289 1645 4384; x_wconf 91' lang='lat' dir='ltr'><strong>quoad</strong></span> 
     </span>
     <span class='ocr_line' id='line_1_33' title="bbox 144 4411 648 4510; baseline 0.002 -23"><span class='ocrx_word' id='word_1_271' title='bbox 144 4411 396 4488; x_wconf 86' lang='lat' dir='ltr'><strong>resolutiones</strong></span> <span class='ocrx_word' id='word_1_272' title='bbox 425 4414 648 4510; x_wconf 88' lang='lat' dir='ltr'><strong>praedictas.</strong></span> 
     </span>
    </p>

    <p class='ocr_par' dir='ltr' id='par_1_5' title="bbox 142 4535 1647 5364">
     <span class='ocr_line' id='line_1_34' title="bbox 225 4535 1644 4636; baseline -0.002 -25"><span class='ocrx_word' id='word_1_273' title='bbox 225 4536 382 4631; x_wconf 82' lang='lat' dir='ltr'><strong>Quarto.</strong></span> <span class='ocrx_word' id='word_1_274' title='bbox 412 4535 605 4632; x_wconf 87' lang='lat' dir='ltr'><strong>-Quoad</strong></span> <span class='ocrx_word' id='word_1_275' title='bbox 634 4551 806 4636; x_wconf 86' lang='lat' dir='ltr'><strong>regestra</strong></span> <span class='ocrx_word' id='word_1_276' title='bbox 846 4535 1025 4619; x_wconf 80' lang='lat' dir='ltr'><strong>formalia,</strong></span> <span class='ocrx_word' id='word_1_277' title='bbox 1067 4561 1134 4610; x_wconf 88' lang='lat' dir='ltr'><strong>seu</strong></span> <span class='ocrx_word' id='word_1_278' title='bbox 1172 4535 1424 4610; x_wconf 88' lang='lat' dir='ltr'><strong>Instrumenta</strong></span> <span class='ocrx_word' id='word_1_279' title='bbox 1460 4537 1644 4610; x_wconf 90' lang='lat' dir='ltr'><strong>Actorum</strong></span> 
     </span>
     <span class='ocr_line' id='line_1_35' title="bbox 142 4661 1645 4760; baseline -0.001 -22"><span class='ocrx_word' id='word_1_280' title='bbox 142 4664 239 4738; x_wconf 85' lang='lat' dir='ltr'><strong>facta</strong></span> <span class='ocrx_word' id='word_1_281' title='bbox 268 4687 338 4760; x_wconf 90' lang='lat' dir='ltr'><strong>per</strong></span> <span class='ocrx_word' id='word_1_282' title='bbox 363 4661 533 4737; x_wconf 88' lang='lat' dir='ltr'><strong>eiusdem</strong></span> <span class='ocrx_word' id='word_1_283' title='bbox 563 4662 750 4736; x_wconf 88' lang='lat' dir='ltr'><strong>Auditorii</strong></span> <span class='ocrx_word' id='word_1_284' title='bbox 780 4662 970 4748; x_wconf 89' lang='lat' dir='ltr'><strong>Notarios,</strong></span> <span class='ocrx_word' id='word_1_285' title='bbox 1000 4661 1046 4734; x_wconf 86' lang='lat' dir='ltr'><strong>in‘</strong></span> <span class='ocrx_word' id='word_1_286' title='bbox 1065 4661 1190 4736; x_wconf 90' lang='lat' dir='ltr'><strong>causis</strong></span> <span class='ocrx_word' id='word_1_287' title='bbox 1217 4662 1290 4734; x_wconf 89' lang='lat' dir='ltr'><strong>iam</strong></span> <span class='ocrx_word' id='word_1_288' title='bbox 1319 4661 1554 4747; x_wconf 87' lang='lat' dir='ltr'><strong>renunciatis,</strong></span> <span class='ocrx_word' id='word_1_289' title='bbox 1585 4661 1645 4736; x_wconf 88' lang='lat' dir='ltr'><strong>vel</strong></span> 
     </span>
     <span class='ocr_line' id='line_1_36' title="bbox 144 4786 1647 4884; baseline -0.003 -19"><span class='ocrx_word' id='word_1_290' title='bbox 144 4788 355 4875; x_wconf 88' lang='lat' dir='ltr'><strong>transactis,</strong></span> <span class='ocrx_word' id='word_1_291' title='bbox 385 4789 666 4884; x_wconf 88' lang='lat' dir='ltr'><strong>comprehensis</strong></span> <span class='ocrx_word' id='word_1_292' title='bbox 693 4789 806 4863; x_wconf 89' lang='lat' dir='ltr'><strong>etiam</strong></span> <span class='ocrx_word' id='word_1_293' title='bbox 848 4786 918 4863; x_wconf 87' lang='lat' dir='ltr'><strong>illis</strong></span> <span class='ocrx_word' id='word_1_294' title='bbox 954 4787 1061 4862; x_wconf 86' lang='lat' dir='ltr'><strong>Iactis</strong></span> <span class='ocrx_word' id='word_1_295' title='bbox 1102 4813 1125 4862; x_wconf 91' lang='lat' dir='ltr'><strong>a</strong></span> <span class='ocrx_word' id='word_1_296' title='bbox 1167 4788 1228 4861; x_wconf 92' lang='lat' dir='ltr'><strong>die</strong></span> <span class='ocrx_word' id='word_1_297' title='bbox 1268 4788 1451 4884; x_wconf 87' lang='lat' dir='ltr'><strong>vigesima</strong></span> <span class='ocrx_word' id='word_1_298' title='bbox 1486 4789 1647 4884; x_wconf 89' lang='lat' dir='ltr'><strong>septima</strong></span> 
     </span>
     <span class='ocr_line' id='line_1_37' title="bbox 142 4911 1647 5010; baseline -0.001 -22"><span class='ocrx_word' id='word_1_299' title='bbox 142 4915 285 4988; x_wconf 88' lang='lat' dir='ltr'><strong>mensis</strong></span> <span class='ocrx_word' id='word_1_300' title='bbox 312 4913 466 4987; x_wconf 90' lang='lat' dir='ltr'><strong>ianuarii</strong></span> <span class='ocrx_word' id='word_1_301' title='bbox 494 4913 582 4985; x_wconf 90' lang='lat' dir='ltr'><strong>anni</strong></span> <span class='ocrx_word' id='word_1_302' title='bbox 610 4913 793 4988; x_wconf 90' lang='lat' dir='ltr'><strong>millesimi</strong></span> <span class='ocrx_word' id='word_1_303' title='bbox 813 4911 1138 5010; x_wconf 88' lang='lat' dir='ltr'><strong>septingentesimi</strong></span> <span class='ocrx_word' id='word_1_304' title='bbox 1166 4911 1348 5008; x_wconf 87' lang='lat' dir='ltr'><strong>trigesimi</strong></span> <span class='ocrx_word' id='word_1_305' title='bbox 1377 4911 1496 5008; x_wconf 93' lang='lat' dir='ltr'><strong>quinti</strong></span> <span class='ocrx_word' id='word_1_306' title='bbox 1526 4935 1647 5008; x_wconf 89' lang='lat' dir='ltr'><strong>usque</strong></span> 
     </span>
     <span class='ocr_line' id='line_1_38' title="bbox 143 5035 1646 5134; baseline -0.003 -19"><span class='ocrx_word' id='word_1_307' title='bbox 143 5037 195 5115; x_wconf 92' lang='lat' dir='ltr'><strong>ad</strong></span> <span class='ocrx_word' id='word_1_308' title='bbox 221 5037 321 5112; x_wconf 92' lang='lat' dir='ltr'><strong>diem</strong></span> <span class='ocrx_word' id='word_1_309' title='bbox 350 5059 487 5111; x_wconf 90' lang='lat' dir='ltr'><strong>nonam</strong></span> <span class='ocrx_word' id='word_1_310' title='bbox 518 5037 659 5111; x_wconf 88' lang='lat' dir='ltr'><strong>mensis</strong></span> <span class='ocrx_word' id='word_1_311' title='bbox 701 5037 927 5134; x_wconf 90' lang='lat' dir='ltr'><strong>septembris</strong></span> <span class='ocrx_word' id='word_1_312' title='bbox 968 5037 1055 5110; x_wconf 87' lang='lat' dir='ltr'><strong>anni</strong></span> <span class='ocrx_word' id='word_1_313' title='bbox 1095 5035 1281 5112; x_wconf 91' lang='lat' dir='ltr'><strong>millesimi</strong></span> <span class='ocrx_word' id='word_1_314' title='bbox 1322 5037 1646 5134; x_wconf 86' lang='lat' dir='ltr'><strong>septingentesimi</strong></span> 
     </span>
     <span class='ocr_line' id='line_1_39' title="bbox 144 5159 1646 5264; baseline -0.002 -26"><span class='ocrx_word' id='word_1_315' title='bbox 144 5163 329 5264; x_wconf 90' lang='lat' dir='ltr'><strong>trigesimi</strong></span> <span class='ocrx_word' id='word_1_316' title='bbox 357 5163 517 5261; x_wconf 89' lang='lat' dir='ltr'><strong>septimi,</strong></span> <span class='ocrx_word' id='word_1_317' title='bbox 547 5161 634 5236; x_wconf 90' lang='lat' dir='ltr'><strong>nihil</strong></span> <span class='ocrx_word' id='word_1_318' title='bbox 668 5163 834 5237; x_wconf 87' lang='lat' dir='ltr'><strong>Notariis</strong></span> <span class='ocrx_word' id='word_1_319' title='bbox 861 5162 1062 5259; x_wconf 87' lang='lat' dir='ltr'><strong>praedictis</strong></span> <span class='ocrx_word' id='word_1_320' title='bbox 1090 5159 1230 5247; x_wconf 89' lang='lat' dir='ltr'><strong>deberi,</strong></span> <span class='ocrx_word' id='word_1_321' title='bbox 1261 5162 1437 5259; x_wconf 90' lang='lat' dir='ltr'><strong>nullaque</strong></span> <span class='ocrx_word' id='word_1_322' title='bbox 1474 5163 1558 5236; x_wconf 89' lang='lat' dir='ltr'><strong>Iura</strong></span> <span class='ocrx_word' id='word_1_323' title='bbox 1595 5163 1646 5235; x_wconf 92' lang='lat' dir='ltr'><strong>ad</strong></span> 
     </span>
     <span class='ocr_line' id='line_1_40' title="bbox 145 5288 856 5364; baseline 0 -1"><span class='ocrx_word' id='word_1_324' title='bbox 145 5313 278 5364; x_wconf 91' lang='lat' dir='ltr'><strong>eorum</strong></span> <span class='ocrx_word' id='word_1_325' title='bbox 307 5288 474 5363; x_wconf 85' lang='lat' dir='ltr'><strong>favorem</strong></span> <span class='ocrx_word' id='word_1_326' title='bbox 501 5311 588 5361; x_wconf 89' lang='lat' dir='ltr'><strong>esse</strong></span> <span class='ocrx_word' id='word_1_327' title='bbox 618 5288 856 5363; x_wconf 83' lang='lat' dir='ltr'><strong>reservanda.</strong></span> 
     </span>
    </p>

    <p class='ocr_par' dir='ltr' id='par_1_6' title="bbox 228 5411 1649 5507">
     <span class='ocr_line' id='line_1_41' title="bbox 228 5411 1649 5507; baseline -0.001 -20"><span class='ocrx_word' id='word_1_328' title='bbox 228 5411 384 5507; x_wconf 86' lang='lat' dir='ltr'><strong>Quinto.</strong></span> <span class='ocrx_word' id='word_1_329' title='bbox 415 5455 443 5470; x_wconf 92' lang='lat'><em>-</em></span> <span class='ocrx_word' id='word_1_330' title='bbox 470 5411 613 5486; x_wconf 91' lang='lat' dir='ltr'><strong>Tamen</strong></span> <span class='ocrx_word' id='word_1_331' title='bbox 642 5413 786 5487; x_wconf 86' lang='lat' dir='ltr'><strong>eisdem</strong></span> <span class='ocrx_word' id='word_1_332' title='bbox 826 5411 993 5487; x_wconf 90' lang='lat' dir='ltr'><strong>Notariis</strong></span> <span class='ocrx_word' id='word_1_333' title='bbox 1029 5412 1368 5487; x_wconf 88' lang='lat' dir='ltr'><strong>emolumentorum</strong></span> <span class='ocrx_word' id='word_1_334' title='bbox 1397 5412 1514 5487; x_wconf 91' lang='lat' dir='ltr'><strong>solius</strong></span> <span class='ocrx_word' id='word_1_335' title='bbox 1550 5435 1649 5486; x_wconf 87' lang='lat' dir='ltr'><strong>mer-</strong></span> 
     </span>
    </p>
   </div>
   <div class='ocr_carea' id='block_1_3' title="bbox 0 0 1873 5918">
    <p class='ocr_par' dir='ltr' id='par_1_7' title="bbox 0 0 1873 5918">
     <span class='ocr_line' id='line_1_42' title="bbox 0 0 1873 5918; baseline 0 0"><span class='ocrx_word' id='word_1_336' title='bbox 0 0 1873 5918; x_wconf 95' lang='lat' dir='ltr'><strong> </strong></span> 
     </span>
    </p>
   </div>
  </div>
 </body>
</html>
