3748 5914
240 309 295 369 270
885 311 1022 370 Soeculo
1040 311 1123 371 XVI

240 528 402 599 cumque
429 503 681 578 ecclesiastica
709 519 942 577 sacramenta
961 504 1164 579 ministrari
1182 495 1303 580 facere
1322 507 1497 602 quotiens
1516 531 1613 603 opus
1633 508 1740 582 fuerit

242 628 429 702 diocesani
457 627 528 703 loci
555 645 595 703 et
621 629 784 703 cuiusvis
811 629 967 703 alterius
995 630 1143 704 licentia
1179 655 1294 728 super
1330 631 1401 705 hoc
1434 633 1584 706 minime
1617 634 1742 729 requi-

241 753 323 838 sita,
354 753 468 827 libere
497 769 537 827 et
563 752 660 828 licite
688 753 847 841 valeant,
879 778 949 828 nec
975 754 1024 828 ad
1052 755 1294 830 residendum
1332 756 1368 828 in
1405 755 1475 830 illis
1512 781 1581 853 per
1615 784 1741 854 quem·

243 878 341 974 piam
370 879 455 976 cogi
482 879 639 974 possint.

323 1003 464 1100 Eisque
493 1020 533 1076 et
560 1028 690 1077 corum
718 1004 868 1078 cuilibet
887 1020 929 1078 ut
947 1005 1074 1102 quoad
1101 1005 1272 1092 vixerint,
1293 1006 1469 1103 quotiens
1487 1007 1542 1081 eis
1561 1007 1743 1105 placuerit

241 1153 309 1222 per
337 1152 380 1201 se
408 1128 523 1225 ipsos,
553 1145 619 1201 aut
648 1153 730 1201 cunr
759 1153 835 1202 uno
863 1130 923 1202 vel
951 1129 1101 1204 duobus
1129 1129 1250 1217 sociis
1272 1133 1385 1205 etiam
1405 1131 1645 1208 familiaribus
1664 1133 1742 1206 suis

242 1277 311 1349 per
337 1279 405 1326 eos
433 1277 503 1348 pro
530 1268 702 1348 tempore
730 1253 926 1350 eligendis,
957 1253 1072 1328 horas
1100 1253 1313 1329 Canonicas
1347 1255 1500 1330 diurnas
1537 1257 1678 1353 pariter
1706 1275 1743 1331 et

243 1393 454 1466 nocturnas,
484 1400 528 1450 ac
555 1376 628 1451 alia
655 1377 779 1451 divina
807 1378 927 1452 officia
954 1379 1159 1452 secundum
1188 1406 1309 1468 usum,
1339 1396 1378 1454 et
1405 1407 1550 1455 morem
1570 1383 1741 1456 Romane

240 1501 399 1576 ecclesie
433 1503 548 1576 etiam
585 1501 795 1599 anticipatis
832 1503 891 1576 vel
933 1504 1155 1601 postpositis
1184 1505 1296 1588 horis,
1331 1504 1465 1598 dicere,
1509 1520 1548 1580 et
1584 1509 1741 1582 recitare

239 1626 354 1700 libere
391 1642 431 1700 et
457 1625 553 1700 licite
590 1627 750 1702 valeant.
790 1627 871 1702 Nec
903 1629 984 1725 ipsi,
1024 1645 1091 1702 aut
1128 1629 1217 1704 socii
1253 1629 1415 1728 eligendi
1452 1631 1663 1705 huiusmodi
1691 1633 1739 1706 ad

239 1750 352 1824 alium
381 1777 490 1824 usum
520 1775 634 1847 super
662 1751 732 1825 hoc
761 1751 1040 1826 observandum
1078 1769 1286 1840 teneantur,
1322 1777 1390 1826 nec
1426 1755 1474 1828 ad
1512 1754 1549 1828 id
1585 1781 1608 1830 a
1645 1781 1739 1852 quo-

240 1895 364 1970 quam,
395 1875 508 1949 ctiam
536 1877 681 1949 ratione
708 1877 971 1951 beneficiorum
1000 1877 1337 1952 ecclesiasticorum
1366 1903 1435 1975 per
1461 1904 1529 1954 eos
1556 1898 1739 1977 protem-

241 2025 334 2095 pore
362 2003 603 2074 obtentorum
633 2000 736 2074 inviti
763 2001 911 2097 possint
938 2003 1130 2077 coarctari.

320 2124 511 2223 Quodque
540 2126 611 2224 ipsi
638 2142 678 2200 et
705 2152 836 2201 eorum
866 2127 1002 2225 singuli
1029 2127 1192 2225 aliquem
1221 2129 1472 2225 presbiterum
1493 2130 1662 2205 seculare
1681 2132 1739 2204 vel

238 2251 401 2325 cuiusvis
428 2251 570 2324 ordinis
588 2251 817 2349 Regularem
836 2253 873 2323 in
890 2276 1022 2326 eorum
1042 2253 1198 2348 possint,
1219 2268 1259 2326 et
1277 2252 1434 2349 quilibet
1460 2280 1590 2329 eorum
1619 2257 1739 2350 possit

238 2373 377 2474 eligere
405 2375 670 2462 confessorem,
701 2377 765 2472 qui
792 2376 869 2449 vita
896 2376 951 2449 eis
978 2378 1153 2451 comitem
1182 2379 1218 2450 in
1238 2379 1385 2453 casibus
1404 2378 1503 2452 dicte
1523 2378 1604 2452 sedi
1624 2405 1738 2454 reser·
1822 2401 1824 2404 ·

239 2501 336 2574 vatis
371 2501 628 2596 (preterquam
660 2499 803 2574 offense
838 2501 1090 2574 ecclesiastice
1126 2501 1321 2589 libertatis,
1360 2503 1554 2600 criminum
1581 2503 1736 2591 heresis,

240 2623 480 2710 Rebellionis,
511 2639 577 2698 aut
604 2625 892 2720 conspirationis
920 2626 956 2699 in
984 2649 1198 2722 personam,
1220 2625 1280 2698 vel
1302 2641 1442 2700 statum
1463 2627 1623 2701 Romani
1644 2627 1739 2702 Pon-

239 2749 345 2823 tificis
373 2774 441 2823 seu
467 2749 597 2823 sedem
621 2749 877 2845 apostolicam,
895 2749 1067 2824 falsitatis
1094 2748 1300 2823 litterarum
1330 2749 1622 2847 apostolicarum
1650 2778 1740 2849 sup-

239 2873 478 2969 plicationum
515 2891 554 2947 et
590 2875 892 2948 commissionum
925 2874 1128 2950 invasionis
1162 2874 1453 2971 depredationis,
1483 2877 1741 2973 occupationis

240 2999 510 3072 devastationis
538 3015 734 3086 terrarum,
764 3017 803 3073 et
830 3001 954 3086 maris,
986 2999 1084 3072 dicte
1113 2999 1285 3074 Romane
1304 2999 1472 3087 ecclesie,
1493 3002 1659 3076 mediate
1682 3005 1741 3078 vel

237 3123 463 3210 immediate,
494 3124 757 3211 subiectorum,
787 3125 929 3198 offense
957 3124 1167 3221 personalis
1203 3125 1239 3198 in
1268 3125 1497 3222 Episcopum
1534 3125 1593 3200 vel
1627 3127 1740 3202 alium

239 3246 424 3343 prelatum
452 3247 723 3343 prohibitionis,
753 3247 1003 3323 devolutionis
1031 3272 1229 3323 causarum
1257 3251 1306 3322 ad
1334 3249 1544 3324 Romanam
1573 3249 1739 3338 Curiam,

239 3371 438 3446 delationis
479 3396 668 3447 armorum
705 3389 744 3446 et
780 3373 937 3446 aliorum
969 3372 1243 3469 prohibitorum
1286 3374 1336 3448 ad
1372 3391 1501 3470 partes
1533 3374 1740 3450 Infidelium

238 3496 354 3571 semel
383 3497 538 3594 singulis
566 3499 685 3584 annis,
714 3513 754 3572 et
781 3499 956 3594 quotiens
975 3498 1024 3571 dc
1043 3521 1174 3572 eorum
1194 3514 1316 3572 morte
1336 3497 1541 3573 timendum
1560 3500 1738 3587 extiterit,

239 3623 277 3693 iu
303 3621 384 3696 aliis
411 3647 503 3696 veo
531 3625 706 3719 quotiens
736 3623 846 3698 fuerit
864 3637 1120 3719 opportunum
1139 3623 1376 3712 confessione
1391 3649 1523 3699 eorum
1543 3625 1742 3724 diligenter

238 3747 366 3821 audita
393 3771 463 3842 pro
492 3748 701 3822 commissis
722 3727 783 3821 eis
811 3748 976 3822 debitam
1004 3746 1276 3822 absolutionem
1306 3749 1509 3845 impendat,
1530 3765 1570 3824 et
1597 3750 1742 3850 iniugat

239 3872 482 3968 penitentiam
511 3873 725 3947 salutarem.
756 3874 838 3946 Nec
866 3896 939 3947 non
967 3889 1057 3948 vota
1084 3899 1323 3971 quecumque
1341 3872 1625 3971 (ultra-marino,
1647 3876 1736 3948 limi-

240 4022 325 4071 num
356 3997 629 4092 Apostolorum
658 3996 757 4071 Petri
785 4014 825 4071 et
853 3996 965 4082 Pauli,
996 4021 1040 4071 ac
1060 3995 1187 4071 Sancti
1213 3997 1340 4093 Jacobi
1363 3999 1398 4071 in
1420 3997 1679 4094 Compostella
1698 4025 1741 4074 ac

240 4122 446 4208 Castitatis,
475 4138 515 4195 et
544 4121 749 4221 Religionis
776 4122 880 4195 votis·
893 4101 1289 4220 dumtaxat'exceptis)
1307 4122 1343 4194 in
1361 4121 1433 4196 alia
1452 4121 1603 4218 pietatis
1623 4148 1741 4221 opera

239 4260 470 4320 commutare
504 4247 641 4321 valeat.
680 4243 872 4342 Quodque
906 4247 1115 4321 Confessor
1148 4271 1260 4342 quem
1304 4246 1478 4321 duxerint
1523 4246 1740 4346 eligendum

239 4371 403 4444 omnium
418 4386 659 4467 peccatorum
675 4397 839 4458 suorum,
852 4370 1048 4467 dequibus
1063 4373 1177 4445 corde
1192 4372 1341 4444 contriti
1354 4389 1394 4445 et
1408 4396 1475 4447 ore
1490 4372 1650 4445 confessi
1667 4372 1740 4446 fue·

239 4495 323 4580 rint,
353 4496 467 4568 etiam
496 4496 613 4571 semel
628 4494 785 4595 singulis
800 4494 920 4584 annis,
936 4509 976 4569 et
990 4497 1165 4592 quotiens
1181 4496 1228 4568 de
1243 4507 1373 4571 eorum
1392 4513 1514 4570 morte
1535 4498 1742 4570 timendum

239 4620 359 4705 fuerit,
377 4636 420 4693 ut
434 4621 632 4716 prefertur,
649 4619 852 4716 plenariam
868 4621 1126 4694 remissionem
1142 4645 1164 4694 a
1182 4645 1281 4718 pena
1301 4635 1340 4694 et
1358 4620 1468 4717 culpa
1486 4621 1541 4694 eis
1561 4623 1596 4695 in
1625 4621 1742 4695 since-

239 4745 349 4817 ritate
379 4743 474 4832 fidei,
496 4747 638 4819 unitate
666 4746 765 4819 dicte
794 4745 965 4820 Romane
994 4743 1150 4818 ecclesie
1177 4769 1221 4819 ac
1249 4745 1463 4820 obedientia
1482 4761 1520 4820 et
1539 4745 1740 4820 devotione

239 4885 379 4954 nostra,
410 4886 449 4943 et
477 4895 739 4944 successorum
768 4888 982 4944 nostrorum
1017 4870 1273 4945 Romanorum
1307 4870 1524 4944 Pontificum
1563 4872 1739 4945 canonice

238 4995 453 5068 intrantium
473 4993 770 5090 persistentibus
792 4995 891 5069 dicta
909 4995 1133 5069 auctoritate
1157 4994 1365 5092 apostolica
1383 4996 1590 5069 concedere
1618 4997 1741 5092 possit

239 5119 290 5191 sic
319 5134 445 5193 tamen
473 5120 576 5216 quod
604 5120 702 5194 idem
733 5121 927 5194 confessor
955 5119 1003 5193 de
1033 5121 1099 5208 eis,
1129 5122 1176 5193 de
1204 5121 1342 5216 quibus
1369 5120 1481 5194 fuerit
1508 5120 1616 5193 alteri
1650 5120 1740 5195 sati-

240 5244 370 5317 sfactio
399 5245 651 5340 impendenda
678 5246 732 5318 eis
762 5269 830 5340 per
858 5271 935 5332 eos,
968 5245 999 5318 si
1032 5245 1307 5342 supervixerint
1333 5244 1392 5318 vel
1420 5244 1515 5318 alios
1544 5246 1576 5319 si
1611 5245 1739 5319 forsan

240 5384 328 5442 tunc
348 5369 560 5443 transierint
588 5367 794 5442 faciendam
813 5369 993 5466 iniungat,
1015 5394 1129 5465 quam
1148 5369 1220 5466 ipsi
1237 5368 1297 5443 vel
1317 5370 1365 5444 illi
1385 5370 1506 5443 facere
1526 5387 1734 5444 teneantur.
