3686 5916
706 327 886 390 Benedr‘cto
905 327 957 389 XI
963 327 991 389 V
1462 363 1465 370 ·
1544 329 1600 390 527

102 543 185 594 esse
211 533 251 593 et
277 519 357 594 fore
385 520 683 595 committendas.
715 518 789 595 Ubi
816 545 907 596 vero
927 520 1078 596 Causae
1106 522 1300 620 graviores
1319 521 1531 597 huiusmodi
1549 522 1598 598 ad

0 679 1 684 ,
103 643 309 718 Romanam
339 642 490 720 Curiam
518 645 757 719 deferrantur
781 644 820 719 in
847 645 968 743 gradu
999 644 1278 744 Appellationis
1295 673 1318 722 a
1337 645 1541 722 Sententiis
1559 663 1599 723 et

101 767 273 842 iudicatis
309 791 636 866 quorumcumque
672 769 836 844 ludicum
875 769 923 844 de
952 770 1134 857 Partibus,
1164 771 1412 859 decernimus,
1442 770 1598 848 liberum

98 892 250 989 quidem
278 917 365 968 esse
393 893 491 968 Parti
519 893 736 992 appellanti,
765 919 835 991 pro
864 919 934 968 suo
961 895 1126 984 arbitrio,
1148 897 1208 970 vel
1231 921 1298 972 eas
1316 895 1530 972 immediate
1547 897 1598 972 ad

1 1065 6 1088 ,ν
97 1017 219 1114 ipsum
249 1017 372 1092 Rotae
401 1018 642 1094 Auditorium
671 1018 852 1094 committi
879 1019 1013 1106 facere,
1043 1020 1115 1108 vel,
1145 1019 1177 1094 si
1204 1018 1387 1104 maluerit,
1411 1023 1461 1094 ad
1489 1047 1599 1120 prae·

99 1141 238 1216 dictum
267 1138 507 1233 Cardinalem
526 1142 725 1231 Vicarium,
747 1169 814 1218 seu
833 1143 883 1217 ad
903 1143 1113 1220 Causarum
1134 1144 1271 1219 Curiae
1290 1144 1474 1220 Camerae
1492 1170 1598 1242 prae·

98 1265 220 1340 dictae
247 1267 464 1365 generalem
491 1268 727 1355 Auditorem,
758 1267 862 1343 iuxta
889 1266 1022 1342 horum
1051 1268 1211 1343 duorum
1238 1268 1495 1345 Tribunalium
1515 1294 1598 1345 con·

97 1414 214 1486 gruas
233 1389 440 1480 facultates,
455 1391 747 1489 appellationem
767 1393 1022 1491 interponere:
1042 1393 1183 1468 Verum
1203 1393 1349 1480 deinde,
1379 1394 1412 1468 si
1434 1395 1599 1470 ulteriori

1 1550 3 1591 ;
97 1515 338 1612 appellationi
366 1518 471 1592 locus
499 1517 558 1605 sit,
587 1517 761 1593 volumus
788 1543 854 1593 eas
878 1518 1095 1616 praedictae
1123 1519 1246 1594 Rotae
1264 1519 1474 1608 Auditorio,
1506 1544 1599 1595 nun-

1 1675 2 1697 κ
95 1665 211 1737 quam
239 1658 367 1717 autem
396 1643 572 1718 Praelatis
599 1660 708 1718 extra
727 1643 877 1729 Rotam,
908 1667 1033 1740 neque
1052 1644 1144 1740 ipsis
1163 1643 1316 1740 quidem
1335 1645 1459 1720 Rotae
1478 1646 1599 1721 Audi-

1 1798 3 1841 t
97 1765 252 1852 toribus,
283 1767 338 1841 uti
367 1767 558 1856 Praelatis,
589 1769 769 1844 committi
795 1793 922 1865 posse.

178 1889 323 1966 Contra
342 1916 445 1980 vero,
461 1893 613 1968 Causae
632 1896 754 1968 minus
772 1919 920 1992 graves,
943 1919 1060 1994 super
1077 1894 1214 1991 quibus
1227 1895 1263 1969 in
1283 1895 1405 1992 prima
1422 1897 1599 1971 instantia

1 2065 2 2072 κ
96 2015 132 2088 in
152 2015 339 2093 alterutro
355 2018 611 2094 Tribunalium
630 2018 908 2116 praedictorum
928 2021 1123 2095 Romanae
1143 2019 1290 2108 Curiae,
1312 2020 1484 2096 nimirum
1504 2022 1597 2096 Car-

96 2140 232 2214 dinalis
261 2140 407 2228 Vicarii,
437 2157 504 2217 aut
532 2141 743 2221 Causarum
772 2140 911 2220 Curiae
931 2140 1117 2221 Camerae
1136 2142 1381 2242 Apostolicae
1402 2144 1599 2220 Generalis

95 2264 305 2354 Auditoris,
336 2266 524 2342 definitive
552 2267 837 2364 pronunciatum
867 2267 987 2356 fuerit,
1019 2267 1194 2345 volumus
1230 2285 1348 2367 atque
1383 2270 1597 2359 statuimus,
1653 2300 1658 2312 ·

95 2405 138 2464 ut
166 2391 203 2465 in
232 2391 353 2491 gradu
381 2393 655 2491 appellationis,
686 2409 763 2469 tam
791 2393 826 2467 in
854 2393 990 2468 iudicio
1016 2393 1206 2490 petitorio,
1235 2418 1350 2490 quam
1379 2394 1416 2468 in
1443 2419 1597 2492 posses·

94 2514 207 2602 sorio,
235 2517 388 2591 omnino
415 2517 595 2592 committi
615 2514 779 2592 debeant
799 2517 979 2592 Praelatis
996 2533 1104 2607 extra
1125 2518 1275 2610 Rotam,
1294 2517 1355 2593 vel
1374 2519 1486 2594 etiam
1505 2518 1597 2616 ipsis

94 2638 221 2716 Rotae
251 2639 508 2728 Auditoribus‚
546 2667 621 2717 non
657 2657 784 2715 tamen
819 2641 874 2716 uti
910 2639 1171 2729 Auditoribus‚
1205 2642 1275 2716 sed
1310 2641 1508 2718 dumtaxat
1544 2643 1598 2717 uti

95 2763 300 2841 Praelatis:
323 2763 437 2860 Quod
467 2767 498 2842 si
519 2767 669 2842 Causae
688 2765 901 2841 huiusmodi
918 2791 942 2840 a
960 2766 1135 2842 iudicatis
1153 2783 1194 2841 et
1210 2767 1415 2842 Sententiis
1435 2767 1598 2842 ludicum

93 2890 144 2964 de
173 2891 349 2966 Partibus
376 2890 426 2965 ad
453 2891 573 2988 ipsam
602 2893 813 2966 Romanam
842 2887 994 2968 Curiam
1024 2891 1172 2966 delatae
1200 2892 1284 2980 sint,
1305 2891 1598 2988 primoquidem

92 3015 128 3087 in
156 3015 285 3114 gradu
312 3014 576 3112 appellationis
603 3039 732 3090 earum
753 3013 917 3114 cognitio
936 3014 986 3088 ad
1004 3012 1218 3092 Cardinalis
1237 3015 1384 3102 Vicarii,
1406 3031 1473 3089 aut
1492 3015 1598 3090 Prae·

91 3138 159 3212 fati
187 3139 387 3215 Auditoris
415 3140 615 3215 Generalis
643 3139 835 3226 Tribunal,
864 3140 968 3214 iuxta
996 3139 1193 3237 utriusque
1226 3138 1441 3215 Tribunalis
1469 3164 1599 3237 respe-

91 3267 214 3340 ctivas
245 3265 454 3353 facultates,
484 3280 632 3362 spectet
657 3281 773 3362 atque
792 3265 999 3362 pertineat;
1021 3266 1060 3338 ln
1080 3262 1316 3339 ulterioribus
1339 3290 1430 3340 vero
1458 3266 1599 3339 Instan-

90 3389 164 3479 tiis,
195 3403 390 3486 quatenus
426 3391 518 3487 ipsis
554 3388 660 3465 locus
697 3389 757 3476 sit,
794 3390 1006 3466 huiusmodi
1044 3389 1194 3464 Causae
1227 3391 1380 3465 omnino
1417 3390 1599 3466 committi

89 3515 264 3589 debeant
300 3511 480 3588 Praelatis
515 3529 622 3588 extra
651 3515 800 3600 Rotam,
831 3513 890 3588 vel
923 3514 1036 3588 etiam
1068 3513 1162 3610 ipsis
1190 3513 1313 3588 Rotae
1342 3512 1598 3600 Auditoribus‚

88 3641 144 3714 uti
175 3653 308 3714 tamen
336 3639 530 3727 Praelatis,
561 3663 752 3735 nunquam
780 3654 906 3714 autem
935 3639 1051 3735 ipsius
1081 3639 1204 3713 Rotae
1232 3637 1448 3727 Auditorio;
1486 3637 1599 3714 Salva

88 3762 337 3872 nihilominus
364 3764 534 3860 partibus
553 3763 843 3862 collitigantibus
863 3763 1040 3838 facultate
1060 3763 1273 3837 recurrendi
1292 3764 1342 3838 ad
1360 3763 1600 3863 Signaturam

89 3889 281 3964 Nostram
308 3887 476 3962 Iustitiae
503 3887 540 3962 in
566 3890 716 3965 casibus
743 3889 977 3987 purgationis
1000 3888 1134 3986 'Spolii
1156 3901 1439 3973 attentaturum,
1461 3905 1501 3962 et
1519 3888 1600 3962 nul·

85 4013 210 4088 litatis
240 4014 518 4110 praedictorum
548 4014 796 4088 iudicatorum
817 4011 1050 4109 aliorumque
1070 4013 1322 4086 Decretorum
1342 4028 1381 4086 et
1403 4013 1599 4100 Actorum,

84 4163 261 4235 quorum
289 4153 492 4235 propterea
528 4138 821 4236 circumscriptio
857 4161 985 4212 coram
1020 4137 1154 4211 eadem
1192 4137 1396 4235 Signatura
1433 4136 1602 4212 Iustitiae

84 4280 268 4362 petatur:
299 4265 334 4336 in
363 4263 500 4359 quibus
528 4289 620 4339 sane
640 4263 799 4348 casibus,
817 4265 1005 4361 integrum
1026 4263 1075 4335 sit
1092 4261 1214 4336 eidem
1235 4262 1471 4360 Signaturae,
1495 4286 1618 4359 prae·

65 4389 217 4463 dictas
249 4384 394 4460 Causas
422 4388 544 4461 minus
572 4409 711 4485 graves
739 4385 974 4461 committere
1002 4383 1111 4459 alicui
1137 4407 1185 4457 ex
1219 4383 1410 4472 Praelatis,
1440 4400 1506 4458 aut
1533 4409 1600 4460 eas

84 4515 290 4588 remittere
317 4511 367 4586 ad
395 4508 635 4589 Cardinalem
663 4510 863 4598 Vicarium,
897 4526 964 4586 aut
997 4508 1206 4584 Causarum
1245 4509 1383 4584 Curiae
1416 4507 1601 4584 Camerae

81 4636 316 4736 praedictae
335 4634 562 4710 Generalem
581 4636 815 4723 Auditorem,
836 4650 952 4732 prout
970 4635 1136 4732 ipsarum
1155 4633 1366 4707 Causarum
1387 4633 1599 4728 qualitates,

81 4780 124 4838 et
155 4761 349 4834 dictorum
378 4758 632 4834 Tribunalium
660 4760 858 4835 facultates
887 4759 1096 4856 respective
1128 4757 1335 4856 exegerint.

174 4887 298 4960 Porro
327 4883 477 4959 Causae
505 4886 710 4984 graviores.
741 4901 780 4958 et
807 4900 1084 4980 consequenter
1111 4882 1280 4970 Rotales‚
1311 4899 1351 4956 et
1379 4908 1453 4957 non
1488 4883 1600 4956 Prae-

82 5013 254 5094 latitiae‚
284 5026 325 5083 ut
353 5035 478 5108 supra,
509 5025 736 5084 censeantur
763 5024 803 5083 et
830 5010 973 5083 censeri
1003 5007 1167 5082 debeant
1195 5004 1348 5084 Causae
1384 5031 1528 5090 omnes,
1568 5007 1603 5080 in

81 5139 238 5238 quibus
265 5135 391 5233 agitur
419 5135 467 5208 de
495 5134 824 5220 iurisdictionibus,
855 5133 1167 5230 exemptionibus,
1188 5133 1467 5230 adoptionibus,
1488 5157 1605 5229 spon-

83 5263 255 5344 salibus,
285 5258 533 5342 filiationibus,
563 5258 873 5358 legitimitatibus,
902 5257 1218 5356 praeeminentis,
1249 5272 1290 5331 et
1315 5255 1600 5354 praecedentiis,

83 5389 249 5464 Iuribus
277 5409 429 5480 quoque
457 5383 693 5471 Patronatus,
724 5383 881 5482 aliisque
914 5383 1128 5459 honorificis
1163 5381 1390 5470 nominandi,
1429 5381 1603 5480 eligendi,
