<?xml version="1.0" encoding="UTF-8"?>
<!DOCTYPE html PUBLIC "-//W3C//DTD XHTML 1.0 Transitional//EN"
    "http://www.w3.org/TR/xhtml1/DTD/xhtml1-transitional.dtd">
<html xmlns="http://www.w3.org/1999/xhtml" xml:lang="en" lang="en">
 <head>
  <title>
</title>
<meta http-equiv="Content-Type" content="text/html;charset=utf-8" />
  <meta name='ocr-system' content='tesseract 3.04.00' />
  <meta name='ocr-capabilities' content='ocr_page ocr_carea ocr_par ocr_line ocrx_word'/>
</head>
<body>
  <div class='ocr_page' id='page_1' title='image "./capellanipapaee00cercgoog_0671.png"; bbox 0 0 3684 5920; ppageno 0'>
   <div class='ocr_carea' id='block_1_1' title="bbox 807 333 1629 397">
    <p class='ocr_par' dir='ltr' id='par_1_1' title="bbox 807 333 1629 397">
     <span class='ocr_line' id='line_1_1' title="bbox 807 333 1629 397; baseline -0.005 -1"><span class='ocrx_word' id='word_1_1' title='bbox 807 335 872 396; x_wconf 85' lang='lat' dir='ltr'>Pio</span> <span class='ocrx_word' id='word_1_2' title='bbox 892 335 957 397; x_wconf 91' lang='lat' dir='ltr'>VII</span> <span class='ocrx_word' id='word_1_3' title='bbox 1573 333 1629 392; x_wconf 83' lang='lat'>627</span> 
     </span>
    </p>
   </div>
   <div class='ocr_carea' id='block_1_2' title="bbox 124 526 1631 2995">
    <p class='ocr_par' dir='ltr' id='par_1_2' title="bbox 124 526 1631 2995">
     <span class='ocr_line' id='line_1_2' title="bbox 130 526 1628 627; baseline 0 -28"><span class='ocrx_word' id='word_1_4' title='bbox 130 526 448 613; x_wconf 83' lang='lat' dir='ltr'>Referendarium,</span> <span class='ocrx_word' id='word_1_5' title='bbox 466 529 595 603; x_wconf 91' lang='lat' dir='ltr'>Virum</span> <span class='ocrx_word' id='word_1_6' title='bbox 624 529 776 627; x_wconf 90' lang='lat' dir='ltr'>quidem</span> <span class='ocrx_word' id='word_1_7' title='bbox 797 527 975 615; x_wconf 89' lang='lat' dir='ltr'>doctrina,</span> <span class='ocrx_word' id='word_1_8' title='bbox 997 527 1208 622; x_wconf 86' lang='lat' dir='ltr'>prudentia,</span> <span class='ocrx_word' id='word_1_9' title='bbox 1231 553 1377 602; x_wconf 89' lang='lat' dir='ltr'>morum</span> <span class='ocrx_word' id='word_1_10' title='bbox 1401 528 1628 624; x_wconf 86' lang='lat' dir='ltr'>integritate,</span> 
     </span>
     <span class='ocr_line' id='line_1_3' title="bbox 128 648 1631 748; baseline -0.001 -25"><span class='ocrx_word' id='word_1_11' title='bbox 128 667 168 723; x_wconf 91' lang='lat' dir='ltr'>et</span> <span class='ocrx_word' id='word_1_12' title='bbox 194 651 282 724; x_wconf 91' lang='lat' dir='ltr'>iuris</span> <span class='ocrx_word' id='word_1_13' title='bbox 311 651 444 747; x_wconf 87' lang='lat' dir='ltr'>peritia</span> <span class='ocrx_word' id='word_1_14' title='bbox 476 653 688 748; x_wconf 89' lang='lat' dir='ltr'>praeditum</span> <span class='ocrx_word' id='word_1_15' title='bbox 721 655 818 727; x_wconf 91' lang='lat' dir='ltr'>inter</span> <span class='ocrx_word' id='word_1_16' title='bbox 846 653 1040 727; x_wconf 85' lang='lat' dir='ltr'>Romanae</span> <span class='ocrx_word' id='word_1_17' title='bbox 1071 653 1193 726; x_wconf 85' lang='lat' dir='ltr'>Rotae</span> <span class='ocrx_word' id='word_1_18' title='bbox 1221 651 1428 726; x_wconf 86' lang='lat' dir='ltr'>Auditores</span> <span class='ocrx_word' id='word_1_19' title='bbox 1456 667 1495 724; x_wconf 88' lang='lat' dir='ltr'>et</span> <span class='ocrx_word' id='word_1_20' title='bbox 1528 648 1631 747; x_wconf 89' lang='lat' dir='ltr'>Cap·</span> 
     </span>
     <span class='ocr_line' id='line_1_4' title="bbox 128 774 1630 874; baseline 0 -26"><span class='ocrx_word' id='word_1_21' title='bbox 128 774 297 870; x_wconf 92' lang='lat' dir='ltr'>pellanos</span> <span class='ocrx_word' id='word_1_22' title='bbox 327 775 489 850; x_wconf 88' lang='lat' dir='ltr'><strong>Nostros</strong></span> <span class='ocrx_word' id='word_1_23' title='bbox 517 777 590 851; x_wconf 91' lang='lat' dir='ltr'>iam</span> <span class='ocrx_word' id='word_1_24' title='bbox 620 777 850 852; x_wconf 86' lang='lat' dir='ltr'>nominatum</span> <span class='ocrx_word' id='word_1_25' title='bbox 884 802 953 874; x_wconf 87' lang='lat' dir='ltr'>pro</span> <span class='ocrx_word' id='word_1_26' title='bbox 986 776 1086 848; x_wconf 89' lang='lat' dir='ltr'>dicta</span> <span class='ocrx_word' id='word_1_27' title='bbox 1126 774 1319 849; x_wconf 85' lang='lat' dir='ltr'>Provincia</span> <span class='ocrx_word' id='word_1_28' title='bbox 1357 774 1630 850; x_wconf 90' lang='lat' dir='ltr'>Romandiolae</span> 
     </span>
     <span class='ocr_line' id='line_1_5' title="bbox 127 899 1631 998; baseline -0.001 -25"><span class='ocrx_word' id='word_1_29' title='bbox 127 901 290 973; x_wconf 83' lang='lat' dir='ltr'>existere</span> <span class='ocrx_word' id='word_1_30' title='bbox 318 901 562 985; x_wconf 68' lang='lat' dir='ltr'>declaramus</span> <span class='ocrx_word' id='word_1_31' title='bbox 593 902 793 998; x_wconf 87' lang='lat' dir='ltr'>eidemque</span> <span class='ocrx_word' id='word_1_32' title='bbox 822 901 1037 974; x_wconf 86' lang='lat' dir='ltr'>Provinciae</span> <span class='ocrx_word' id='word_1_33' title='bbox 1070 901 1234 994; x_wconf 78' lang='lat' dir='ltr'>Nostrae</span> <span class='ocrx_word' id='word_1_34' title='bbox 1272 899 1507 996; x_wconf 77' lang='lat' dir='ltr'>Privilegium</span> <span class='ocrx_word' id='word_1_35' title='bbox 1544 923 1631 994; x_wconf 86' lang='lat' dir='ltr'>per·</span> 
     </span>
     <span class='ocr_line' id='line_1_6' title="bbox 129 1021 1628 1119; baseline 0.001 -23"><span class='ocrx_word' id='word_1_36' title='bbox 129 1041 284 1119; x_wconf 87' lang='lat' dir='ltr'>petuum</span> <span class='ocrx_word' id='word_1_37' title='bbox 324 1025 485 1098; x_wconf 89' lang='lat' dir='ltr'>habendi</span> <span class='ocrx_word' id='word_1_38' title='bbox 528 1025 624 1100; x_wconf 90' lang='lat' dir='ltr'>inter</span> <span class='ocrx_word' id='word_1_39' title='bbox 667 1027 863 1101; x_wconf 85' lang='lat' dir='ltr'>Romanae</span> <span class='ocrx_word' id='word_1_40' title='bbox 906 1025 1029 1099; x_wconf 89' lang='lat' dir='ltr'>Rotae</span> <span class='ocrx_word' id='word_1_41' title='bbox 1071 1025 1278 1098; x_wconf 83' lang='lat' dir='ltr'>Auditores</span> <span class='ocrx_word' id='word_1_42' title='bbox 1319 1040 1360 1098; x_wconf 89' lang='lat' dir='ltr'>et</span> <span class='ocrx_word' id='word_1_43' title='bbox 1401 1021 1628 1119; x_wconf 88' lang='lat' dir='ltr'>Capellanos</span> 
     </span>
     <span class='ocr_line' id='line_1_7' title="bbox 129 1147 1630 1247; baseline 0 -27"><span class='ocrx_word' id='word_1_44' title='bbox 129 1149 293 1222; x_wconf 82' lang='lat' dir='ltr'>Nostros</span> <span class='ocrx_word' id='word_1_45' title='bbox 317 1147 530 1224; x_wconf 90' lang='lat' dir='ltr'>huiusmodi</span> <span class='ocrx_word' id='word_1_46' title='bbox 554 1177 669 1224; x_wconf 90' lang='lat' dir='ltr'>unum</span> <span class='ocrx_word' id='word_1_47' title='bbox 701 1177 748 1224; x_wconf 92' lang='lat' dir='ltr'>ex</span> <span class='ocrx_word' id='word_1_48' title='bbox 777 1152 854 1224; x_wconf 90' lang='lat' dir='ltr'>suis</span> <span class='ocrx_word' id='word_1_49' title='bbox 883 1148 1079 1224; x_wconf 83' lang='lat' dir='ltr'>Nobilibus</span> <span class='ocrx_word' id='word_1_50' title='bbox 1109 1149 1332 1247; x_wconf 88' lang='lat' dir='ltr'>Originariis</span> <span class='ocrx_word' id='word_1_51' title='bbox 1353 1149 1507 1222; x_wconf 87' lang='lat' dir='ltr'>Civibus</span> <span class='ocrx_word' id='word_1_52' title='bbox 1526 1149 1630 1221; x_wconf 90' lang='lat' dir='ltr'>dum-</span> 
     </span>
     <span class='ocr_line' id='line_1_8' title="bbox 127 1273 1629 1372; baseline -0.001 -27"><span class='ocrx_word' id='word_1_53' title='bbox 127 1289 242 1356; x_wconf 88' lang='lat' dir='ltr'>taxat,</span> <span class='ocrx_word' id='word_1_54' title='bbox 273 1275 509 1348; x_wconf 82' lang='lat' dir='ltr'>Auctoritate</span> <span class='ocrx_word' id='word_1_55' title='bbox 537 1273 685 1372; x_wconf 88' lang='lat' dir='ltr'>Aplica</span> <span class='ocrx_word' id='word_1_56' title='bbox 710 1292 840 1349; x_wconf 88' lang='lat' dir='ltr'>tenore</span> <span class='ocrx_word' id='word_1_57' title='bbox 867 1275 1125 1372; x_wconf 86' lang='lat' dir='ltr'>praesentium</span> <span class='ocrx_word' id='word_1_58' title='bbox 1154 1275 1404 1360; x_wconf 88' lang='lat' dir='ltr'>concedimus,</span> <span class='ocrx_word' id='word_1_59' title='bbox 1435 1274 1629 1346; x_wconf 89' lang='lat' dir='ltr'>tribuimus</span> 
     </span>
     <span class='ocr_line' id='line_1_9' title="bbox 127 1397 1630 1497; baseline 0.001 -28"><span class='ocrx_word' id='word_1_60' title='bbox 127 1413 165 1469; x_wconf 91' lang='lat' dir='ltr'>et</span> <span class='ocrx_word' id='word_1_61' title='bbox 184 1398 425 1493; x_wconf 85' lang='lat' dir='ltr'>impertimur.</span> <span class='ocrx_word' id='word_1_62' title='bbox 443 1400 654 1474; x_wconf 89' lang='lat' dir='ltr'>Reservata</span> <span class='ocrx_word' id='word_1_63' title='bbox 674 1426 824 1497; x_wconf 86' lang='lat' dir='ltr'>semper</span> <span class='ocrx_word' id='word_1_64' title='bbox 844 1400 965 1475; x_wconf 91' lang='lat' dir='ltr'>Nobis</span> <span class='ocrx_word' id='word_1_65' title='bbox 983 1416 1023 1472; x_wconf 88' lang='lat' dir='ltr'>et</span> <span class='ocrx_word' id='word_1_66' title='bbox 1041 1399 1126 1472; x_wconf 91' lang='lat' dir='ltr'>huic</span> <span class='ocrx_word' id='word_1_67' title='bbox 1151 1398 1321 1495; x_wconf 83' lang='lat' dir='ltr'>Aplicae</span> <span class='ocrx_word' id='word_1_68' title='bbox 1341 1397 1431 1472; x_wconf 87' lang='lat' dir='ltr'>Sedi</span> <span class='ocrx_word' id='word_1_69' title='bbox 1455 1399 1630 1472; x_wconf 88' lang='lat' dir='ltr'>absoluta</span> 
     </span>
     <span class='ocr_line' id='line_1_10' title="bbox 125 1521 1629 1622; baseline 0.001 -28"><span class='ocrx_word' id='word_1_70' title='bbox 125 1537 165 1594; x_wconf 90' lang='lat' dir='ltr'>et</span> <span class='ocrx_word' id='word_1_71' title='bbox 192 1522 338 1622; x_wconf 85' lang='lat' dir='ltr'>integra</span> <span class='ocrx_word' id='word_1_72' title='bbox 366 1522 543 1598; x_wconf 83' lang='lat' dir='ltr'>facultate</span> <span class='ocrx_word' id='word_1_73' title='bbox 572 1525 791 1618; x_wconf 79' lang='lat' dir='ltr'>electionem</span> <span class='ocrx_word' id='word_1_74' title='bbox 821 1525 1034 1598; x_wconf 89' lang='lat' dir='ltr'>huiusmodi</span> <span class='ocrx_word' id='word_1_75' title='bbox 1067 1522 1235 1609; x_wconf 83' lang='lat' dir='ltr'>faciendi,</span> <span class='ocrx_word' id='word_1_76' title='bbox 1267 1524 1501 1618; x_wconf 87' lang='lat' dir='ltr'>servatisque</span> <span class='ocrx_word' id='word_1_77' title='bbox 1536 1521 1629 1596; x_wconf 87' lang='lat' dir='ltr'>alias</span> 
     </span>
     <span class='ocr_line' id='line_1_11' title="bbox 126 1648 1628 1745; baseline 0.001 -25"><span class='ocrx_word' id='word_1_78' title='bbox 126 1649 172 1720; x_wconf 92' lang='lat' dir='ltr'>de</span> <span class='ocrx_word' id='word_1_79' title='bbox 200 1673 306 1721; x_wconf 91' lang='lat' dir='ltr'>more</span> <span class='ocrx_word' id='word_1_80' title='bbox 325 1650 518 1722; x_wconf 91' lang='lat' dir='ltr'>servandis</span> <span class='ocrx_word' id='word_1_81' title='bbox 548 1674 617 1745; x_wconf 93' lang='lat' dir='ltr'>pro</span> <span class='ocrx_word' id='word_1_82' title='bbox 645 1651 867 1724; x_wconf 88' lang='lat' dir='ltr'>executione</span> <span class='ocrx_word' id='word_1_83' title='bbox 896 1666 935 1723; x_wconf 90' lang='lat' dir='ltr'>et</span> <span class='ocrx_word' id='word_1_84' title='bbox 963 1649 1190 1722; x_wconf 91' lang='lat' dir='ltr'>admissione</span> <span class='ocrx_word' id='word_1_85' title='bbox 1220 1648 1412 1722; x_wconf 88' lang='lat' dir='ltr'>electionis</span> <span class='ocrx_word' id='word_1_86' title='bbox 1441 1665 1478 1721; x_wconf 91' lang='lat' dir='ltr'>et</span> <span class='ocrx_word' id='word_1_87' title='bbox 1512 1649 1628 1721; x_wconf 91' lang='lat' dir='ltr'>nomi-</span> 
     </span>
     <span class='ocr_line' id='line_1_12' title="bbox 127 1772 1630 1870; baseline 0 -26"><span class='ocrx_word' id='word_1_88' title='bbox 127 1772 288 1846; x_wconf 85' lang='lat' dir='ltr'>nationis</span> <span class='ocrx_word' id='word_1_89' title='bbox 302 1773 527 1850; x_wconf 91' lang='lat' dir='ltr'>huiusmodi.</span> <span class='ocrx_word' id='word_1_90' title='bbox 545 1773 729 1848; x_wconf 88' lang='lat' dir='ltr'>Volumus</span> <span class='ocrx_word' id='word_1_91' title='bbox 748 1791 874 1847; x_wconf 90' lang='lat' dir='ltr'>autem</span> <span class='ocrx_word' id='word_1_92' title='bbox 892 1791 932 1847; x_wconf 92' lang='lat' dir='ltr'>ut</span> <span class='ocrx_word' id='word_1_93' title='bbox 951 1775 1082 1869; x_wconf 90' lang='lat' dir='ltr'>pensio</span> <span class='ocrx_word' id='word_1_94' title='bbox 1103 1775 1297 1870; x_wconf 89' lang='lat' dir='ltr'>praedicta</span> <span class='ocrx_word' id='word_1_95' title='bbox 1311 1774 1374 1858; x_wconf 90' lang='lat' dir='ltr'>sic,</span> <span class='ocrx_word' id='word_1_96' title='bbox 1393 1790 1434 1846; x_wconf 94' lang='lat' dir='ltr'>ut</span> <span class='ocrx_word' id='word_1_97' title='bbox 1452 1776 1630 1870; x_wconf 87' lang='lat' dir='ltr'>praemit-</span> 
     </span>
     <span class='ocr_line' id='line_1_13' title="bbox 126 1897 1624 1997; baseline 0.002 -29"><span class='ocrx_word' id='word_1_98' title='bbox 126 1897 214 1970; x_wconf 87' lang='lat' dir='ltr'>titur</span> <span class='ocrx_word' id='word_1_99' title='bbox 242 1901 455 1982; x_wconf 87' lang='lat' dir='ltr'>constituta,</span> <span class='ocrx_word' id='word_1_100' title='bbox 485 1917 525 1974; x_wconf 89' lang='lat' dir='ltr'>et</span> <span class='ocrx_word' id='word_1_101' title='bbox 551 1901 746 1997; x_wconf 87' lang='lat' dir='ltr'>assignata</span> <span class='ocrx_word' id='word_1_102' title='bbox 772 1901 894 1973; x_wconf 90' lang='lat' dir='ltr'>eidem</span> <span class='ocrx_word' id='word_1_103' title='bbox 930 1900 1114 1997; x_wconf 86' lang='lat' dir='ltr'>Nlagistro</span> <span class='ocrx_word' id='word_1_104' title='bbox 1144 1899 1300 1995; x_wconf 80' lang='lat' dir='ltr'>Aloysio</span> <span class='ocrx_word' id='word_1_105' title='bbox 1335 1898 1486 1972; x_wconf 91' lang='lat' dir='ltr'>Zinanni</span> <span class='ocrx_word' id='word_1_106' title='bbox 1514 1924 1538 1971; x_wconf 90' lang='lat' dir='ltr'>a</span> <span class='ocrx_word' id='word_1_107' title='bbox 1565 1897 1624 1971; x_wconf 90' lang='lat' dir='ltr'>die</span> 
     </span>
     <span class='ocr_line' id='line_1_14' title="bbox 126 2023 1629 2121; baseline 0.002 -28"><span class='ocrx_word' id='word_1_108' title='bbox 126 2023 399 2110; x_wconf 89' lang='lat' dir='ltr'>nominationis,</span> <span class='ocrx_word' id='word_1_109' title='bbox 421 2026 578 2121; x_wconf 89' lang='lat' dir='ltr'>eiusque</span> <span class='ocrx_word' id='word_1_110' title='bbox 600 2027 636 2098; x_wconf 93' lang='lat' dir='ltr'>in</span> <span class='ocrx_word' id='word_1_111' title='bbox 654 2025 813 2097; x_wconf 84' lang='lat' dir='ltr'>officium</span> <span class='ocrx_word' id='word_1_112' title='bbox 836 2025 1047 2097; x_wconf 92' lang='lat' dir='ltr'>huiusmodi</span> <span class='ocrx_word' id='word_1_113' title='bbox 1068 2025 1349 2098; x_wconf 89' lang='lat' dir='ltr'>successoribus</span> <span class='ocrx_word' id='word_1_114' title='bbox 1369 2049 1439 2120; x_wconf 91' lang='lat' dir='ltr'>pro</span> <span class='ocrx_word' id='word_1_115' title='bbox 1458 2040 1629 2120; x_wconf 90' lang='lat' dir='ltr'>tempore</span> 
     </span>
     <span class='ocr_line' id='line_1_15' title="bbox 125 2147 1629 2246; baseline 0.001 -27"><span class='ocrx_word' id='word_1_116' title='bbox 125 2147 224 2220; x_wconf 89' lang='lat' dir='ltr'>etin</span> <span class='ocrx_word' id='word_1_117' title='bbox 256 2165 479 2244; x_wconf 90' lang='lat' dir='ltr'>perpetuum</span> <span class='ocrx_word' id='word_1_118' title='bbox 509 2151 766 2232; x_wconf 89' lang='lat' dir='ltr'>existentibus,</span> <span class='ocrx_word' id='word_1_119' title='bbox 798 2149 913 2223; x_wconf 89' lang='lat' dir='ltr'>libere</span> <span class='ocrx_word' id='word_1_120' title='bbox 948 2150 1195 2246; x_wconf 85' lang='lat' dir='ltr'>persolvatur.</span> <span class='ocrx_word' id='word_1_121' title='bbox 1228 2149 1497 2232; x_wconf 75' lang='lat' dir='ltr'>Decernentes</span> <span class='ocrx_word' id='word_1_122' title='bbox 1524 2173 1629 2245; x_wconf 89' lang='lat' dir='ltr'>prae·</span> 
     </span>
     <span class='ocr_line' id='line_1_16' title="bbox 126 2273 1625 2370; baseline 0.002 -27"><span class='ocrx_word' id='word_1_123' title='bbox 126 2287 253 2346; x_wconf 88' lang='lat' dir='ltr'>sentes</span> <span class='ocrx_word' id='word_1_124' title='bbox 290 2273 434 2347; x_wconf 89' lang='lat' dir='ltr'>litteras</span> <span class='ocrx_word' id='word_1_125' title='bbox 471 2273 597 2347; x_wconf 86' lang='lat' dir='ltr'>firmas</span> <span class='ocrx_word' id='word_1_126' title='bbox 634 2299 786 2370; x_wconf 89' lang='lat' dir='ltr'>semper</span> <span class='ocrx_word' id='word_1_127' title='bbox 813 2273 956 2348; x_wconf 89' lang='lat' dir='ltr'>validas</span> <span class='ocrx_word' id='word_1_128' title='bbox 991 2289 1029 2348; x_wconf 89' lang='lat' dir='ltr'>et</span> <span class='ocrx_word' id='word_1_129' title='bbox 1065 2273 1236 2347; x_wconf 83' lang='lat' dir='ltr'>efficaces</span> <span class='ocrx_word' id='word_1_130' title='bbox 1273 2276 1435 2347; x_wconf 86' lang='lat' dir='ltr'>existere</span> <span class='ocrx_word' id='word_1_131' title='bbox 1469 2290 1508 2346; x_wconf 89' lang='lat' dir='ltr'>et</span> <span class='ocrx_word' id='word_1_132' title='bbox 1536 2273 1625 2360; x_wconf 84' lang='lat' dir='ltr'>sore,</span> 
     </span>
     <span class='ocr_line' id='line_1_17' title="bbox 126 2397 1628 2504; baseline 0.001 -35"><span class='ocrx_word' id='word_1_133' title='bbox 126 2421 293 2493; x_wconf 88' lang='lat' dir='ltr'>suosque</span> <span class='ocrx_word' id='word_1_134' title='bbox 330 2398 518 2494; x_wconf 90' lang='lat' dir='ltr'>plenarios</span> <span class='ocrx_word' id='word_1_135' title='bbox 550 2415 591 2472; x_wconf 89' lang='lat' dir='ltr'>et</span> <span class='ocrx_word' id='word_1_136' title='bbox 625 2399 794 2498; x_wconf 85' lang='lat' dir='ltr'>integros</span> <span class='ocrx_word' id='word_1_137' title='bbox 832 2399 988 2504; x_wconf 83' lang='lat' dir='ltr'>effectus</span> <span class='ocrx_word' id='word_1_138' title='bbox 1017 2397 1140 2471; x_wconf 91' lang='lat' dir='ltr'>sortiri</span> <span class='ocrx_word' id='word_1_139' title='bbox 1168 2414 1208 2471; x_wconf 90' lang='lat' dir='ltr'>et</span> <span class='ocrx_word' id='word_1_140' title='bbox 1235 2399 1416 2482; x_wconf 88' lang='lat' dir='ltr'>obtinere,</span> <span class='ocrx_word' id='word_1_141' title='bbox 1453 2399 1628 2492; x_wconf 90' lang='lat' dir='ltr'>dictoque</span> 
     </span>
     <span class='ocr_line' id='line_1_18' title="bbox 126 2522 1627 2620; baseline 0.001 -27"><span class='ocrx_word' id='word_1_142' title='bbox 126 2522 312 2620; x_wconf 84' lang='lat' dir='ltr'>Magistro</span> <span class='ocrx_word' id='word_1_143' title='bbox 331 2523 494 2608; x_wconf 88' lang='lat' dir='ltr'>Zinanni,</span> <span class='ocrx_word' id='word_1_144' title='bbox 514 2525 673 2620; x_wconf 89' lang='lat' dir='ltr'>eiusque</span> <span class='ocrx_word' id='word_1_145' title='bbox 694 2525 988 2610; x_wconf 89' lang='lat' dir='ltr'>successoribus,</span> <span class='ocrx_word' id='word_1_146' title='bbox 1005 2548 1072 2597; x_wconf 90' lang='lat' dir='ltr'>nec</span> <span class='ocrx_word' id='word_1_147' title='bbox 1092 2547 1166 2596; x_wconf 91' lang='lat' dir='ltr'>non</span> <span class='ocrx_word' id='word_1_148' title='bbox 1186 2522 1399 2597; x_wconf 89' lang='lat' dir='ltr'>Provinciae</span> <span class='ocrx_word' id='word_1_149' title='bbox 1415 2524 1627 2619; x_wconf 87' lang='lat' dir='ltr'>praedictae</span> 
     </span>
     <span class='ocr_line' id='line_1_19' title="bbox 125 2647 1628 2746; baseline 0 -26"><span class='ocrx_word' id='word_1_150' title='bbox 125 2647 337 2744; x_wconf 89' lang='lat' dir='ltr'>plenissime</span> <span class='ocrx_word' id='word_1_151' title='bbox 373 2647 568 2746; x_wconf 80' lang='lat' dir='ltr'>suflragari</span> <span class='ocrx_word' id='word_1_152' title='bbox 600 2674 644 2722; x_wconf 92' lang='lat' dir='ltr'>ac</span> <span class='ocrx_word' id='word_1_153' title='bbox 677 2651 726 2723; x_wconf 89' lang='lat' dir='ltr'>ab</span> <span class='ocrx_word' id='word_1_154' title='bbox 763 2649 936 2723; x_wconf 92' lang='lat' dir='ltr'>omnibus</span> <span class='ocrx_word' id='word_1_155' title='bbox 969 2647 1018 2721; x_wconf 86' lang='lat' dir='ltr'>ad</span> <span class='ocrx_word' id='word_1_156' title='bbox 1053 2671 1149 2743; x_wconf 91' lang='lat' dir='ltr'>quos</span> <span class='ocrx_word' id='word_1_157' title='bbox 1178 2663 1335 2744; x_wconf 90' lang='lat' dir='ltr'>spectat,</span> <span class='ocrx_word' id='word_1_158' title='bbox 1366 2664 1404 2720; x_wconf 93' lang='lat' dir='ltr'>et</span> <span class='ocrx_word' id='word_1_159' title='bbox 1442 2647 1628 2742; x_wconf 89' lang='lat' dir='ltr'>spectabit</span> 
     </span>
     <span class='ocr_line' id='line_1_20' title="bbox 124 2771 1624 2870; baseline 0 -25"><span class='ocrx_word' id='word_1_160' title='bbox 124 2772 407 2870; x_wconf 89' lang='lat' dir='ltr'>quomodolibet</span> <span class='ocrx_word' id='word_1_161' title='bbox 434 2774 470 2846; x_wconf 92' lang='lat' dir='ltr'>in</span> <span class='ocrx_word' id='word_1_162' title='bbox 498 2774 673 2858; x_wconf 79' lang='lat' dir='ltr'>futurum,</span> <span class='ocrx_word' id='word_1_163' title='bbox 695 2771 953 2849; x_wconf 90' lang='lat' dir='ltr'>inviolabiliter</span> <span class='ocrx_word' id='word_1_164' title='bbox 981 2773 1193 2858; x_wconf 90' lang='lat' dir='ltr'>observari;</span> <span class='ocrx_word' id='word_1_165' title='bbox 1213 2799 1257 2846; x_wconf 89' lang='lat' dir='ltr'>ac</span> <span class='ocrx_word' id='word_1_166' title='bbox 1285 2773 1426 2845; x_wconf 90' lang='lat' dir='ltr'>irritum</span> <span class='ocrx_word' id='word_1_167' title='bbox 1447 2789 1485 2845; x_wconf 89' lang='lat' dir='ltr'>et</span> <span class='ocrx_word' id='word_1_168' title='bbox 1504 2773 1624 2855; x_wconf 90' lang='lat' dir='ltr'>inane,</span> 
     </span>
     <span class='ocr_line' id='line_1_21' title="bbox 124 2897 1623 2995; baseline -0.001 -24"><span class='ocrx_word' id='word_1_169' title='bbox 124 2901 152 2971; x_wconf 92' lang='lat' dir='ltr'>si</span> <span class='ocrx_word' id='word_1_170' title='bbox 167 2923 279 2971; x_wconf 91' lang='lat' dir='ltr'>secus</span> <span class='ocrx_word' id='word_1_171' title='bbox 299 2923 415 2993; x_wconf 87' lang='lat' dir='ltr'>super</span> <span class='ocrx_word' id='word_1_172' title='bbox 428 2897 484 2970; x_wconf 89' lang='lat' dir='ltr'>his</span> <span class='ocrx_word' id='word_1_173' title='bbox 500 2925 522 2972; x_wconf 89' lang='lat' dir='ltr'>a</span> <span class='ocrx_word' id='word_1_174' title='bbox 538 2924 729 2995; x_wconf 90' lang='lat' dir='ltr'>quoquam</span> <span class='ocrx_word' id='word_1_175' title='bbox 746 2899 878 2995; x_wconf 88' lang='lat' dir='ltr'>quavis</span> <span class='ocrx_word' id='word_1_176' title='bbox 893 2897 1125 2980; x_wconf 84' lang='lat' dir='ltr'>auctoritate.</span> <span class='ocrx_word' id='word_1_177' title='bbox 1145 2899 1305 2972; x_wconf 90' lang='lat' dir='ltr'>scienter</span> <span class='ocrx_word' id='word_1_178' title='bbox 1323 2897 1380 2970; x_wconf 94' lang='lat' dir='ltr'>vel</span> <span class='ocrx_word' id='word_1_179' title='bbox 1396 2897 1623 2993; x_wconf 88' lang='lat' dir='ltr'>ignoranter,</span> 
     </span>
    </p>
   </div>
   <div class='ocr_carea' id='block_1_3' title="bbox 123 3019 1625 3738">
    <p class='ocr_par' dir='ltr' id='par_1_3' title="bbox 123 3019 1625 3493">
     <span class='ocr_line' id='line_1_22' title="bbox 125 3019 1625 3122; baseline -0.001 -26"><span class='ocrx_word' id='word_1_180' title='bbox 125 3023 326 3122; x_wconf 86' lang='lat' dir='ltr'>contigerit</span> <span class='ocrx_word' id='word_1_181' title='bbox 360 3025 548 3098; x_wconf 86' lang='lat' dir='ltr'>attentari.</span> <span class='ocrx_word' id='word_1_182' title='bbox 586 3023 671 3096; x_wconf 94' lang='lat' dir='ltr'>Non</span> <span class='ocrx_word' id='word_1_183' title='bbox 699 3024 938 3099; x_wconf 89' lang='lat' dir='ltr'>obstantibus</span> <span class='ocrx_word' id='word_1_184' title='bbox 968 3022 1307 3097; x_wconf 88' lang='lat' dir='ltr'>Constitutionibus</span> <span class='ocrx_word' id='word_1_185' title='bbox 1335 3037 1375 3095; x_wconf 90' lang='lat' dir='ltr'>et</span> <span class='ocrx_word' id='word_1_186' title='bbox 1408 3019 1625 3094; x_wconf 89' lang='lat' dir='ltr'>Ordinatio·</span> 
     </span>
     <span class='ocr_line' id='line_1_23' title="bbox 125 3145 1624 3244; baseline -0.001 -24"><span class='ocrx_word' id='word_1_187' title='bbox 125 3151 227 3224; x_wconf 90' lang='lat' dir='ltr'>nibus</span> <span class='ocrx_word' id='word_1_188' title='bbox 247 3145 416 3244; x_wconf 84' lang='lat' dir='ltr'>Aplicis,</span> <span class='ocrx_word' id='word_1_189' title='bbox 441 3171 584 3222; x_wconf 92' lang='lat' dir='ltr'>necnon</span> <span class='ocrx_word' id='word_1_190' title='bbox 604 3148 726 3222; x_wconf 87' lang='lat' dir='ltr'>dictae</span> <span class='ocrx_word' id='word_1_191' title='bbox 746 3149 959 3222; x_wconf 89' lang='lat' dir='ltr'>Provinciae</span> <span class='ocrx_word' id='word_1_192' title='bbox 979 3149 1091 3220; x_wconf 87' lang='lat' dir='ltr'>etiam</span> <span class='ocrx_word' id='word_1_193' title='bbox 1111 3147 1320 3220; x_wconf 88' lang='lat' dir='ltr'>iuramento</span> <span class='ocrx_word' id='word_1_194' title='bbox 1344 3145 1624 3220; x_wconf 86' lang='lat' dir='ltr'>confirmatione</span> 
     </span>
     <span class='ocr_line' id='line_1_24' title="bbox 125 3269 1624 3368; baseline -0.002 -24"><span class='ocrx_word' id='word_1_195' title='bbox 125 3273 270 3368; x_wconf 86' lang='lat' dir='ltr'>Aplica</span> <span class='ocrx_word' id='word_1_196' title='bbox 297 3272 356 3345; x_wconf 92' lang='lat' dir='ltr'>vel</span> <span class='ocrx_word' id='word_1_197' title='bbox 385 3271 518 3367; x_wconf 91' lang='lat' dir='ltr'>quavis</span> <span class='ocrx_word' id='word_1_198' title='bbox 546 3271 720 3346; x_wconf 82' lang='lat' dir='ltr'>firmitate</span> <span class='ocrx_word' id='word_1_199' title='bbox 747 3273 819 3344; x_wconf 88' lang='lat' dir='ltr'>alia</span> <span class='ocrx_word' id='word_1_200' title='bbox 839 3271 1024 3346; x_wconf 88' lang='lat' dir='ltr'>roboratis</span> <span class='ocrx_word' id='word_1_201' title='bbox 1045 3269 1204 3344; x_wconf 86' lang='lat' dir='ltr'>Statutis</span> <span class='ocrx_word' id='word_1_202' title='bbox 1224 3285 1262 3343; x_wconf 89' lang='lat' dir='ltr'>et</span> <span class='ocrx_word' id='word_1_203' title='bbox 1280 3270 1624 3354; x_wconf 87' lang='lat' dir='ltr'>consuetudinibus,</span> 
     </span>
     <span class='ocr_line' id='line_1_25' title="bbox 123 3395 923 3493; baseline 0.003 -24"><span class='ocrx_word' id='word_1_204' title='bbox 123 3397 358 3492; x_wconf 88' lang='lat' dir='ltr'>caeterisque</span> <span class='ocrx_word' id='word_1_205' title='bbox 387 3395 582 3470; x_wconf 91' lang='lat' dir='ltr'>contrariis</span> <span class='ocrx_word' id='word_1_206' title='bbox 615 3397 923 3493; x_wconf 87' lang='lat' dir='ltr'>quibuscumque.</span> 
     </span>
    </p>

    <p class='ocr_par' dir='ltr' id='par_1_4' title="bbox 123 3519 1623 3738">
     <span class='ocr_line' id='line_1_26' title="bbox 202 3519 1622 3616; baseline -0.002 -22"><span class='ocrx_word' id='word_1_207' title='bbox 202 3521 346 3594; x_wconf 91' lang='lat' dir='ltr'>Datum</span> <span class='ocrx_word' id='word_1_208' title='bbox 368 3521 523 3607; x_wconf 88' lang='lat' dir='ltr'>Romae,</span> <span class='ocrx_word' id='word_1_209' title='bbox 550 3519 651 3616; x_wconf 88' lang='lat' dir='ltr'>apud</span> <span class='ocrx_word' id='word_1_210' title='bbox 680 3521 718 3595; x_wconf 88' lang='lat' dir='ltr'>S.</span> <span class='ocrx_word' id='word_1_211' title='bbox 742 3521 899 3596; x_wconf 86' lang='lat' dir='ltr'>Mariam</span> <span class='ocrx_word' id='word_1_212' title='bbox 931 3521 1124 3606; x_wconf 85' lang='lat' dir='ltr'>Maiorem,</span> <span class='ocrx_word' id='word_1_213' title='bbox 1147 3523 1217 3593; x_wconf 90' lang='lat' dir='ltr'>sub</span> <span class='ocrx_word' id='word_1_214' title='bbox 1245 3519 1382 3592; x_wconf 87' lang='lat' dir='ltr'>annulo</span> <span class='ocrx_word' id='word_1_215' title='bbox 1413 3519 1622 3606; x_wconf 84' lang='lat' dir='ltr'>Piscatoris,</span> 
     </span>
     <span class='ocr_line' id='line_1_27' title="bbox 123 3643 1623 3738; baseline 0.002 -23"><span class='ocrx_word' id='word_1_216' title='bbox 123 3643 180 3718; x_wconf 91' lang='lat' dir='ltr'>die</span> <span class='ocrx_word' id='word_1_217' title='bbox 208 3668 332 3718; x_wconf 88' lang='lat' dir='ltr'>xxv111</span> <span class='ocrx_word' id='word_1_218' title='bbox 361 3646 448 3719; x_wconf 90' lang='lat' dir='ltr'>iunii</span> <span class='ocrx_word' id='word_1_219' title='bbox 475 3668 677 3720; x_wconf 83' lang='lat' dir='ltr'>uucccxv1.</span> <span class='ocrx_word' id='word_1_220' title='bbox 710 3645 950 3719; x_wconf 77' lang='lat' dir='ltr'>pontificatus</span> <span class='ocrx_word' id='word_1_221' title='bbox 980 3645 1110 3718; x_wconf 89' lang='lat' dir='ltr'>Nostri</span> <span class='ocrx_word' id='word_1_222' title='bbox 1144 3668 1244 3718; x_wconf 89' lang='lat' dir='ltr'>anno</span> <span class='ocrx_word' id='word_1_223' title='bbox 1276 3645 1422 3718; x_wconf 91' lang='lat' dir='ltr'>decimo</span> <span class='ocrx_word' id='word_1_224' title='bbox 1451 3645 1623 3738; x_wconf 89' lang='lat' dir='ltr'>septimo.</span> 
     </span>
    </p>
   </div>
   <div class='ocr_carea' id='block_1_4' title="bbox 424 3805 1325 4005">
    <p class='ocr_par' dir='ltr' id='par_1_5' title="bbox 424 3779 1325 4005">
     <span class='ocr_line' id='line_1_28' title="bbox 424 3805 1325 3881; baseline 0 -5"><span class='ocrx_word' id='word_1_225' title='bbox 424 3805 494 3880; x_wconf 92' lang='lat' dir='ltr'>Pro</span> <span class='ocrx_word' id='word_1_226' title='bbox 525 3805 688 3879; x_wconf 90' lang='lat' dir='ltr'>Domino</span> <span class='ocrx_word' id='word_1_227' title='bbox 717 3805 830 3881; x_wconf 85' lang='lat' dir='ltr'>Card.</span> <span class='ocrx_word' id='word_1_228' title='bbox 864 3806 1043 3880; x_wconf 89' lang='lat' dir='ltr'>Braschio</span> <span class='ocrx_word' id='word_1_229' title='bbox 1071 3807 1118 3878; x_wconf 90' lang='lat' dir='ltr'>de</span> <span class='ocrx_word' id='word_1_230' title='bbox 1148 3805 1325 3879; x_wconf 90' lang='lat' dir='ltr'>Horestis</span> 
     </span>
     <span class='ocr_line' id='line_1_29' title="bbox 620 3929 1123 4005; baseline 0.006 -3"><span class='ocrx_word' id='word_1_231' title='bbox 620 3931 658 4004; x_wconf 90' lang='lat' dir='ltr'>P.</span> <span class='ocrx_word' id='word_1_232' title='bbox 693 3931 848 4003; x_wconf 88' lang='lat' dir='ltr'>Bernius</span> <span class='ocrx_word' id='word_1_233' title='bbox 877 3929 1123 4005; x_wconf 78' lang='lat' dir='ltr'>Substitutus</span> 
     </span>
    </p>
   </div>
   <div class='ocr_carea' id='block_1_5' title="bbox 831 4246 920 4325">
    <p class='ocr_par' dir='ltr' id='par_1_6' title="bbox 831 4246 920 4325">
     <span class='ocr_line' id='line_1_30' title="bbox 831 4246 920 4325; baseline -0.011 0"><span class='ocrx_word' id='word_1_234' title='bbox 831 4246 920 4325; x_wconf 82' lang='lat'>508.</span> 
     </span>
    </p>
   </div>
   <div class='ocr_carea' id='block_1_6' title="bbox 124 4387 1630 4868">
    <p class='ocr_par' dir='ltr' id='par_1_7' title="bbox 124 4387 1630 4716">
     <span class='ocr_line' id='line_1_31' title="bbox 124 4387 1630 4490; baseline -0.002 -27"><span class='ocrx_word' id='word_1_235' title='bbox 124 4390 311 4464; x_wconf 83' lang='lat' dir='ltr'>Promotz&#39;o</span> <span class='ocrx_word' id='word_1_236' title='bbox 338 4391 431 4465; x_wconf 72' lang='lat' dir='ltr'>an·</span> <span class='ocrx_word' id='word_1_237' title='bbox 463 4391 610 4465; x_wconf 80' lang='lat' dir='ltr'>Decani</span> <span class='ocrx_word' id='word_1_238' title='bbox 637 4389 692 4463; x_wconf 84' lang='lat' dir='ltr'>ad</span> <span class='ocrx_word' id='word_1_239' title='bbox 716 4391 975 4490; x_wconf 79' lang='lat' dir='ltr'>Episcopalum</span> <span class='ocrx_word' id='word_1_240' title='bbox 1004 4391 1182 4464; x_wconf 70' lang='lat' dir='ltr'>Aeszirum</span> <span class='ocrx_word' id='word_1_241' title='bbox 1214 4400 1249 4464; x_wconf 80' lang='lat' dir='ltr'>et</span> <span class='ocrx_word' id='word_1_242' title='bbox 1279 4388 1380 4486; x_wconf 77' lang='lat' dir='ltr'>de.</span> <span class='ocrx_word' id='word_1_243' title='bbox 1410 4387 1630 4463; x_wconf 78' lang='lat' dir='ltr'>Alexandri</span> 
     </span>
     <span class='ocr_line' id='line_1_32' title="bbox 210 4511 1626 4602; baseline -0.001 -14"><span class='ocrx_word' id='word_1_244' title='bbox 210 4517 247 4588; x_wconf 91' lang='lat' dir='ltr'><em>T</em></span> <span class='ocrx_word' id='word_1_245' title='bbox 242 4516 374 4602; x_wconf 71' lang='lat' dir='ltr'>aaroni,</span> <span class='ocrx_word' id='word_1_246' title='bbox 405 4515 602 4590; x_wconf 80' lang='lat' dir='ltr'>Audr&#39;torz&#39;s</span> <span class='ocrx_word' id='word_1_247' title='bbox 628 4524 664 4587; x_wconf 78' lang='lat' dir='ltr'>et</span> <span class='ocrx_word' id='word_1_248' title='bbox 692 4513 902 4588; x_wconf 69' lang='lat' dir='ltr'>camerarii</span> <span class='ocrx_word' id='word_1_249' title='bbox 919 4516 1046 4598; x_wconf 78' lang='lat' dir='ltr'>Rotae,</span> <span class='ocrx_word' id='word_1_250' title='bbox 1079 4515 1134 4588; x_wconf 82' lang='lat' dir='ltr'>ad</span> <span class='ocrx_word' id='word_1_251' title='bbox 1157 4541 1288 4588; x_wconf 84' lang='lat' dir='ltr'>munus</span> <span class='ocrx_word' id='word_1_252' title='bbox 1315 4514 1511 4587; x_wconf 83' lang='lat' dir='ltr'>Audz&#39;lorr&#39;s</span> <span class='ocrx_word' id='word_1_253' title='bbox 1530 4511 1626 4586; x_wconf 87' lang='lat' dir='ltr'>San·</span> 
     </span>
     <span class='ocr_line' id='line_1_33' title="bbox 203 4640 363 4716; baseline 0.006 -2"><span class='ocrx_word' id='word_1_254' title='bbox 203 4640 363 4716; x_wconf 67' lang='lat' dir='ltr'>ctrrsr&#39;mi.</span> 
     </span>
    </p>

    <p class='ocr_par' dir='ltr' id='par_1_8' title="bbox 202 4793 880 4868">
     <span class='ocr_line' id='line_1_34' title="bbox 202 4793 880 4868; baseline 0.001 -14"><span class='ocrx_word' id='word_1_255' title='bbox 202 4796 318 4868; x_wconf 69' lang='lat' dir='ltr'>(Accu.</span> <span class='ocrx_word' id='word_1_256' title='bbox 336 4794 423 4868; x_wconf 68' lang='lat' dir='ltr'>Rom,</span> <span class='ocrx_word' id='word_1_257' title='bbox 447 4794 638 4854; x_wconf 72' lang='lat' dir='ltr'>‹Drbrr&#39;um</span> <span class='ocrx_word' id='word_1_258' title='bbox 659 4793 834 4854; x_wconf 80' lang='lat' dir='ltr'>Camerale</span> <span class='ocrx_word' id='word_1_259' title='bbox 845 4799 880 4867; x_wconf 83' lang='lat'>»).</span> 
     </span>
    </p>
   </div>
   <div class='ocr_carea' id='block_1_7' title="bbox 647 4975 1103 5050">
    <p class='ocr_par' dir='ltr' id='par_1_9' title="bbox 647 4975 1103 5050">
     <span class='ocr_line' id='line_1_35' title="bbox 647 4975 1103 5050; baseline 0.009 -4"><span class='ocrx_word' id='word_1_260' title='bbox 647 4975 774 5049; x_wconf 90' lang='lat' dir='ltr'>Lunae</span> <span class='ocrx_word' id='word_1_261' title='bbox 806 5002 851 5050; x_wconf 86' lang='lat'>22</span> <span class='ocrx_word' id='word_1_262' title='bbox 883 4975 958 5049; x_wconf 91' lang='lat' dir='ltr'>iulii</span> <span class='ocrx_word' id='word_1_263' title='bbox 993 4981 1103 5050; x_wconf 89' lang='lat'>1816.</span> 
     </span>
    </p>
   </div>
   <div class='ocr_carea' id='block_1_8' title="bbox 122 5133 1624 5482">
    <p class='ocr_par' dir='ltr' id='par_1_10' title="bbox 122 5133 1624 5482">
     <span class='ocr_line' id='line_1_36' title="bbox 206 5133 1624 5228; baseline 0.003 -22"><span class='ocrx_word' id='word_1_264' title='bbox 206 5133 289 5208; x_wconf 89' lang='lat' dir='ltr'>Hoc</span> <span class='ocrx_word' id='word_1_265' title='bbox 310 5159 418 5208; x_wconf 87' lang='lat' dir='ltr'>mane</span> <span class='ocrx_word' id='word_1_266' title='bbox 438 5149 527 5228; x_wconf 89' lang='lat' dir='ltr'>post</span> <span class='ocrx_word' id='word_1_267' title='bbox 546 5135 714 5210; x_wconf 90' lang='lat' dir='ltr'>solemne</span> <span class='ocrx_word' id='word_1_268' title='bbox 734 5136 901 5210; x_wconf 90' lang='lat' dir='ltr'>habitum</span> <span class='ocrx_word' id='word_1_269' title='bbox 919 5135 1192 5210; x_wconf 89' lang='lat' dir='ltr'>Concistorium</span> <span class='ocrx_word' id='word_1_270' title='bbox 1207 5194 1256 5222; x_wconf 88' lang='lat'>,...</span> <span class='ocrx_word' id='word_1_271' title='bbox 1278 5137 1373 5210; x_wconf 79' lang='lat' dir='ltr'>Rn&#39;rs</span> <span class='ocrx_word' id='word_1_272' title='bbox 1394 5137 1432 5211; x_wconf 94' lang='lat' dir='ltr'>P.</span> <span class='ocrx_word' id='word_1_273' title='bbox 1450 5136 1498 5211; x_wconf 94' lang='lat' dir='ltr'>D.</span> <span class='ocrx_word' id='word_1_274' title='bbox 1518 5163 1624 5210; x_wconf 92' lang='lat' dir='ltr'>meus</span> 
     </span>
     <span class='ocr_line' id='line_1_37' title="bbox 122 5255 1623 5346; baseline 0.003 -16"><span class='ocrx_word' id='word_1_275' title='bbox 122 5255 275 5331; x_wconf 89' lang='lat' dir='ltr'>Cesarei</span> <span class='ocrx_word' id='word_1_276' title='bbox 306 5258 365 5332; x_wconf 87' lang='lat' dir='ltr'>De</span> <span class='ocrx_word' id='word_1_277' title='bbox 394 5259 597 5344; x_wconf 71' lang='lat' dir='ltr'>Leonibus</span> <span class='ocrx_word' id='word_1_278' title='bbox 629 5259 815 5346; x_wconf 71' lang='lat' dir='ltr'>Decanus</span> <span class='ocrx_word' id='word_1_279' title='bbox 843 5261 891 5336; x_wconf 89' lang='lat' dir='ltr'>de</span> <span class='ocrx_word' id='word_1_280' title='bbox 918 5261 989 5335; x_wconf 90' lang='lat' dir='ltr'>hoc</span> <span class='ocrx_word' id='word_1_281' title='bbox 1018 5261 1207 5334; x_wconf 83' lang='lat' dir='ltr'>Tribunali</span> <span class='ocrx_word' id='word_1_282' title='bbox 1237 5277 1313 5334; x_wconf 88' lang='lat' dir='ltr'>tam</span> <span class='ocrx_word' id='word_1_283' title='bbox 1343 5264 1439 5336; x_wconf 89' lang='lat' dir='ltr'>bene</span> <span class='ocrx_word' id='word_1_284' title='bbox 1469 5264 1623 5336; x_wconf 88' lang='lat' dir='ltr'>meritus</span> 
     </span>
     <span class='ocr_line' id='line_1_38' title="bbox 125 5380 1624 5482; baseline 0.005 -29"><span class='ocrx_word' id='word_1_285' title='bbox 125 5380 347 5476; x_wconf 89' lang='lat' dir='ltr'>Epistolium</span> <span class='ocrx_word' id='word_1_286' title='bbox 376 5409 424 5457; x_wconf 90' lang='lat' dir='ltr'>ex</span> <span class='ocrx_word' id='word_1_287' title='bbox 458 5383 579 5458; x_wconf 88' lang='lat' dir='ltr'>officio</span> <span class='ocrx_word' id='word_1_288' title='bbox 614 5387 758 5482; x_wconf 91' lang='lat' dir='ltr'>accepit</span> <span class='ocrx_word' id='word_1_289' title='bbox 795 5386 1004 5460; x_wconf 88' lang='lat' dir='ltr'>Cardinalis</span> <span class='ocrx_word' id='word_1_290' title='bbox 1043 5387 1220 5460; x_wconf 88' lang='lat' dir='ltr'>Consalvi</span> <span class='ocrx_word' id='word_1_291' title='bbox 1248 5413 1271 5460; x_wconf 90' lang='lat' dir='ltr'>a</span> <span class='ocrx_word' id='word_1_292' title='bbox 1298 5386 1462 5461; x_wconf 87' lang='lat' dir='ltr'>Secretis</span> <span class='ocrx_word' id='word_1_293' title='bbox 1493 5387 1624 5461; x_wconf 88' lang='lat' dir='ltr'>Status</span> 
     </span>
    </p>
   </div>
   <div class='ocr_carea' id='block_1_9' title="bbox 0 0 1846 5920">
    <p class='ocr_par' dir='ltr' id='par_1_11' title="bbox 0 0 1846 5920">
     <span class='ocr_line' id='line_1_39' title="bbox 0 0 1846 5920; baseline 0 2"><span class='ocrx_word' id='word_1_294' title='bbox 0 0 1846 5920; x_wconf 95' lang='lat' dir='ltr'> </span> 
     </span>
    </p>
   </div>
  </div>
 </body>
</html>
