3708 5918
752 355 929 427 Bonz'scrcio
948 357 1030 418 VIII
1198 373 1200 378 ’
1602 362 1639 422 65

135 570 255 616 rarum
286 547 499 620 discrimina
528 573 601 643 que
630 549 725 622 inter
754 575 866 646 reges
895 567 933 622 et
962 575 1079 648 regna
1100 577 1166 624 seu
1188 553 1393 648 principum
1415 569 1547 639 terraS,
1570 579 1638 650 per

136 695 207 766 que
236 672 367 744 haberi
397 675 593 746 transitum
624 675 728 771 (quin
757 676 884 770 potius
904 675 1097 748 circuitum
1127 675 1329 774 longevum
1349 693 1388 750 et
1407 678 1636 776 maximum),

137 799 348 890 oportebat,
379 813 466 872 tunc
495 799 669 894 ingruere
698 800 863 892 peccatis
891 800 1129 896 exigentibus
1148 803 1420 888 noscebantur;

217 921 425 994 Pensantes
452 923 564 994 etiam
599 923 702 1016 quod
740 923 951 997 huiusmodi
986 926 1148 999 assertio
1186 927 1342 1022 predicti
1384 930 1639 1022 procuratoris

139 1044 295 1118 Walteri
323 1048 371 1118 de
400 1047 543 1142 prefata
572 1047 781 1131 collatione,
803 1073 916 1144 quam
946 1050 1038 1123 dixit
1064 1051 1200 1124 saetam
1220 1052 1289 1126 sibi
1322 1051 1449 1138 luisse,
1482 1055 1639 1126 conficta

138 1168 304 1242 redditur
332 1195 406 1243 non
435 1173 621 1244 modicum
650 1187 689 1244 et
721 1188 899 1268 suspecta
927 1199 975 1246 ex
1016 1201 1063 1248 eo
1101 1175 1204 1269 quod
1242 1176 1480 1249 collationem
1515 1177 1635 1271 ipsam

139 1319 205 1389 per
232 1296 328 1368 duos
357 1295 437 1370 dies
465 1321 710 1370 memoratam
729 1299 983 1394 provisionem
1004 1321 1171 1374 nostram
1191 1301 1354 1374 asseruit
1382 1304 1637 1398 precessisse;

138 1443 248 1512 quam
277 1419 429 1516 quidem
459 1421 710 1515 suspicionem
741 1423 975 1517 potissimum
1013 1423 1151 1520 ingerit
1191 1424 1349 1520 predicti
1381 1427 1637 1520 procuratoris

134 1541 272 1626 dilatio,
295 1545 384 1638 quin
405 1545 517 1620 immo
536 1545 742 1644 diffugium,
762 1547 812 1620 ad
832 1549 1138 1642 respondendum
1158 1565 1197 1623 et
1216 1549 1426 1624 docendum
1457 1553 1505 1624 de
1531 1566 1635 1626 certo

135 1667 193 1738 die
223 1668 430 1741 collationis
457 1669 625 1743 eiusdem
655 1669 827 1758 walteri,
860 1697 942 1744 cum
972 1674 1053 1769 ipse
1082 1675 1179 1747 diem
1208 1675 1375 1769 predicte
1411 1677 1635 1772 provisionis

136 1810 262 1866 nostre
290 1795 520 1889 presciverit,
551 1811 590 1866 et
619 1798 771 1870 demum
803 1797 1008 1882 confixerit,
1053 1816 1093 1872 ut
1128 1800 1368 1895 premittitur,
1400 1801 1635 1874 collationem

133 1944 240 1990 suam
270 1919 481 1993 huiusmodi
511 1923 760 2016 precessisse;

213 2044 456 2140 Inspicientes
485 2047 639 2141 insuper
666 2049 770 2142 quod
798 2074 885 2142 pars
914 2049 1002 2121 dicti
1031 2049 1190 2124 Walteri
1221 2051 1448 2124 sufficienter
1468 2078 1535 2126 sue
1564 2053 1635 2126 col-

134 2169 282 2241 lationis
311 2168 457 2243 titulum
486 2195 560 2244 non
589 2173 786 2266 expressit,
816 2191 974 2270 propter
1001 2199 1113 2270 quem
1144 2175 1352 2271 predictam
1381 2177 1636 2273 provisionem

132 2319 201 2388 per
242 2319 312 2367 nos
354 2295 500 2388 prelato
543 2299 725 2393 magistro
763 2298 948 2372 Riccardo
976 2299 1111 2372 laetam
1153 2301 1337 2374 incautius
1375 2301 1632 2399 impugnabat,

131 2445 246 2514 quem
277 2421 485 2514 exprimere
513 2420 643 2495 debuit
670 2448 754 2495 curn
783 2424 831 2496 de
860 2423 1075 2519 provisione
1104 2425 1222 2520 ipsius
1250 2424 1421 2522 magistri
1449 2427 1632 2512 Riccardi,

128 2543 178 2616 de
206 2569 284 2642 qua
311 2545 433 2617 dictus
463 2545 668 2620 Walterius
697 2548 732 2619 in
760 2548 1014 2644 appellatione
1043 2573 1112 2622 sua
1139 2549 1278 2623 fecerat
1298 2553 1540 2638 mentionem,
1561 2553 1631 2626 sibi

129 2686 218 2742 ante
246 2670 539 2765 appellationem
569 2670 781 2746 huiusmodi
809 2675 1057 2760 constitisset;

211 2794 468 2868 Advertentes
496 2797 658 2892 denique
687 2797 790 2892 quod
818 2798 1008 2897 inAnglia
1037 2815 1325 2884 consueverunt,
1350 2818 1390 2873 ut
1418 2799 1629 2896 plurimum,

126 2935 261 2992 contra
302 2921 537 3015 provisiones
572 2923 799 3018 apostolicas
837 2923 1076 2998 confictiones
1118 2923 1242 2997 minus
1287 2949 1440 2998 veraces
1478 2926 1630 3022 opponi,

125 3043 385 3119 cavillationes
423 3047 593 3142 nequiter
620 3047 797 3134 adhiberi,
829 3050 936 3145 queri
964 3047 1125 3145 diffugia,
1166 3049 1434 3145 impedimenta
1470 3053 1631 3147 prestari

125 3189 166 3242 et
194 3170 463 3264 occupationes
491 3170 616 3267 inique
646 3173 820 3268 presumi,
851 3187 890 3244 et
919 3171 1003 3246 ideo
1032 3173 1201 3246 volentes
1229 3173 1414 3268 prefatum
1436 3175 1627 3273 negotium

124 3297 178 3368 sic
208 3296 434 3390 provisionis
465 3313 653 3390 oportune
696 3297 861 3370 remedio
899 3299 1045 3370 diffiniri
1088 3299 1191 3393 quod
1233 3299 1380 3395 utrique
1407 3298 1628 3398 litigantium

124 3420 383 3514 predictorum
411 3419 591 3493 reddatur
618 3422 751 3494 exinde
772 3422 875 3516 quod
894 3422 1056 3496 debetur
1073 3439 1113 3496 et
1132 3419 1389 3496 nichilominus
1414 3423 1629 3498 huiusmodi

124 3547 177 3617 rei
206 3542 385 3639 exemplo
413 3543 566 3617 tollatur
593 3545 674 3618 aliis
702 3545 858 3620 audacia
887 3547 1134 3643 imposterum
1163 3547 1413 3645 malignandi;

207 3668 420 3764 superbiis
456 3670 743 3744 cumfratribus
786 3672 923 3744 nostris
955 3673 1189 3744 discussione
1226 3673 1421 3768 prehabita
1450 3673 1627 3773 diligenti,

122 3818 195 3888 per
222 3793 319 3865 viam
339 3792 562 3887 provisionis
582 3809 622 3866 et
640 3795 885 3868 ordinationis
905 3796 1128 3869 auctoritate
1148 3797 1369 3892 Apostolica
1388 3813 1427 3870 et
1456 3801 1502 3871 de
1522 3801 1630 3896 Apo-

120 3918 257 3994 stoliee
286 3917 486 4013 potestatis
514 3917 745 4013 plenitfflline
774 3919 942 4006 dicimus,
964 3921 1192 4006 ordinamus,
1215 3923 1438 3995 mandamus
1467 3941 1505 3996 et
1523 3923 1628 3998 volu-

121 4069 209 4116 mus
239 4043 342 4137 quod
371 4041 538 4138 prelatus
581 4042 773 4116 Walterus
811 4044 1015 4140 predictam
1053 4047 1297 4141 prebendam,
1338 4073 1420 4119 cum
1455 4051 1629 4124 omnibus

118 4168 268 4240 iuribus
295 4183 334 4240 et
371 4165 603 4260 pertinentiis
640 4169 728 4252 suis,
766 4167 858 4240 insta
896 4170 1025 4242 decem
1064 4169 1144 4242 dies
1178 4188 1266 4266 post
1306 4172 1624 4248 denuntiationem

121 4293 354 4387 presentium
384 4291 533 4365 omnino
563 4290 724 4366 dimittat
750 4309 789 4366 et
818 4293 880 4367 fiat
908 4293 956 4367 de
984 4320 1211 4391 possessore
1249 4297 1398 4392 petitor,
1430 4297 1627 4394 dictusque

118 4417 329 4490 Riccardus
358 4419 393 4488 in
421 4416 532 4511 plena
560 4431 599 4488 et
635 4417 788 4512 pacifica
825 4419 942 4514 ipsius
984 4422 1176 4514 prebende
1218 4445 1262 4494 ac
1291 4421 1448 4516 predicti
1476 4425 1626 4496 canoni-

114 4561 231 4614 catus
260 4541 328 4613 sibi
356 4539 577 4613 collatorum
607 4567 675 4636 per
704 4567 773 4616 nos
802 4545 1045 4639 possessione
1075 4562 1238 4640 ponatur
1277 4561 1316 4618 et
1357 4547 1422 4620 fiat
1456 4548 1502 4620 de
1531 4550 1626 4643 peti-

115 4685 205 4739 tore
235 4689 444 4761 possessor,
477 4667 816 4741 nonobstantibus
845 4669 933 4741 dicti
961 4667 1120 4741 Walteri
1161 4671 1433 4745 obiectionibus
1469 4689 1508 4744 et
1536 4698 1624 4746 con-

114 4791 405 4865 tradictionibus
434 4789 660 4884 supradictis
689 4809 728 4864 et
754 4791 834 4866 aliis
864 4794 1183 4889 quibuscumque:
1204 4795 1276 4891 ipsi
1296 4812 1423 4869 tamen
1450 4796 1626 4872 Waltero

114 4918 211 4992 iure.
243 4917 273 4988 si
303 4917 407 5011 quod
437 4918 550 4988 babet
577 4915 612 4987 in
643 4915 831 5012 petitorio,
852 4933 892 4990 et
909 4919 1183 4993 obiectionibus
1202 4937 1242 4994 et
1269 4921 1625 4997 contradictionibus

116 5041 212 5136 ipsis
240 5056 279 5114 et
306 5039 388 5112 aliis
417 5041 657 5134 processibus
686 5041 784 5114 dicte
812 5067 934 5124 cause,
966 5042 1143 5139 dictoque
1173 5045 1356 5119 Riccardo
1376 5046 1486 5120 etiam
1524 5048 1624 5121 omni

115 5166 198 5240 iure
235 5193 307 5240 suo
347 5189 461 5260 super
493 5167 684 5260 prebenda
728 5166 940 5240 huiusmodi
977 5186 1182 5242 reservato.
1220 5169 1380 5242 Fructus
1417 5198 1508 5245 vero
1538 5172 1621 5244 red·

113 5293 216 5368 ditus
244 5309 285 5366 et
315 5306 524 5386 proventus
553 5315 622 5384 per
649 5293 810 5364 eundem
841 5291 1053 5365 Walterum
1081 5318 1127 5365 ex
1156 5295 1350 5388 prebenda
1387 5297 1469 5392 ipsa
1497 5323 1621 5392 perce·

102 5441 195 5521 ptos
224 5413 471 5514 dispositioni
499 5433 537 5487 et
558 5416 781 5488 ordinationi
802 5435 929 5491 nostre
950 5417 984 5488 in
1005 5437 1180 5489 eventum
1202 5420 1341 5515 negotii
1370 5446 1621 5496 reservamus

1185 5631 1202 5678 ο
1498 5611 1509 5646 5
