3708 5918
263 325 315 385 130
762 279 767 292 ⁸
894 325 1032 384 Saeculo
1050 324 1081 384 X
1091 325 1119 384 V

339 523 444 610 Item,
474 546 570 594 unus
595 521 691 614 salix
718 546 802 594 cum
831 534 980 616 patena.

338 648 444 732 Item,
471 671 568 720 unus
596 644 692 719 calix
719 660 853 742 ruptus
882 670 965 718 cum
994 659 1133 740 patena
1159 659 1271 740 rupta
1299 643 1334 716 in
1362 668 1387 736 4
1415 643 1553 739 pettiis

336 772 440 857 Item,
471 796 545 844 una
573 794 689 866 capsa
716 793 813 843 nova
832 792 899 842 seu
928 769 1099 842 custodia
1125 765 1373 863 corporalium
1397 791 1481 841 cum
1500 765 1755 862 corporalibus

257 911 297 968 et
320 921 393 969 una
422 920 537 992 capsa
563 895 718 992 antiqua
745 895 825 966 sine
854 891 1122 990 corporalibus.

338 1021 442 1106 Item,
473 1045 571 1094 unus
599 1017 782 1115 pamellus
811 1042 894 1090 cum
924 1039 943 1110 5
975 1016 1104 1115 figuris
1132 1016 1334 1092 deauratis,

336 1145 439 1228 Item,
461 1139 601 1240 pardus
628 1165 776 1239 pannus
806 1143 971 1215 sericeus
998 1142 1185 1214 laceratus
1212 1141 1261 1214 ad
1284 1140 1499 1237 ponendum
1518 1154 1606 1212 ante
1624 1137 1754 1213 altare.

335 1271 441 1356 Item,
473 1294 497 1363 4
525 1293 663 1364 mappe
691 1292 760 1364 pro
788 1266 907 1342 altari.

337 1395 439 1480 Item,
471 1419 602 1468 saccus
630 1418 772 1489 parvus
803 1391 851 1464 de
879 1415 992 1466 coreo
1019 1390 1105 1465 albo
1134 1416 1218 1464 cum
1241 1391 1407 1486 parvulis
1430 1390 1532 1465 libris
1559 1404 1598 1463 et
1625 1389 1757 1488 sigillis

256 1519 493 1594 dominorum
521 1541 635 1613 quem
655 1516 784 1592 habuit
812 1517 847 1590 d.
869 1515 997 1590 Iohan.
1021 1515 1154 1590 Didaci
1181 1516 1283 1589 Aud.
1310 1531 1348 1590 et
1375 1515 1461 1590 inde
1490 1515 1662 1601 restituit,
1680 1531 1756 1589 tra-

256 1642 350 1717 didit
376 1641 437 1716 illa
465 1644 501 1717 d.
532 1641 721 1716 Guilelmo
750 1641 798 1714 de
828 1640 1000 1713 Fondera
1028 1638 1273 1714 thesaurario

335 1768 376 1840 In
397 1791 506 1842 sacco
535 1791 652 1862 parvo
671 1767 720 1840 de
748 1791 860 1839 coreo
888 1764 975 1839 albo
1002 1781 1090 1838 sunt
1118 1765 1191 1838 ista
1219 1787 1294 1860 que
1313 1779 1532 1861 sequuntur,
1562 1762 1757 1840 videlicet:

258 1891 364 1964 Bulle
401 1889 678 1990 privilegiorum
715 1890 952 1964 dominorum
988 1890 1215 1964 Auditorum
1254 1903 1293 1962 et
1324 1914 1399 1963 una
1434 1887 1558 1962 littera
1595 1888 1758 1987 sigillata

257 2014 381 2114 sigillo
417 2016 517 2091 dom.
549 2014 661 2089 Card.
692 2013 881 2088 Vivarien.

336 2143 441 2226 Item,
470 2141 547 2214 duo
577 2138 698 2237 sigilla
725 2139 961 2212 dominorum
981 2136 1208 2211 Auditorum
1236 2161 1351 2210 unum
1380 2161 1559 2235 magnum
1583 2153 1622 2210 et
1640 2160 1756 2210 unum
1830 2198 1834 2217 ,

261 2290 429 2363 parvum.
1830 2234 1834 2247 Ι

339 2391 443 2477 Item,
473 2390 721 2488 allegationes
748 2387 785 2463 d.
812 2387 989 2462 Ludovici
1018 2388 1066 2461 de
1095 2387 1218 2461 Roma
1238 2411 1354 2483 super
1371 2387 1622 2485 prerogativis
1640 2386 1756 2459 domi-

261 2539 393 2589 norum
421 2515 661 2590 Auditorum.

252 2699 260 2728 ,
336 2641 440 2725 Item,
471 2655 558 2713 sunt
586 2641 622 2712 in
640 2639 777 2714 eodem
798 2663 908 2712 sacco
936 2635 1053 2712 multe
1079 2635 1203 2709 littere
1222 2635 1373 2710 missive
1401 2651 1440 2710 et
1467 2635 1538 2710 alie
1557 2635 1755 2734 scripture.
1835 2714 1839 2731 ¹

336 2767 451 2839 Anno
485 2785 596 2859 1447,
617 2764 677 2838 die
696 2763 789 2837 iovis
815 2785 858 2855 13
880 2761 1000 2858 april,
1022 2762 1074 2848 d.‚
1096 2761 1144 2834 G.
1165 2762 1212 2834 de
1233 2761 1416 2849 Fondera,
1434 2761 1598 2836 Auditor
1617 2776 1656 2835 et
1673 2761 1758 2834 the·
1835 2740 1843 2768 ⁹

256 2890 445 2964 saurarius
474 2887 640 2984 Capelle,
679 2888 820 2983 recepit
857 2911 1005 2960 saccum
1043 2884 1250 2982 predictum
1283 2909 1358 2959 una
1386 2911 1470 2958 cum
1498 2887 1612 2960 rebus
1641 2911 1757 2983 supra

257 3014 406 3111 scriptis
434 3039 455 3087 e
484 3014 655 3088 manibus
684 3015 720 3090 d.
750 3011 876 3087 Iohan.
908 3011 1041 3085 Didaci
1070 3012 1118 3084 de
1147 3010 1251 3085 Coca
1279 3011 1378 3086 Aud.

337 3137 637 3213 constitutiones
665 3137 765 3212 Rote
794 3138 908 3211 habet
936 3136 972 3211 d.
1002 3136 1184 3210 Alfonsus
1213 3134 1372 3234 Segura,
1404 3134 1592 3213 Decanus

338 3262 471 3336 Libros
506 3263 701 3359 repertorii
737 3261 773 3336 d.
814 3261 1025 3335 Geminiani
1062 3261 1109 3334 de
1147 3259 1260 3333 Prato
1297 3259 1437 3334 habent
1472 3259 1535 3336 dd.
1574 3260 1759 3335 Alfonsus

260 3388 418 3486 Segura,
451 3387 638 3473 Decanus,
669 3402 708 3460 et
737 3387 877 3483 Symon
907 3386 997 3481 Eps
1029 3385 1215 3461 Ausaren.

396 3513 483 3587 dicti
508 3511 591 3587 libri
618 3512 654 3586 d.
676 3510 889 3586 Geminiani
917 3527 1004 3584 sunt
1032 3511 1195 3584 restituti
1220 3508 1388 3607 Capelle,
1416 3510 1492 3584 duo
1520 3535 1590 3606 per
1610 3510 1758 3608 Segusa

259 3655 299 3713 et
326 3641 401 3713 duo
429 3663 498 3736 per
524 3640 710 3724 Ausaren,
740 3654 781 3711 et
808 3637 860 3710 sic
888 3653 980 3710 sunt·
1004 3661 1028 3729 4
1055 3636 1255 3712 volumina.

977 3955 1039 4034 76.

259 4141 429 4215 Dedecus
445 4139 489 4212 de
506 4137 607 4224 Cosa,
628 4136 790 4210 Auditor
807 4145 842 4208 et
865 4133 1151 4217 Theramenis,
1172 4141 1336 4231 computa
1355 4132 1526 4207 describit
1536 4143 1608 4230 per
1624 4159 1758 4208 manns

338 4266 400 4339 sni
424 4262 658 4348 Familiaris,
678 4285 741 4333 seu
769 4259 896 4333 Studii
921 4259 1171 4332 detentores·
1190 4259 1333 4331 Notatu
1364 4257 1520 4354 dignum
1546 4265 1607 4342 est,
1629 4257 1756 4331 Fami·

336 4391 469 4463 liorem
496 4388 564 4484 qni
586 4387 827 4482 insequentem
853 4393 889 4457 et
913 4392 1049 4456 ceteras
1079 4382 1329 4456 adnotationes
1355 4382 1513 4480 scripsit,
1541 4383 1582 4455 in
1592 4394 1757 4480 persono
1840 4393 1841 4476 j

338 4512 537 4586 Auditoris
564 4511 761 4608 scripsisse,
791 4510 901 4605 qnasi
923 4510 1000 4606 ipse
1026 4509 1230 4604 scripsisset
1256 4507 1432 4584 Auditor.
1840 4481 1841 4500 χ

337 4684 453 4756 (Arcu.
472 4681 558 4753 Ror,
583 4679 707 4738 «Libri
723 4681 895 4738 rationum
915 4684 995 4737 etc.»
1016 4678 1121 4752 citati,
1141 4679 1161 4736 t.
1180 4681 1225 4752 c).

1457 4805 1534 4876 1445,
1554 4771 1694 4862 ianuarii
1711 4805 1756 4863 20.

339 5005 378 5075 In
408 5003 556 5076 nomine
585 5001 723 5077 domini
752 4998 871 5072 nostri
893 4998 977 5072 lesu
999 4997 1139 5072 Christi
1166 5023 1296 5072 amen:
1316 5021 1415 5073 anno
1433 5001 1482 5074 ab
1501 4999 1757 5074 lucarnatione
1840 4975 1841 5014 ³

257 5129 425 5203 eiusdem
455 5150 566 5222 1445,
596 5127 656 5200 die
687 5151 734 5200 20
753 5125 894 5198 mensis
917 5123 1085 5200 Ianuarii.
1108 5123 1248 5198 Placuit
1267 5123 1502 5199 Reverendis
1520 5124 1691 5220 patribus
1718 5143 1757 5198 et

257 5253 416 5328 dominis
453 5253 556 5337 meis,
587 5251 746 5325 dominis
783 5249 1030 5324 Auditoribus
1067 5251 1161 5322 sacri
1189 5245 1317 5345 palatii
1344 5249 1550 5346 apostolici,
1580 5251 1753 5324 inunum

258 5378 428 5474 predicto
455 5378 515 5450 die
552 5377 794 5474 congregatis
822 5376 870 5448 de
906 5399 1025 5461 mane,
1055 5399 1115 5449 me
1152 5373 1356 5448 Iohannem
1394 5373 1527 5448 Didaci
1563 5376 1611 5449 de
1640 5373 1753 5460 Coca,
