3748 5914
241 291 297 352 ant
541 371 545 378 .
872 292 1009 352 Saeculo
1028 291 1114 354 XVI

240 487 398 561 filiorum
428 487 587 587 Collegii
623 513 821 563 causarum
858 489 978 564 nostri
1014 489 1109 562 sacri
1147 488 1275 563 Palatii
1310 490 1537 564 Auditorum
1576 489 1748 586 Capella·

241 636 374 687 norum
402 629 617 688 nostrorum
645 614 708 709 qui
728 637 890 709 operose
918 612 1160 687 solicitudinis
1189 614 1325 700 studia,
1346 615 1619 711 continuosque
1647 615 1748 691 labo·

242 763 304 812 res
332 763 402 836 pro
430 755 561 814 nostro
588 754 628 812 et
653 737 862 834 apostolice
891 739 993 813 sedis
1021 737 1165 813 honore
1192 765 1236 813 ac
1263 739 1403 812 iustitia
1430 739 1633 815 adsedem
1662 765 1750 838 pre-

209 869 212 875 ’
242 863 380 937 dictam
408 884 456 938 ex
484 863 656 937 omnibus
684 862 812 936 mundi
830 863 1000 959 partibus
1020 863 1292 939 confluentibus
1311 865 1482 961 personis
1505 865 1750 940 ministranda

243 989 279 1062 in
308 987 430 1064 causis
458 1012 584 1062 coram
612 987 667 1062 eis
695 1011 765 1084 pro
784 1003 956 1083 tempore
980 989 1213 1063 vertentibus
1232 989 1333 1063 omni
1351 1004 1523 1087 tempore
1542 989 1746 1086 perferunt,

244 1129 373 1188 nostre
401 1111 652 1186 meditationis
681 1113 1017 1186 considerationem
1041 1112 1267 1210 propensius
1286 1113 1464 1189 adhibere
1493 1115 1678 1198 convenit,
1708 1131 1748 1188 ut

243 1263 289 1312 ea
317 1263 392 1335 que
418 1237 468 1310 ad
495 1238 671 1312 decorem
699 1251 739 1312 et
765 1236 963 1310 commoda
991 1236 1209 1310 eorumdem
1239 1261 1308 1334 per
1326 1239 1431 1334 ipsos
1457 1240 1749 1335 predecessores

245 1387 426 1438 concessa
453 1362 568 1436 luisse
597 1364 843 1458 reperiuntur,
875 1376 917 1434 ut
943 1361 1167 1436 hesitatione
1204 1378 1357 1436 careant
1391 1361 1604 1450 dubietatis,
1644 1365 1750 1438 inuo-

246 1513 380 1562 vamus
406 1503 446 1562 et
472 1489 729 1584 approbamus
752 1512 795 1560 ac
823 1487 937 1560 etiam
965 1486 1026 1560 illa
1043 1505 1083 1560 et
1101 1486 1174 1561 alia
1193 1488 1241 1562 de
1260 1510 1360 1562 novo
1377 1488 1618 1563 concedimus
1636 1507 1752 1586 prout

246 1613 284 1686 id
312 1613 348 1686 in
376 1610 528 1686 domino
556 1611 805 1709 conspicimus
833 1610 1032 1685 salubriter
1058 1610 1249 1708 expedire.

330 1737 495 1822 Dudum,
526 1735 723 1833 siquidem,
752 1735 863 1812 asel.
892 1736 1035 1812 record.
1067 1734 1288 1810 Alexandro
1307 1737 1373 1834 Pp.
1389 1737 1451 1824 VI,
1481 1737 1754 1834 predecessore

248 1879 390 1948 nostro,
420 1876 641 1937 emanarunt
667 1859 791 1936 littere
819 1860 960 1934 tenoris
997 1861 1210 1958 sequentis:
1249 1861 1501 1938 «Alexander
1536 1863 1753 1962 episcopus,

257 2013 429 2062 «servus
457 2011 653 2061 servorum
682 1986 766 2060 Dei.
796 1986 860 2060 Ad
887 2002 1110 2084 perpetuam
1139 1974 1445 2063 reimemoriam.
1466 1989 1633 2064 Romam
1652 1991 1757 2066 Pon-

258 2111 405 2208 ‹tificis
423 2110 660 2212 providentia
687 2111 944 2210 circumspecta
977 2111 1220 2208 singulorum,
1250 2127 1322 2186 etc.
1351 2113 1409 2210 (cs.
1439 2138 1554 2210 supra
1582 2139 1616 2189 n.
1654 2117 1755 2212 137).

333 2236 430 2325 Nos,
466 2237 613 2333 itaque,
653 2233 811 2310 aliorum
844 2234 1155 2332 predecessorum
1193 2252 1407 2312 nostrorum
1444 2239 1613 2338 vestigiis
1650 2239 1758 2314 inhe-

251 2362 381 2448 rendo,
410 2377 514 2436 motu
542 2360 705 2458 proprio,
738 2383 812 2434 non
839 2359 890 2434 ad
916 2360 1070 2435 alicuius
1097 2385 1168 2458 pro
1196 2362 1250 2436 eis
1270 2361 1376 2437 nobis
1396 2386 1512 2460 super
1538 2364 1608 2438 hoc
1629 2363 1759 2439 oblate

252 2486 443 2586 petitionis
470 2485 694 2580 instantiam,
725 2485 794 2560 sed
821 2485 870 2560 de
899 2503 1028 2560 nostra
1062 2509 1165 2560 mera
1200 2484 1468 2561 deliberatione
1505 2503 1545 2562 et
1576 2513 1625 2564 ex
1652 2504 1760 2563 certa

252 2600 406 2688 scientia
439 2610 583 2690 litteras
611 2611 816 2686 Alexandri
855 2611 916 2695 Vl,
955 2609 1237 2706 predecessoris
1269 2612 1492 2701 huiusmodi,
1530 2615 1760 2688 auctoritate

251 2737 467 2835 apostolica,
499 2753 630 2812 tenore
657 2735 889 2834 presentium
918 2737 1139 2810 innovamus
1167 2750 1208 2809 et
1225 2737 1488 2813 confirmamus
1505 2763 1551 2812 ac
1567 2741 1759 2834 approba-

253 2887 337 2936 mus
363 2886 408 2937 ac
434 2876 618 2958 perpetue
645 2859 830 2934 firmitatis
850 2860 963 2935 robur
990 2859 1160 2935 obtinere
1188 2859 1326 2936 debere
1354 2862 1600 2948 decernimus,
1622 2887 1667 2936 ac
1686 2886 1760 2960 pro

253 2987 389 3084 potiori
416 2984 573 3072 cautela,
602 2985 787 3081 premissa
815 2985 941 3059 omnia
967 2998 1008 3059 et
1036 2983 1194 3083 singula,
1217 2985 1253 3059 in
1282 2985 1390 3061 dictis
1410 2986 1541 3062 litteris
1567 3005 1757 3072 contenta,

254 3111 302 3186 de
330 3134 428 3185 novo
455 3109 609 3207 prelatis
639 3109 810 3209 Collegio
839 3127 1027 3208 perpetuo
1055 3111 1303 3192 concedimus.

335 3234 385 3308 Et
411 3232 669 3308 nichilominus
702 3234 846 3309 eisdem
884 3233 1067 3333 Collegio,
1104 3232 1350 3310 Auditoribus
1377 3252 1418 3311 et
1443 3235 1761 3312 Locatenentibus

254 3359 492 3457 presentibus
520 3374 560 3432 et
579 3358 722 3451 suturis,
743 3374 785 3433 ut
804 3358 839 3433 in
858 3358 1098 3434 assecutione
1116 3383 1440 3458 quorumcumque
1460 3361 1758 3438 Canonicatuum

256 3500 296 3560 et
322 3484 610 3582 prebendarum,
640 3508 685 3555 ac
713 3482 950 3582 dignitatum,
980 3501 1262 3580 personatuum,
1282 3487 1655 3575 administrationum,
1677 3487 1763 3562 offi-

254 3611 406 3692 ciorum,
436 3609 774 3706 prestimoniorum,
806 3609 1140 3706 prestimouialium
1167 3611 1382 3707 portionum
1410 3627 1450 3686 et
1477 3612 1695 3710 simplicium
1715 3639 1761 3687 ac

254 3733 411 3809 aliorum
452 3731 715 3807 beneficiorum
757 3732 1094 3807 ecclesiasticorum
1136 3760 1469 3832 quorumcumque,
1512 3761 1587 3833 que
1628 3737 1761 3835 vigore

254 3859 462 3959 gratiarum
488 3857 807 3952 expectativarum
834 3873 900 3930 aut
927 3857 1159 3954 generalium
1187 3861 1484 3934 reservationum
1511 3875 1550 3934 et
1583 3861 1762 3935 mutatio·

257 4008 358 4068 num,
396 3981 646 4068 collationum,
686 3981 959 4068 extensionum,
999 3981 1386 4080 revalidationumque
1423 3985 1654 4072 earumdem,
1692 4011 1764 4082 per

259 4132 339 4195 nos,
380 4131 447 4181 seu
484 4104 613 4179 sedem
651 4105 872 4202 predictam,
906 4129 1170 4180 concessarum
1207 4107 1389 4194 hactenus
1417 4125 1456 4182 et
1491 4109 1528 4182 in
1565 4126 1763 4206 posterum

257 4232 593 4319 concedendarum,
624 4231 902 4327 acceptaverint
929 4245 968 4304 et
995 4229 1043 4305 de
1071 4233 1207 4328 quibus
1243 4233 1312 4306 sibi
1344 4233 1541 4332 provideri,
1582 4260 1649 4310 seu
1686 4262 1765 4334 que

258 4357 512 4432 commendari
531 4357 609 4444 sibi,
631 4356 795 4442 fecerint,
826 4357 998 4430 omnibus
1021 4372 1061 4430 et
1089 4356 1245 4455 singulis
1272 4358 1551 4447 antelationum,
1582 4385 1766 4460 preroga-

259 4483 354 4568 tivis,
365 4480 538 4564 decretis,
557 4480 882 4566 declarationibus
904 4471 1220 4566 concessionibus,
1242 4483 1526 4580 exceptionibus
1539 4500 1581 4558 et
1597 4485 1763 4569 indultis,

258 4605 340 4680 aliis
367 4603 607 4679 familiaribus
626 4603 764 4678 nostris
782 4603 966 4677 continuis
985 4605 1300 4680 commensalibus
1318 4608 1431 4681 etiam
1450 4609 1614 4704 antiquis
1634 4609 1669 4682 in
1684 4611 1765 4707 qui·

259 4730 418 4805 busdam
447 4727 528 4802 aliis
556 4728 695 4802 nostris
723 4728 855 4802 litteris
883 4753 957 4823 que
985 4729 1034 4801 ad
1061 4730 1247 4825 quasdam
1275 4729 1544 4805 antelationum
1581 4759 1765 4834 preroga-

260 4855 356 4927 tivas
385 4876 460 4948 quo
493 4851 543 4924 ad
577 4850 814 4925 assecutione
848 4850 1111 4925 beneficiorum
1147 4851 1483 4928 ecclesiasticorum
1522 4881 1595 4953 que
1632 4857 1765 4956 vigore

258 4977 463 5078 gratiarum
491 4977 810 5074 expectativarum
836 4992 903 5050 aut
930 4977 1178 5053 mutationum
1199 5002 1265 5052 seu
1284 4980 1545 5053 extensionum
1567 4997 1634 5055 aut
1656 5007 1765 5056 reva-

258 5103 477 5178 lidationum
505 5105 710 5202 gratiarum
738 5101 956 5176 earumdem
984 5127 1053 5199 per
1080 5127 1149 5179 nos
1177 5105 1232 5178 eis
1259 5129 1522 5180 concessarum
1551 5107 1610 5180 vel
1628 5133 1764 5183 conce-

259 5228 467 5305 dendarum
496 5228 671 5302 duxerint
697 5228 928 5324 acceptanda
955 5227 1155 5327 descriptis
1189 5255 1253 5304 seu
1292 5231 1491 5306 nominatis
1524 5247 1590 5306 aut
1621 5232 1765 5308 descri-

259 5356 393 5431 bendis
413 5379 480 5430 seu
499 5351 731 5428 nominandis
744 5368 812 5427 aut
825 5352 916 5426 alias
932 5352 1217 5450 quomodolibet
1231 5380 1432 5430 concessas
1446 5372 1487 5430 et
1499 5356 1764 5435 concedendas
