3720 5914
735 316 928 378 Alexandro
953 316 1002 378 VI

253 509 389 586 Petrus
417 510 465 587 de
491 511 652 587 Aeolitis

492 635 685 735 Pugnolus
712 636 762 710 de
791 634 1021 711 Castelliona

491 760 703 860 Prigentius
732 760 880 835 Natalis

492 886 681 961 Antonius
712 885 872 960 Cornuti

492 1009 651 1085 Garsias
683 1010 733 1084 de
759 1008 921 1085 Alcasar

252 1135 431 1210 Matheus
459 1135 507 1210 dc
535 1132 695 1210 Ubaldis

491 1257 748 1333 Gundisalvus
775 1258 824 1332 de
852 1258 1046 1333 Grandem

488 1383 539 1460 Io.
570 1381 712 1458 Scuthe
1105 1406 1109 1412 ·

490 1507 712 1583 Waltherus
741 1505 868 1581 Her-dt

492 1631 676 1708 Alsonsus
704 1631 858 1708 Messio.

828 1963 913 2044 140.

122 2145 224 2236 Quae
251 2145 293 2219 in
321 2143 361 2220 S.
392 2145 442 2220 R.
472 2145 573 2220 Rota
600 2155 712 2218 taxas
738 2145 938 2242 viguerunt
962 2143 1028 2217 sub
1054 2141 1130 2230 fine
1156 2139 1291 2215 roscidi
1314 2141 1408 2215 XV.

193 2299 261 2374 (Ex
277 2299 367 2360 citat.
390 2323 403 2350 ι
414 2298 572 2359 Practica
592 2297 857 2371 Cancellariae»,
874 2297 912 2358 L.
930 2295 1323 2367 sermm-Kromnos,
1338 2301 1416 2370 pag.
1434 2293 1500 2366 57).

1436 2469 1515 2531 Sine
1532 2471 1615 2532 data.

575 2589 616 2662 In
643 2603 727 2664 rota
755 2614 882 2663 coram
909 2588 1162 2664 auditoribus:

193 2712 363 2808 Quando
391 2731 633 2811 presentatur
661 2739 735 2788 una
763 2713 979 2789 commissio
1006 2713 1177 2800 auditori,
1208 2735 1360 2809 semper
1387 2710 1499 2784 datur
1535 2732 1618 2782 cur-

115 2841 264 2916 soribus
280 2901 288 2915 .
305 2899 314 2916 .
333 2899 367 2916 ..
398 2840 430 2913 II
457 2865 514 2939 gr.
544 2839 576 2912 II
603 2837 679 2915 bol.
709 2862 779 2936 pro
806 2838 1105 2935 presentacione.

545 2964 639 3037 Item
667 2965 813 3038 notario
841 2987 954 3037 cause
981 2961 1186 3036 ordinarie:

114 3113 183 3185 pro
210 3088 395 3164 citacione
423 3088 580 3186 simplici
606 3089 753 3184 absque
771 3087 990 3163 inhibicione
1023 3141 1366 3162 ......
1428 3109 1442 3158 1
1475 3083 1559 3158 duc.

115 3237 182 3310 pro
210 3213 395 3288 citacione
422 3238 507 3287 cum
530 3212 750 3288 inhibicione
756 3267 1365 3288 ..........
1429 3207 1501 3310 1¹),
1530 3206 1615 3280 duc.

114 3362 181 3434 pro
210 3335 465 3434 compulsoria
493 3335 661 3435 generali
685 3391 1365 3414 ...........
1428 3356 1442 3406 1
1476 3331 1562 3406 duc.

113 3486 182 3557 pro
211 3461 467 3560 compulsoria
494 3459 646 3559 speciali
686 3517 1365 3537 ...........
1422 3457 1454 3531 II
1486 3459 1570 3532 duc.

113 3611 182 3683 pro
209 3587 461 3663 instrumento
489 3585 719 3660 remissionis
747 3587 783 3660 in
812 3609 1036 3683 quacunque
1064 3584 1245 3660 instancia
1296 3641 1304 3658 .
1361 3643 1369 3660 .
1426 3583 1458 3656 II
1486 3582 1569 3657 duc.

601 3711 638 3785 in
666 3710 789 3807 prima
816 3710 994 3785 instantia
1026 3769 1368 3787 ......
1427 3707 1463 3779 V
1490 3709 1575 3784 duc.

116 3860 184 3934 pro
213 3852 306 3910 nota
338 3834 529 3910 sentencie
601 3835 637 3910 in
665 3835 831 3910 secunda
860 3835 1036 3909 instantia
1091 3894 1364 3910 .....
1422 3832 1475 3906 IV
1504 3832 1587 3908 duc.

531 3955 545 3984 ‘
601 3959 637 4033 in
666 3961 777 4034 tertia
805 3960 983 4035 instantia
1024 4015 1370 4037 ......
1427 3958 1476 4032 ΙΙΙ
1503 3956 1587 4032 duc.

548 4085 656 4159 unius
685 4084 876 4159 sentencie
893 4142 1371 4161 ........
1428 4080 1511 4158 duc.
1543 4105 1568 4175 4

116 4232 186 4306 pro
219 4209 473 4283 instrumento
546 4209 707 4283 duarum
759 4265 1373 4286 ..........
1431 4208 1569 4299 duc.3

546 4333 659 4408 trium
693 4393 967 4411 .....
966 4364 974 4380 ·
1030 4392 1372 4410 ......
1429 4331 1455 4404 d
1456 4357 1513 4404 uc.
1547 4355 1580 4404 2.

673 4475 832 4552 Notario
858 4477 1066 4552 ordinarie:

197 4599 230 4674 C
250 4599 337 4673 folia
356 4599 505 4699 registri
525 4600 609 4674 VIII
627 4602 732 4691 duc.;
752 4603 907 4675 veniunt
925 4601 996 4676 XII
1008 4595 1050 4702 Ἰ,
1080 4624 1151 4695 pro
1171 4599 1209 4672 X
1228 4598 1374 4698 grossis

197 4723 318 4797 XXX
337 4723 424 4799 folia
451 4726 643 4823 copiarum
671 4725 687 4798 I
715 4725 821 4812 duc.;
850 4725 898 4799 III
926 4725 989 4802 sol.
1017 4749 1088 4822 pro
1116 4748 1265 4824 grosso

197 4874 268 4946 pro
295 4849 466 4925 examine
494 4849 692 4926 cuiuslibet
710 4851 820 4925 testis
822 4907 1367 4926 .........
1426 4843 1467 4949 Ἰ,
1495 4847 1578 4922 duc.

200 4971 360 5049 Habens
387 4975 685 5049 extraordinarie
713 4997 866 5048 causam
893 4974 960 5048 dat
988 4975 1037 5048 de
1064 4973 1096 5048 L
1124 4972 1220 5048 foliis
1247 4972 1297 5046 ad
1324 4973 1446 5046 minus
1474 4971 1489 5044 I
1517 4970 1615 5058 duc„

15 5115 16 5138 ³
116 5098 187 5173 sed
215 5097 287 5171 LX
313 5097 404 5174 solia
430 5112 491 5172 est
518 5099 637 5176 stilus

199 5222 271 5300 Pro
298 5222 611 5299 executorialibus
629 5223 762 5300 litteris
790 5224 886 5299 sicut
912 5223 1021 5298 unius
1039 5239 1105 5298 aut
1124 5222 1283 5296 duarum
1303 5221 1381 5296 sive
1401 5221 1511 5294 trium
1530 5245 1619 5295 sen·

117 5348 325 5424 tenciamm
354 5404 1366 5426 ................
1424 5345 1488 5419 IIII
1516 5347 1600 5422 duc.
