3720 5916
781 336 974 398 Innocentio
992 337 1023 396 X
1599 335 1652 394 371

148 529 307 625 publicis
337 553 449 626 quam
477 529 643 626 privatis,
674 545 833 626 possent
860 531 914 604 uti
944 531 1153 606 Rocchetto
1191 555 1306 628 super
1331 529 1500 602 vestibus
1538 529 1654 626 nigris

148 669 189 727 et
215 655 420 740 consuetis,
441 670 483 729 ut
511 655 675 751 dignitas
703 655 932 728 Auditorum
960 655 1081 753 magis
1100 656 1330 728 elucesceret
1357 668 1396 728 et
1424 653 1652 751 splenderet.

148 778 316 853 Libellus
344 779 411 853 luit
439 779 560 853 ssno
587 795 783 875 porrectus
811 779 876 877 qui
915 779 1196 875 perhumaniter
1224 778 1478 879 DD[ominos]
1507 779 1655 875 excepit

146 917 188 976 et
216 929 258 978 se
286 902 383 978 velle
411 905 538 978 omnia
566 904 688 978 lacere
717 929 787 1000 pro
816 905 855 980 S.
885 905 1079 978 Tribunali
1107 903 1312 1000 respondit.

859 1255 950 1334 241.

149 1419 273 1491 Breve
301 1417 505 1492 innocentii
530 1418 577 1493 X
606 1443 676 1515 quo
711 1416 808 1493 DD.
839 1415 1085 1490 Audz'tort'bus
1113 1417 1230 1491 Rotae
1263 1417 1469 1490 conceditur
1484 1416 1655 1511 facultas

231 1543 423 1639 defirendi
447 1542 678 1617 Rocchatlum
706 1542 835 1638 ubique
862 1541 1022 1614 locorum
1041 1542 1210 1614 acalciam
1229 1542 1268 1614 in
1282 1543 1494 1639 praesentia
1512 1543 1651 1640 Papae,

232 1667 484 1766 Imperatoris,
515 1668 671 1763 Regum.
1134 1753 1147 1787 Ι

228 1840 344 1912 (Anca.
363 1839 450 1912 Ros,
474 1837 691 1912 ‹Prttn'legia
703 1863 729 1912 ι,
749 1845 825 1899 tom.
844 1839 871 1912 I,
890 1857 923 1898 n.
943 1839 1026 1908 XL).

1250 1999 1328 2070 ton,
1347 1997 1456 2058 martii
1474 1999 1500 2070 7,
1520 1998 1652 2058 Romae.

230 2145 469 2219 Innocentius
498 2145 563 2242 Pp.
590 2145 639 2220 X.
669 2144 733 2219 Ad
760 2161 984 2242 perpetuam
1014 2145 1067 2218 rei
1095 2149 1323 2221 memoriam.
1354 2147 1459 2220 Dum
1486 2147 1654 2221 asotiuos

147 2295 362 2368 gravesque
381 2270 541 2356 labores,
563 2295 660 2367 quos
680 2270 803 2344 dilecti
823 2270 895 2357 filii,
912 2270 1133 2368 Cappellani
1153 2271 1270 2344 nostri
1290 2271 1502 2346 Causarum
1526 2271 1654 2346 Palatii

147 2394 361 2492 Apostolici
388 2395 605 2481 Auditores,
635 2413 712 2470 tam
750 2421 819 2492 pro
848 2412 979 2470 nostro
1006 2411 1046 2469 et
1074 2396 1184 2470 Sedis
1212 2396 1457 2493 Apostolicae
1485 2397 1648 2483 servitio,

148 2543 263 2614 quam
292 2543 362 2614 pro
389 2517 634 2592 ministranda
653 2519 952 2615 quibuscumque
970 2519 1143 2616 personis
1171 2519 1221 2592 ad
1249 2518 1387 2593 Sedem
1406 2521 1652 2617 apostolicam

147 2642 314 2740 undique
341 2641 615 2717 confluentibus
643 2642 782 2717 iustitia
810 2643 948 2741 iugiter
974 2646 1171 2726 sustinent,
1200 2669 1244 2716 ac
1271 2646 1385 2718 etiam
1412 2645 1650 2740 conspicuam

144 2793 279 2842 eorum
298 2768 462 2842 muneris
476 2768 709 2866 dignitatem,
725 2767 858 2842 sedula
877 2768 1177 2843 consideratione
1195 2768 1474 2864 perpendimus,
1495 2770 1651 2867 dignum

147 2892 261 2988 plane
288 2911 518 2988 reputamus,
539 2909 578 2966 et
606 2893 740 2966 rationi
763 2909 1070 2980 consentaneum,
1091 2910 1132 2967 ut
1151 2893 1222 2990 ipsi
1241 2894 1349 2966 sicuti
1368 2893 1547 2991 singulari
1566 2912 1653 2969 sunt

144 3015 379 3113 apostolicae
399 3016 487 3092 Sedi
515 3017 683 3113 prefatae
701 3016 930 3102 adiumento,
952 3018 1225 3112 Romanaeque
1254 3017 1650 3126 §uriaeornamentq

145 3141 201 3216 ita
229 3139 405 3238 peculiari
435 3143 589 3215 honoris
616 3157 716 3227 nota,
747 3141 917 3216 eiusdem
946 3141 1056 3216 Sedis
1085 3141 1277 3228 beneficio
1307 3143 1542 3216 decorentur.

231 3266 413 3340 Volentes
441 3267 568 3362 itaque
599 3289 693 3364 erga
727 3266 881 3340 eosdem
912 3265 1166 3363 Cappellanos
1196 3266 1410 3352 Auditores,
1441 3293 1463 3342 e
1489 3291 1651 3364 quorum

146 3415 307 3465 numero
336 3390 429 3478 Nos,
459 3391 549 3464 dum
576 3391 612 3463 in
641 3391 846 3465 minoribus
871 3389 1076 3488 ,constituti
1111 3417 1295 3477 essemus,
1325 3391 1457 3490 viginti
1484 3393 1652 3488 quinque

146 3541 332 3590 annorum
361 3517 485 3612 spatio
513 3515 658 3601 fuimus,
681 3516 835 3612 aliquod
858 3531 1039 3612 paternae
1059 3530 1212 3590 nostrae
1232 3515 1502 3591 munificentiae
1521 3534 1651 3590 extare

144 3658 443 3726 monumentum,
480 3665 626 3736 eosque
663 3640 836 3737 specialis
874 3641 1002 3714 lavore
1037 3643 1183 3739 gratiae
1220 3642 1409 3738 prosequi,
1439 3667 1484 3715 ac
1519 3667 1651 3716 eorum

143 3764 357 3861 singulares
386 3787 570 3860 personas
601 3791 624 3839 a
660 3764 854 3861 quibusvis
891 3764 1295 3849 excommunicationis,
1327 3765 1585 3861 suspensionis
1612 3783 1652 3840 et

142 3889 343 3974 interdicti,
373 3891 532 3986 aliisque
560 3889 822 3964 ecclesiasticis
850 3889 1056 3976 sententiis,
1087 3890 1254 3963 censuris
1283 3904 1321 3964 et
1349 3892 1492 3986 poenis,
1522 3915 1545 3964 a
1572 3891 1651 3964 iure

142 4013 206 4087 vel
233 4013 282 4087 ab
311 4013 471 4100 bomine,
493 4015 625 4110 quavis
653 4013 851 4089 occasione
878 4015 937 4089 vel
966 4039 1080 4088 causa
1108 4015 1201 4101 latis,
1225 4013 1413 4110 siquibus
1441 4017 1652 4111 quomodo-

143 4137 238 4212 libet
264 4137 466 4212 innodatae
493 4139 670 4222 existunt‚
701 4140 751 4212 ad
783 4138 956 4212 eflectum
994 4139 1247 4235 praesentium
1285 4138 1482 4212 dumtaxat
1519 4165 1651 4215 conse·

145 4261 352 4359 quendum,
378 4264 511 4336 harum
540 4264 637 4338 serie
664 4264 906 4339 absolventes
933 4282 972 4337 et
1000 4264 1195 4338 absolutas
1224 4264 1303 4338 sore
1331 4281 1540 4347 censentes,

229 4388 336 4461 Motu
366 4390 530 4485 proprie,
552 4415 596 4462 ac
618 4415 666 4463 ex
680 4405 783 4462 certa
802 4389 953 4464 scientia
974 4407 1015 4464 et
1033 4389 1178 4464 matura
1199 4389 1478 4473 deliberatione,
1500 4390 1649 4476 nostris,

144 4511 272 4607 deque
291 4511 521 4608 apostolicae
549 4514 750 4610 potestatis
779 4513 1020 4610 plenitudine,
1042 4515 1214 4589 omnibus
1243 4528 1283 4588 et
1310 4514 1467 4611 singulis
1487 4513 1650 4612 Cappel-

144 4637 242 4710 lanis
270 4637 518 4711 Auditoribus
546 4637 767 4722 huiusmodi,
791 4661 887 4711 nunc
915 4655 953 4712 et
981 4663 1051 4734 pro
1080 4656 1251 4734 tempore
1279 4653 1464 4734 perpetuo
1492 4635 1652 4710 existen·

144 4761 257 4846 tibus,
287 4763 392 4857 quod
419 4761 454 4835 in
484 4762 679 4857 quibusvis
708 4762 883 4837 Conciliis
911 4763 1023 4836 etiam
1052 4762 1333 4848 universalibus,
1357 4761 1648 4857 Congressibus,

145 4885 529 4985 Congregatiouibus,
562 4886 830 4972 Conventibus,
862 4869 1102 4975 sessionibus,
1141 4885 1458 4984 processionibus,
1488 4886 1649 4981 pompis,

143 5009 334 5099 Consiliis,
357 5011 617 5098 functionibus,
642 5013 816 5110 Negotiis
844 5013 1054 5110 ceterisque
1082 5014 1226 5086 actibus
1246 5009 1403 5107 publicis
1422 5027 1462 5084 et
1481 5011 1647 5106 privatis,

143 5135 356 5221 Pontificiis,
388 5133 653 5231 Imperialibus,
682 5137 822 5234 Regiis,
846 5136 1106 5218 Cardinalitiis,
1128 5162 1171 5210 ac
1200 5159 1524 5230 quorumcumque
1554 5133 1652 5206 Prin·

141 5259 280 5354 cipum,
312 5260 391 5334 sive
421 5261 557 5346 Sacris,
587 5261 665 5334 sive
693 5263 898 5359 prophanis
927 5260 986 5335 vel
1014 5261 1149 5345 mixtis,
1171 5276 1248 5334 tam
1278 5261 1313 5332 in
1343 5260 1452 5333 Statu
1480 5258 1652 5334 ecclesia·

143 5386 252 5472 stico,
268 5409 383 5480 quam
412 5403 518 5460 extra
543 5385 654 5472 illum,
676 5388 814 5484 ubique
833 5387 1000 5461 locorum
1020 5403 1058 5460 et
1078 5385 1268 5470 Gentium,
1290 5387 1403 5460 etiam
1423 5385 1459 5457 in
1479 5387 1651 5459 Romana

1483 5589 1499 5632 Ι
