3720 5916
862 284 999 344 Saeculo
1018 283 1049 343 X
1059 283 1124 344 VII

863 682 866 690 .
942 622 1032 701 208.

367 782 513 855 Paulus
540 783 650 883 Papa
687 787 728 870 V,
758 794 910 857 montem
931 787 1038 884 pacis
1066 785 1314 859 Notariorum
1343 784 1461 858 Rotae
1487 784 1609 882 angit.

315 937 431 1008 (Arcu.
451 937 537 1008 Ron,
561 937 823 998 ‹Ordinattbnes
834 962 861 1006 »,
876 944 964 1014 part.
983 940 1029 1012 ΙΙ,
1047 939 1099 998 De
1117 939 1278 1012 Notarit's,
1296 956 1330 998 n.
1348 938 1398 1012 X).

1555 1062 1635 1124 Sine
1654 1065 1739 1123 data.

317 1207 424 1282 Motu
454 1211 609 1306 proprio
636 1209 725 1285 etc.¹
747 1254 773 1267 -
793 1211 849 1285 Ea
868 1235 967 1307 quae
985 1237 1008 1285 a
1037 1212 1372 1288 Predecessoribus
1392 1212 1531 1286 nostris
1555 1213 1740 1291 Romanis

235 1332 472 1408 Pontificibus
500 1360 570 1431 pro
599 1335 748 1428 publico
776 1336 971 1411 Romanae
1001 1336 1136 1412 Curiae
1170 1353 1211 1411 et
1246 1337 1362 1412 totius
1391 1337 1522 1410 Status
1550 1337 1739 1412 Ecclesia-

235 1456 317 1530 stici
331 1481 375 1530 ac
393 1459 563 1554 privatae
583 1459 767 1534 Camerae
788 1475 941 1537 nostrae
957 1462 1201 1557 Apostolicae
1217 1458 1374 1535 utilitate
1388 1462 1559 1536 ordinata
1575 1461 1739 1548 luerunt,

236 1582 426 1658 imitabilia
453 1609 540 1658 esse
569 1609 777 1660 censemus.

317 1707 414 1780 Cum
450 1709 577 1805 itaque
612 1709 671 1784 lel.
707 1735 780 1786 rec.
816 1709 994 1784 Clemens
1027 1709 1129 1806 Papa
1159 1713 1248 1797 8'¹¹⁸,
1286 1711 1558 1786 Praedecessor
1595 1725 1738 1794 noster,

235 1858 493 1930 quascumque
514 1834 851 1908 Praedecessorum
870 1851 1084 1909 nostrorum
1104 1835 1243 1921 literaS,
1265 1836 1565 1910 Constitutiones
1583 1851 1623 1908 et
1641 1836 1742 1908 ordi·
1855 1869 1856 1872 ¹

236 1958 418 2044 nationes,
449 1958 585 2055 quibus
621 1959 857 2034 diversorum
895 1959 1139 2034 Notariorum
1177 1961 1381 2057 scripturas
1410 1985 1479 2057 pro
1516 1960 1671 2033 summis
1700 1960 1740 2032 in

235 2080 369 2156 litteris
401 2082 699 2180 Apostolicis...
729 2109 805 2158 non
841 2109 985 2170 vacare,
1017 2086 1085 2159 sed
1112 2085 1162 2157 ad
1194 2085 1377 2160 haeredes
1405 2084 1465 2158 vel
1494 2109 1740 2160 successores

237 2207 478 2282 Notariorum
507 2208 766 2284 defunctorum
797 2227 969 2306 spectare
1005 2227 1045 2285 et
1081 2211 1268 2308 pertinere
1300 2211 1521 2308 disponitur,
1550 2227 1741 2306 perpetuo

236 2333 469 2408 revocaverit
504 2348 544 2408 et
584 2332 842 2421 annullaverit,
881 2335 1140 2433 dictorumque
1182 2335 1424 2410 Notariorum
1452 2335 1657 2432 scripturas
1698 2350 1742 2408 et

235 2457 440 2530 earundem
472 2459 745 2553 proprietatem
781 2475 821 2532 et
857 2460 1061 2533 dominium
1089 2459 1139 2534 ad
1166 2459 1305 2534 Sedem
1334 2475 1374 2534 et
1402 2459 1602 2534 Cameram
1631 2461 1742 2554 Apo-

235 2578 417 2664 stolicam,
439 2597 478 2656 et
505 2607 552 2656 ex
581 2600 668 2657 tunc
698 2583 877 2682 Collegiis
908 2601 949 2658 et
977 2585 1133 2684 singulis
1163 2584 1329 2659 Notariis
1348 2607 1418 2680 pro
1445 2601 1526 2658 rata
1553 2585 1602 2658 ad
1622 2583 1738 2656 vitam

232 2729 307 2778 una
336 2731 420 2778 cum
448 2706 556 2780 titulo
575 2707 685 2782 officii
703 2733 886 2782 concessa
904 2725 943 2782 et
970 2709 1202 2784 consolidata
1229 2734 1315 2784 esse
1344 2708 1599 2808 declaraverit,
1621 2709 1672 2782 ita
1696 2724 1740 2781 ut

150 2849 154 2859 ¹
233 2827 281 2902 de
310 2845 470 2917 caetero,
501 2849 720 2906 occurrente
749 2835 1034 2930 quomodolibet
1061 2833 1123 2910 dd.
1158 2833 1377 2908 Officiorum
1405 2833 1611 2914 vacatione,
1647 2833 1740 2905 scri-

234 2971 368 3049 pturae
396 2955 609 3029 huiusmodi
628 2979 703 3030 una
731 2983 814 3032 cum
835 2958 942 3032 titulo
961 2955 1069 3032 officii
1089 2975 1278 3044 vacarent,
1298 2983 1342 3032 ac
1361 2957 1470 3032 simul
1497 2983 1580 3032 cum
1600 2955 1737 3030 eodem
1856 2977 1857 2980 ’

234 3079 342 3152 titulo
370 3103 393 3152 a
421 3081 577 3154 summis
607 3081 844 3156 Pontificibus
864 3082 923 3156 vel
946 3085 996 3158 ab
1014 3085 1096 3180 ipsa
1116 3083 1278 3158 Camera
1301 3082 1521 3179 approbatis
1539 3083 1588 3155 ad
1608 3083 1736 3168 vitam,

235 3229 301 3278 seu
331 3229 400 3300 pro
428 3219 598 3298 tempore
628 3231 704 3301 quo
732 3206 894 3282 officium
922 3209 1145 3295 obtinerent,
1175 3208 1327 3283 concedi
1362 3209 1513 3282 omnino
1542 3208 1737 3292 deberent,

235 3352 305 3425 pro
333 3329 547 3403 huiusmodi
566 3355 657 3404 vero
685 3334 929 3407 concessione
947 3347 987 3407 et
1014 3332 1098 3409 loco
1125 3333 1234 3430 pretii
1262 3333 1530 3430 scripturarum
1550 3346 1739 3427 perpetuo
1856 3329 1857 3346 ¹

235 3469 322 3526 tunc
349 3477 570 3550 expressam
599 3457 892 3552 praestationem
920 3483 1080 3532 annuam
1100 3459 1322 3556 imposuerit
1339 3482 1454 3555 super
1480 3457 1615 3530 massis
1635 3481 1739 3528 com·
1856 3513 1857 3516 ,

235 3579 410 3652 munibus
437 3593 477 3652 et
504 3579 684 3654 fructibus
712 3582 918 3658 officiorum
938 3582 1178 3656 Notariorum
1203 3582 1469 3679 praelatorum,
1491 3581 1542 3654 ita
1570 3597 1612 3652 ut
1630 3596 1739 3654 tene·

233 3719 363 3777 rentur
383 3701 529 3776 Notarii
547 3705 727 3798 praedicti
747 3707 992 3804 Depositario
1011 3707 1152 3782 Montis
1171 3705 1392 3804 infrascripti
1420 3703 1567 3779 solvere
1594 3729 1739 3778 annua-

233 3829 299 3900 tim
314 3843 455 3900 certam
476 3843 565 3900 tunc
583 3855 803 3925 expressam
825 3856 1009 3905 summam
1028 3847 1066 3905 et
1085 3831 1181 3905 illius
1200 3848 1319 3905 ratam
1343 3831 1511 3929 quolibet
1539 3845 1736 3914 semestre,

233 3977 348 4049 quarn
377 3951 527 4048 quidem
549 3977 733 4028 summam
759 3979 949 4052 nunquam
976 3958 1120 4054 augeri,
1139 3956 1197 4029 vel
1226 3954 1378 4029 diminui
1407 3979 1521 4052 posse
1549 3953 1735 4040 statuerit,

234 4093 276 4151 et
304 4078 407 4170 quod
426 4102 496 4174 pro
523 4101 569 4150 ea
599 4105 754 4166 summa,
787 4096 830 4154 ut
848 4105 985 4176 supra,¹
1004 4081 1268 4178 persolvenda,
1296 4106 1340 4155 ac
1368 4082 1416 4153 de
1445 4081 1553 4166 bene,
1578 4079 1741 4153 fideliter

234 4219 273 4277 et
300 4201 502 4300 diligenter
529 4202 649 4276 dictas
677 4206 880 4301 scripturas
900 4205 1149 4281 custodiendo
1176 4222 1216 4280 et
1243 4205 1503 4280 conservando
1529 4205 1642 4278 etiam
1667 4207 1739 4281 sub

234 4353 358 4425 poena
386 4328 434 4402 ab
461 4353 509 4403 eo
528 4345 568 4402 et
596 4328 757 4404 Camera
778 4330 998 4425 Apostolica
1022 4332 1256 4428 imponenda,
1279 4347 1482 4427 antequam
1510 4331 1559 4403 ad
1586 4333 1624 4404 d.
1655 4331 1738 4405 offi-

235 4453 331 4526 cium
347 4477 390 4526 ac
410 4451 504 4526 illius
525 4455 741 4528 exercitium
757 4454 901 4530 Notarii
921 4429 1218 4543 admitterentur,
1237 4481 1335 4531 sese
1354 4456 1523 4554 obligare
1540 4455 1737 4542 deberent,

234 4579 286 4651 ita
313 4595 355 4651 ut
383 4594 470 4652 ante
507 4579 719 4654 huiusmodi
754 4579 1021 4676 obligationem
1059 4581 1270 4656 nullatenus
1306 4581 1452 4654 admitti
1484 4595 1664 4676 possent;
1694 4605 1737 4653 ac

234 4703 388 4798 insuper
413 4726 483 4797 pro
511 4703 654 4776 meliori
682 4703 717 4778 d.
745 4703 888 4778 Montis
920 4722 960 4778 et
987 4703 1083 4778 illius
1108 4705 1347 4779 Creditorum
1376 4704 1522 4779 cautela
1549 4705 1735 4790 statuerit,

235 4843 276 4898 ut
304 4825 367 4900 dd.
388 4826 631 4901 Notariorum
660 4825 883 4925 Collegium,
906 4829 1106 4926 omniaque
1125 4853 1255 4903 eorum
1283 4830 1393 4912 bona,
1414 4827 1556 4903 fructus
1574 4843 1614 4902 et
1632 4851 1736 4902 emo-

232 4950 399 5024 lumenta
427 4975 497 5047 pro
525 4952 562 5025 dr.
593 4975 738 5024 summa
767 4952 820 5024 sic
848 4953 996 5026 solvere
1022 4954 1072 5027 ad
1100 4954 1264 5028 savorem
1294 4955 1381 5028 dicti
1409 4953 1551 5028 Montis
1569 4953 1734 5050 obligata

314 5174 324 5209 ¹
343 5171 449 5232 Motus
461 5173 585 5248 proprii
597 5171 735 5246 Collegii
748 5173 958 5235 Notariorum
969 5175 1071 5236 Rotae
1089 5183 1121 5235 et
1139 5175 1209 5236 Sac.
1221 5175 1337 5236 Palatii
1355 5177 1532 5251 Apostolici
1542 5173 1734 5243 Causarum.

233 5263 334 5336 (Haec
349 5269 384 5321 et
406 5273 579 5337 sequentes
602 5262 834 5336 adnotationes,
859 5266 1024 5340 apostillas
1046 5265 1191 5325 relerunt
1215 5265 1290 5324 huic
1314 5265 1507 5326 documento
1527 5267 1562 5326 in
1586 5267 1735 5342 margine

235 5351 419 5427 appositas).
