3720 5916
240 283 296 344 351
864 280 1001 340 Saeculo
1020 279 1126 340 XVII

244 478 345 573 Papa
364 477 409 564 V,
431 475 609 572 peculiari
629 473 895 572 Chirographo
914 473 951 547 in
970 473 1138 546 savorem
1159 471 1374 546 Hieremiae
1395 470 1558 567 Guelphi
1578 471 1604 558 Ι,
1620 469 1666 543 V.
1687 470 1734 542 D.

241 627 285 676 ac
313 600 555 696 impressoris
586 598 792 672 Cameralis
819 597 1021 684 transtulit,
1050 596 1289 694 indulsitque.
1320 597 1362 670 ld
1403 597 1502 670 idem
1531 595 1738 694 Gregorius

244 727 345 822 Papa
374 725 460 811 XV,
491 723 643 799 Litteris
685 723 881 819 expeditis,
914 737 1046 808 ratum,
1077 721 1301 816 firmumque
1336 721 1464 796 haberi
1497 720 1624 794 voluit.
1655 719 1739 792 Vio-

241 843 406 924 latores!
410 847 803 923 excommunicationis
831 848 931 920 latae
959 847 1168 920 sententiae
1196 871 1319 942 poena
1339 847 1554 942 puniuntur.
1576 843 1689 938 Quod
1708 845 1739 916 si

241 975 278 1049 in
306 976 434 1049 Terris
462 974 499 1048 S.
532 975 577 1050 R.
608 973 652 1045 E.
683 973 860 1046 subiectis
888 972 926 1044 id
955 973 1164 1070 contigerit,
1195 971 1458 1045 confiscatione
1487 972 1599 1044 etiam
1632 969 1738 1042 libro·

243 1127 336 1188 rum,
365 1124 410 1172 ac
450 1099 742 1198 quingentorum
786 1099 1008 1170 ducatorum
1050 1097 1129 1169 auri
1167 1095 1352 1170 solutione
1380 1095 1667 1181 mulctabuntur,
1698 1110 1738 1165 ut

241 1227 352 1300 latius
380 1239 487 1321 patet
514 1225 550 1296 in
579 1224 715 1297 Literis
733 1223 851 1320 ipsius
871 1221 1047 1319 Gregorii
1067 1221 1203 1318 Papae,
1224 1221 1322 1294 datis
1342 1221 1488 1295 Romae
1520 1220 1622 1316 apud
1650 1217 1737 1292 San·

242 1367 339 1425 ctam
369 1349 527 1422 Mariam
555 1348 738 1421 Maiorem
767 1348 839 1421 sub
866 1346 979 1420 anulo
1010 1345 1210 1419 Piscatoris
1238 1347 1299 1419 die
1334 1349 1377 1417 18
1416 1345 1582 1420 octobris
1626 1351 1734 1428 1621,

243 1475 483 1551 Pontificatus
511 1475 569 1547 sui
596 1497 694 1546 anno
726 1473 858 1568 primo.
893 1469 1003 1564 Quae
1035 1473 1159 1545 omnia
1189 1471 1368 1545 Sanctiss
1402 1470 1449 1544 D.
1481 1471 1528 1545 N.
1561 1469 1736 1544 Urbanus

244 1601 344 1696 Papa
374 1598 455 1671 VIII
497 1598 533 1671 in
562 1597 936 1670 savorem-Andreae
966 1595 1153 1694 Brogiotti
1180 1596 1427 1694 Typographi
1456 1593 1664 1669 Cameralis
1700 1611 1738 1666 et

241 1724 411 1798 Vaticani
427 1722 608 1796 translata
627 1737 665 1794 et
684 1721 825 1795 indulta
844 1720 974 1794 haberi
993 1721 1110 1804 iussit,
1129 1721 1228 1794 datis
1249 1719 1384 1794 Literis
1403 1721 1505 1816 apud
1526 1719 1565 1794 S.
1587 1719 1737 1792 Petrum

243 1850 314 1922 sub
350 1847 461 1921 anulo
496 1845 695 1921 Piscatoris
727 1845 787 1917 die
819 1867 865 1936 23
896 1845 1017 1917 martii
1052 1847 1162 1930 1628,
1194 1844 1435 1918 Pontificatus
1472 1867 1571 1918 anno
1595 1845 1736 1938 quinto.

1184 2024 1328 2122 Signat.
1368 2025 1420 2100 M.
1452 2025 1499 2098 A.
1531 2023 1735 2098 Maraldus

947 2341 1038 2421 219.

243 2504 364 2578 Breve
398 2505 544 2579 Urbani
577 2504 683 2591 VIII,
713 2529 784 2600 pua
809 2505 997 2590 statuitur,
1027 2503 1128 2600 quod
1149 2505 1283 2577 amissa
1319 2503 1419 2578 Rota
1445 2503 1535 2588 fieri
1565 2504 1673 2576 solita
1701 2505 1739 2577 in

311 2631 420 2725 feria
448 2638 584 2727 quarta
618 2638 705 2728 post
728 2628 947 2702 dominicam
988 2627 1245 2714 Penthecostes,
1283 2628 1360 2702 eius
1386 2629 1460 2702 laco
1482 2629 1611 2727 prima
1639 2631 1738 2702 Rota

328 2753 644 2850 Quadragesimar
660 2753 741 2848 fiat
757 2754 856 2827 Rata
875 2753 1068 2828 dubiarum
1086 2762 1122 2826 et
1136 2752 1341 2852 appelletur
1366 2752 1539 2826 Urbana:
1556 2762 1593 2826 at
1607 2765 1738 2852 appro-

322 2878 431 2951 batur
459 2878 558 2951 Rota
588 2877 787 2952 Corduben.

323 3034 439 3106 (Aaou.
458 3033 546 3108 Ros,
570 3057 583 3083 ι
603 3033 837 3092 Ordinationes
856 3058 884 3108 »,
898 3040 931 3107 p.
949 3031 976 3102 I,
998 3049 1030 3091 n.
1051 3031 1158 3106 XXI).

1352 3177 1429 3250 1637,
1448 3177 1526 3236 maii
1546 3177 1588 3250 19,
1607 3177 1739 3236 Romae.

324 3325 502 3398 Urbanus
531 3323 598 3397 ΡΡ.
631 3323 725 3398 VIII.
756 3324 819 3396 Ad
847 3323 1009 3398 futuram
1037 3326 1091 3399 rei
1118 3326 1347 3401 memoriam.
1382 3325 1482 3408 Cum,
1512 3328 1606 3399 sicut
1639 3327 1740 3400 nabis

243 3475 362 3548 nuper
390 3450 528 3546 exponi
556 3448 727 3522 fecerunt
754 3431 878 3523 dilecti
906 3450 967 3523 filii
995 3476 1192 3524 causarum
1221 3451 1349 3525 Palatii
1385 3449 1597 3548 Apostolici
1625 3452 1741 3526 Audi-

241 3593 357 3663 tores,
386 3573 665 3648 incommodum
692 3575 749 3660 sit,
782 3575 920 3648 Rotam
961 3599 1032 3672 pro
1070 3575 1287 3649 decidendis
1315 3577 1449 3664 causis,
1480 3600 1606 3650 coram
1649 3577 1740 3674 ipsis

241 3701 485 3784 vertentibus,
517 3698 608 3772 11111
635 3717 771 3795 quarta
798 3717 886 3798 post
916 3701 1149 3775 Dominicam
1171 3701 1440 3775 Penthecostes
1459 3701 1547 3786 fieri,
1570 3728 1617 3775 eo
1636 3703 1740 3800 quod

241 3840 475 3922 exponentes
504 3824 695 3919 praefatos
724 3850 839 3923 super
866 3825 988 3900 dubiis
1016 3827 1052 3898 in
1080 3827 1180 3900 Rota
1207 3824 1321 3900 seriae
1340 3842 1499 3922 quartae
1527 3827 1740 3901 huiusmodi

241 3950 509 4048 proponendis,
540 3949 632 4023 feria
674 3951 840 4024 secunda
877 3965 967 4047 post
1001 3950 1158 4024 eandem
1194 3951 1429 4024 Dominicam
1470 3951 1670 4035 informari,
1701 3967 1740 4026 et

241 4075 415 4171 sequenti
428 4073 519 4148 feria
545 4073 656 4148 tertia
684 4074 827 4148 festivis
848 4074 1001 4148 studere
1029 4091 1191 4172 oportet,
1213 4076 1332 4149 multo
1349 4092 1476 4150 autem
1505 4077 1739 4150 commodius

240 4200 347 4285 10111,
379 4198 424 4284 si,
462 4200 602 4272 omissa
636 4200 736 4272 Rota
772 4197 885 4272 feriae
926 4215 1085 4295 quartae
1123 4199 1346 4285 huiusmodi,
1381 4201 1462 4273 eius
1502 4199 1587 4275 ioco
1619 4204 1740 4298 prima

242 4324 343 4396 Rota
372 4322 707 4421 Quadragesimae,
739 4349 835 4420 quae
863 4323 1133 4397 memorialium
1162 4325 1358 4398 dumtaxat
1385 4350 1471 4399 esse
1500 4324 1608 4414 solet,
1639 4326 1739 4400 Rota

240 4447 436 4522 dubiorum
459 4446 575 4530 ficret,
606 4451 829 4543 praesertim
858 4449 947 4543 quia
980 4446 1109 4522 ultima
1129 4450 1228 4523 Rota
1255 4449 1495 4524 antedictam
1517 4448 1738 4549 Quadrage·

241 4574 374 4646 simam
402 4572 670 4646 memorialium
699 4599 786 4646 esse
805 4572 1011 4657 consuevit,
1033 4573 1141 4646 nobis
1169 4589 1370 4669 propterea
1398 4575 1485 4648 dicti
1504 4592 1738 4670 exponentes

239 4697 427 4771 humiliter
454 4696 653 4792 supplicari
683 4696 862 4783 iecerunt,
893 4714 934 4771 ut
963 4699 997 4770 in
1017 4699 1234 4792 praemissis
1267 4715 1481 4795 opportune
1517 4701 1736 4797 providere;

240 4838 279 4897 et
297 4824 474 4919 quoniam
502 4822 683 4895 incertum
712 4840 783 4908 est,
800 4847 849 4896 an
869 4823 1082 4920 surrogatio
1102 4823 1236 4906 Rotae,
1256 4822 1471 4898 Corduben.
1488 4841 1734 4920 nuncupatae,
1846 4913 1847 4922 ἵ

238 4972 337 5043 quae
365 4946 456 5020 11111
483 4961 620 5042 quarta
647 4965 736 5020 ante
765 4947 900 5020 festum
931 4946 1112 5041 Corporis
1142 4945 1281 5020 Christi
1300 4973 1322 5020 a
1341 4947 1509 5044 pluribus
1532 4949 1641 5022 annis
1661 4947 1736 5020 fieri
1846 4941 1847 4944 '

238 5072 444 5159 consuevit,
474 5073 653 5146 inlocum
681 5070 776 5144 illius
804 5096 903 5166 quae
922 5070 1013 5144 11111
1032 5087 1140 5144 sexta
1155 5086 1245 5168 post
1260 5073 1357 5144 idem
1373 5075 1511 5144 testum
1530 5070 1608 5144 fieri
1628 5073 1734 5146 debe·

239 5211 308 5281 ret,
338 5195 397 5281 sit,
426 5197 635 5291 apostolica
662 5196 895 5278 auctoritate,
917 5197 1174 5290 comprobata,
1197 5197 1497 5294 surrogatiouem
1527 5196 1735 5270 huiusmodi
1846 5181 1847 5184 ¹

205 5347 208 5354 ·
240 5320 340 5393 dicta
368 5323 591 5395 auctoritate
620 5321 876 5416 comprobare,
908 5320 955 5392 de
984 5319 1215 5418 benignitate
1242 5321 1463 5416 apostolica,
1486 5321 1733 5420 dignaremur.
