3708 5918
227 343 264 402 70
852 336 988 396 soeculo
1006 335 1094 397 XIV

225 537 289 610 lux
316 554 356 610 et
381 533 502 609 forma
520 534 660 609 iustitie
688 533 922 630 preeminent
948 547 987 604 et
1014 531 1218 627 prelucent,
1248 517 1318 607 hec
1336 547 1489 629 oportet
1517 535 1729 609 necessario

227 647 392 758 reperiri.
412 657 540 752 Quare
570 682 650 744 nos,
671 657 745 754 qui,
768 657 853 730 licet
877 655 1058 742 immeriti,
1081 681 1213 730 sumus
1240 656 1341 732 beati
1366 657 1464 731 Petri
1492 681 1730 733 successores
1849 689 1850 718 ÷

226 801 266 859 et
296 785 377 858 vice
406 782 545 858 Christi
574 783 762 880 fungimur
790 806 905 878 super
932 798 1082 866 terram,
1113 781 1318 877 cupientes,
1339 798 1380 855 ut
1407 783 1443 856 in
1463 780 1605 856 Palatio
1624 783 1731 878 Apo·
1848 835 1850 842 -

228 911 359 984 stolico
386 908 574 983 audientie
603 929 812 988 causarum,
842 930 886 978 ac
914 905 950 978 in
974 907 1147 1002 personis
1165 905 1215 980 ad
1241 907 1553 980 examinationem
1581 924 1619 980 et
1646 931 1732 980 con·
1848 891 1850 938 l

227 1035 464 1131 scriptionem
484 1033 650 1128 ipsarum
670 1057 740 1128 pro
760 1047 931 1126 tempore
949 1030 1141 1114 ordinatis,
1159 1030 1343 1104 habeatur
1359 1031 1543 1105 ordinatio
1562 1030 1729 1118 limitata,

229 1183 396 1258 congrua
420 1174 460 1232 et
486 1157 656 1242 salubris,
679 1157 775 1230 circa
797 1156 1001 1230 earundem
1029 1179 1226 1228 causarum
1254 1155 1461 1230 Auditores
1488 1157 1732 1253 ipsorumque

228 1283 395 1358 notarios
432 1282 637 1356 scribentes
674 1283 710 1356 in
747 1282 868 1356 causis
891 1279 1128 1366 huiusmodi,
1167 1277 1412 1354 suadentibus
1453 1278 1731 1354 rationabilibus

227 1409 360 1494 causis,
382 1421 525 1482 statuta
539 1424 578 1481 et
596 1392 850 1482 ordinationes
869 1431 944 1503 que
963 1403 1234 1502 particulariter
1251 1421 1292 1480 et
1311 1406 1475 1480 seriatim
1494 1407 1731 1502 presentibus

226 1547 466 1619 annotantur,
504 1531 729 1607 auctoritate
756 1531 965 1629 apostolica
992 1529 1150 1617 edimus,
1171 1547 1211 1604 et
1228 1556 1273 1604 ea
1292 1531 1518 1628 precipimus
1537 1531 1731 1628 perpetuis

228 1655 363 1731 futuris
400 1659 633 1754 temporibus
661 1655 921 1731 inviolabiliter
948 1655 1150 1729 observari.
1172 1651 1192 1694 '¹‘

309 1784 328 1879 ᾗ
362 1807 391 1856 1.
431 1780 640 1856 Statuimus
669 1781 781 1880 igitur
817 1797 856 1855 et
888 1780 1116 1865 ordinamus,
1137 1778 1240 1875 quod
1268 1778 1474 1854 Auditores
1502 1780 1582 1853 sine
1610 1803 1732 1876 cappa

229 1923 269 1980 et
296 1922 457 2001 roqueto
485 1906 523 1980 in
550 1904 644 1992 locu,
675 1906 738 1980 ubi
766 1906 907 1988 residet
935 1903 1059 1990 Curia,
1090 1906 1125 1978 in
1153 1899 1301 2001 publico
1330 1928 1403 1978 non
1432 1905 1613 1980 incedant.

311 2031 330 2126 §
362 2029 432 2104 2.*
460 2032 564 2117 Item,
600 2029 703 2126 quod
731 2028 866 2127 prefati
893 2029 1100 2103 Auditores
1132 2029 1351 2102 earumdem
1379 2053 1577 2103 causarum
1605 2026 1733 2125 palatii

231 2153 318 2242 sint,
346 2155 541 2229 audiendis
569 2172 609 2229 et
637 2153 853 2229 decidendis
881 2153 1003 2228 causis
1031 2154 1085 2227 eis
1122 2152 1349 2232 commissis.
1368 2169 1407 2226 et
1441 2153 1729 2238 committendis,

230 2278 364 2354 fortius
392 2278 503 2353 solito
525 2278 535 2313 ¹
563 2279 774 2378 diligentes.

310 2406 329 2501 ᾗ
350 2427 384 2496 3.
404 2401 425 2443 *
443 2446 468 2458 -
488 2404 593 2490 Item,
610 2404 713 2499 quod
741 2404 949 2478 Auditores
976 2402 1143 2499 predicti,
1165 2405 1264 2476 bona
1292 2401 1395 2488 hora,
1420 2402 1552 2478 diebus
1576 2402 1732 2502 singulis

228 2525 390 2601 iuridicis
416 2528 466 2602 ad
493 2527 674 2624 palatium
703 2531 937 2612 conveniant,
959 2525 1022 2582 ’¹‘—
1042 2542 1082 2601 et
1109 2528 1323 2602 immediate
1356 2544 1445 2624 post
1481 2526 1731 2624 pulsationem

228 2677 421 2750 campane,
442 2677 517 2749 que
537 2653 712 2748 pulsatur
738 2652 786 2726 ad
806 2653 937 2727 horam
956 2652 1066 2726 tertie
1085 2653 1121 2724 in
1149 2652 1307 2726 ecclesia
1322 2651 1535 2740 cathedrali,
1557 2652 1734 2750 incipiant

231 2771 365 2851 sedere
392 2779 443 2850 ad
465 2777 696 2851 audiendum
725 2804 876 2865 causas;
906 2793 945 2850 et
973 2777 1111 2850 dictum
1135 2776 1314 2871 palatium
1345 2801 1419 2850 non
1446 2794 1584 2851 exeant
1611 2777 1733 2850 donec

229 2915 359 2998 partes
386 2901 637 2975 satisfecerint
664 2903 723 2977 vel
752 2926 820 3000 per
848 2927 913 2976 eas
942 2902 1091 2975 steterit
1119 2902 1196 2975 suis
1226 2902 1391 2976 terminis
1411 2925 1537 2976 coram
1556 2901 1622 2978 eis.

310 3029 328 3124 ξ
357 3051 391 3119 4.
432 3027 536 3112 ltem,
564 3028 667 3123 quod
697 3027 808 3101 iidem
839 3026 1044 3100 Auditores
1077 3026 1137 3100 illa
1165 3027 1263 3100 festa
1290 3026 1486 3100 dumtaxat
1514 3028 1730 3114 observent,

229 3175 304 3249 que
332 3152 512 3225 hactenus
540 3150 597 3225 de
617 3151 795 3226 mandato
833 3169 963 3226 nostro
991 3177 1059 3248 per
1093 3151 1320 3226 audientiam
1356 3150 1547 3226 literarum
1584 3165 1733 3226 nostra·

228 3299 310 3347 rum
340 3276 444 3372 ipsos
472 3277 613 3348 servari
641 3276 781 3350 debere
809 3291 952 3349 statuta
970 3275 1084 3349 fuisse
1104 3293 1326 3364 noscuntur;
1347 3290 1386 3348 et
1413 3275 1516 3370 quod
1536 3275 1583 3347 de
1603 3290 1732 3350 cetero

227 3398 300 3471 alia
328 3397 435 3486 festa,
468 3423 535 3472 seu
564 3400 645 3473 dies
680 3398 786 3483 alios,
817 3425 864 3473 ex
892 3425 935 3472 se
963 3399 1055 3496 ipsis
1083 3399 1141 3474 vel
1177 3399 1270 3472 alias
1308 3415 1475 3472 statuere
1512 3399 1570 3473 vel
1599 3401 1735 3474 obser-

229 3545 318 3595 vare
345 3523 582 3618 aliquatenus
620 3548 694 3597 non
722 3540 962 3620 presumant;
992 3525 1059 3596 sed
1089 3524 1221 3597 diebus
1249 3523 1330 3596 aliis
1358 3523 1411 3597 sic
1439 3539 1593 3620 paratos
1621 3549 1663 3598 se
1692 3541 1735 3598 et

228 3646 407 3722 sollicitos
436 3647 636 3734 exhibeant
664 3649 700 3722 in
728 3648 938 3721 exhibenda
966 3648 1106 3720 iustitia
1133 3648 1303 3744 partibus
1336 3647 1568 3746 litigantibus
1604 3672 1735 3722 coram

229 3773 333 3868 ipsis,
364 3773 467 3868 quod
496 3797 543 3845 ex
570 3772 640 3846 hoc
669 3773 802 3848 merito
831 3774 995 3847 debeant
1023 3773 1287 3847 commendari.

310 3899 329 3994 ᾗ
359 3919 393 3990 5.
423 3897 526 3976 Item,
544 3898 648 3992 quod
666 3897 716 3972 illi
744 3923 791 3972 ex
810 3898 953 3972 eisdem
968 3897 1225 3983 Auditoribus,
1247 3898 1312 3992 qui
1331 3897 1487 3971 fratrum
1517 3912 1735 3972 nostrorum

229 4001 289 4094 εἷς
317 4047 457 4096 roman.
488 4003 588 4098 eccle
617 4021 870 4096 Cardinalium
904 4022 1102 4095 familiares
1129 4023 1304 4109 existunt,
1335 4021 1466 4096 diebus
1503 4021 1664 4096 iuridicis
1693 4039 1738 4096 et

227 4144 330 4219 horis
358 4145 494 4242 quibus
523 4171 636 4220 cause
664 4149 933 4230 tractabuntur,
965 4144 1186 4219 Cardinales
1223 4170 1296 4219 non
1324 4161 1530 4242 sequantur
1560 4144 1733 4233 eosdem,
1846 4237 1847 4246 ἵ

178 4263 183 4274 ’
230 4295 299 4345 nec
326 4271 410 4344 alibi
439 4295 480 4342 se
508 4288 703 4368 occupent,
732 4273 800 4344 nisi
828 4298 851 4346 a
879 4271 986 4346 nobis
1014 4269 1073 4344 vel
1102 4295 1125 4342 a
1149 4269 1257 4344 dictis
1277 4269 1549 4358 Cardinalibus,
1569 4296 1737 4368 quorum

228 4393 438 4479 familiares,
469 4409 511 4468 ut
539 4395 733 4490 prefertur,
764 4397 942 4482 existunt,
971 4393 1182 4491 specialiter
1209 4410 1441 4468 vocarentur.

310 4520 329 4615 ᾗ
358 4524 392 4592 6.
410 4515 430 4558 *
449 4519 553 4605 Item,
571 4520 674 4616 quod
694 4522 899 4594 Auditores
918 4543 986 4615 per
1006 4543 1047 4592 se
1065 4519 1125 4592 vel
1144 4519 1269 4605 alium,
1290 4545 1357 4592 seu
1377 4520 1481 4603 alios,
1503 4544 1526 4592 a
1545 4521 1735 4615 partibus»,

229 4666 355 4715 coram
388 4643 442 4715 eis
471 4669 606 4717 causas
634 4641 869 4729 habentibus,
889 4667 999 4716 seua
1024 4642 1100 4716 suis
1121 4642 1272 4716 notariis
1301 4669 1426 4718 coram
1454 4643 1545 4740 ipsis
1565 4645 1740 4718 scriben-

230 4767 340 4853 tibus,
371 4765 430 4838 vel
457 4769 507 4841 ab
524 4767 605 4842 aliis
633 4793 702 4863 pro
720 4768 865 4842 eisdem
894 4793 961 4841 seu
989 4791 1118 4841 eorum
1149 4767 1308 4853 nomine,
1331 4767 1439 4840 nichil
1462 4791 1531 4842 nec
1550 4792 1639 4852 rem,
1661 4791 1740 4846 nec

227 4889 506 4988 obligationem,
528 4916 595 4966 nec
622 4893 908 4990 promissionem
937 4892 1135 4987 recipiant;
1155 4888 1175 4932 *
1193 4933 1220 4945 ·-
1239 4915 1306 4966 nec
1333 4893 1444 4966 etiam
1465 4917 1535 4989 pro
1563 4893 1740 4988 ipsorum

229 5012 351 5113 sigillo
378 5031 444 5090 aut
471 5040 540 5113 pro
558 5018 722 5104 rubricis,
753 5019 789 5092 in
814 5017 935 5091 causis
963 5018 998 5089 in
1025 5016 1160 5112 quibus
1180 5015 1386 5090 Auditores
1406 5034 1493 5091 sunt
1511 5017 1570 5090 vel
1598 5017 1744 5094 fuerint

229 5139 410 5236 deputati,
430 5140 490 5214 vel
507 5139 580 5216 alio
599 5141 749 5237 quesito
768 5141 894 5216 colore
912 5164 1172 5236 quocumque;
1193 5136 1213 5179 *
1230 5155 1311 5214 -et
1329 5143 1432 5237 quod
1452 5139 1604 5215 consilia
1623 5165 1742 5218 coau-

311 5399 320 5433 ¹
339 5397 412 5456 Duo
432 5397 546 5456 verba:
565 5398 677 5458 fortius
695 5399 797 5474 solito,
814 5399 936 5458 omissa
954 5409 1030 5458 sunt
1048 5401 1082 5459 in
1102 5399 1204 5460 Libro
1221 5400 1326 5460 Rotae
1343 5402 1615 5462 constitutionum.
