3720 5914
243 300 295 360 172
883 301 1019 361 soeculo
1037 299 1106 361 XV

239 495 495 590 impensorum
510 511 576 568 aut
594 496 774 570 cessionis
792 496 935 580 iurium,
953 519 1020 568 seu
1040 519 1109 592 pro
1129 494 1306 568 sedandis
1320 493 1456 578 litibus,
1474 493 1532 568 vel
1551 489 1752 566 scandalis

240 617 435 702 evitandis,
456 636 522 692 aut
553 619 626 692 alia
652 644 877 715 quacunque
904 617 1114 704 occasione,
1135 619 1195 692 vel
1224 635 1301 692 tam
1327 641 1397 714 per
1425 643 1494 692 nos
1521 617 1581 691 vel
1608 616 1749 690 sedem

241 743 487 838 apostolicam
520 745 591 818 sub
628 767 865 840 quacumque
899 745 1101 817 verborum
1128 742 1257 828 forma,
1292 745 1405 814 etiam
1437 742 1485 814 de
1513 741 1750 816 necessitate

241 865 289 940 de
316 868 434 941 verbo
460 868 509 941 ad
537 869 695 942 verbum
725 866 981 962 exprimenda,
1010 865 1065 940 eis
1093 890 1141 940 ex
1169 881 1273 938 motu
1302 881 1341 938 et
1369 864 1523 939 scientia
1559 865 1751 938 similibus

242 1016 310 1088 per
338 1018 407 1066 nos
435 992 495 1066 vel
523 994 696 1066 eamdem
724 994 855 1067 sedem
883 1015 1065 1067 concesse
1093 991 1199 1064 etde
1218 1006 1348 1064 cetero
1370 989 1610 1064 concedende
1636 1006 1752 1064 ante-

240 1115 421 1192 lationum
450 1118 711 1216 prerogativis,
742 1117 991 1202 decretorum,
1018 1117 1302 1190 concessionum
1334 1115 1653 1213 derogationibus,
1686 1115 1754 1188 lit-

243 1242 332 1315 teris
366 1259 406 1316 et
441 1241 592 1316 indultis
630 1242 858 1337 quibuslibet
891 1241 1094 1341 gaudeant,
1123 1239 1293 1314 fruantur
1319 1256 1358 1313 et
1385 1256 1540 1314 utantur
1572 1256 1639 1313 aut
1676 1263 1755 1314 eos

244 1367 323 1454 srui,
346 1368 399 1441 uti
426 1384 466 1440 et
492 1366 662 1465 gaudere
681 1367 874 1465 contingat
901 1366 937 1439 in
965 1366 1142 1453 futurum,
1163 1364 1202 1439 S.
1224 1365 1270 1439 R.
1292 1363 1335 1438 E.
1358 1364 1619 1439 cardinalibus
1638 1366 1755 1437 dum-

243 1507 348 1564 taxat
373 1507 414 1566 et
441 1492 548 1566 nullis
576 1492 657 1566 aliis
686 1493 835 1586 penitus
862 1491 1039 1588 exceptis,
1060 1490 1296 1588 preferantur
1322 1508 1362 1566 et
1388 1491 1543 1588 preferri
1566 1491 1752 1575 debeant,

244 1615 480 1690 declarantes
507 1617 651 1711 pariter
678 1639 722 1690 ac
750 1617 998 1691 decernentes
1026 1615 1192 1688 similiter
1210 1613 1266 1717 (i).

327 1737 412 1812 Non
440 1741 679 1815 obstantibus
707 1743 913 1838 premissis,
940 1767 985 1814 ac
1014 1739 1357 1814 Constitutionibus
1385 1757 1424 1814 et
1450 1739 1759 1814 ordinationibus

244 1864 472 1960 apostolicis,
503 1888 648 1939 necnon
685 1866 827 1964 regulis
859 1889 930 1960 per
961 1889 1030 1938 nos
1067 1864 1175 1938 lactis
1212 1879 1251 1938 et
1284 1864 1464 1937 faciendis
1494 1864 1686 1961 aquibus
1717 1864 1759 1937 in
1847 1869 1848 1938 l

245 2005 428 2083 quantum
456 1989 564 2062 dictis
601 1990 848 2065 Auditoribus
883 1985 933 2094 (si
966 1988 1179 2064 huiusmodi
1215 1989 1284 2062 sibi
1320 1988 1508 2064 concessis
1542 1988 1757 2088 privilegiis

245 2113 471 2211 derogatum
499 2114 548 2186 sit
574 2115 634 2188 vel
661 2113 838 2213 derogari
856 2115 1064 2212 contingat)
1093 2129 1275 2208 exceptos
1303 2137 1389 2188 esse
1415 2112 1600 2186 volumus.
1632 2111 1758 2188 Cete-

248 2237 374 2333 risque
402 2240 597 2312 contrariis
625 2241 935 2336 quibuscumque.
967 2239 1063 2312 Cum
1092 2238 1269 2312 clausulis
1295 2239 1529 2335 opportunis.
1549 2283 1575 2296 -
1600 2237 1757 2314 Coraces-

247 2387 328 2436 sum
356 2371 399 2436 ut
417 2364 562 2460 petitur
592 2363 636 2436 de
669 2363 946 2458 confirmatorie
976 2372 1011 2437 ct
1039 2362 1293 2436 exhalentur.
1324 2361 1371 2436 In
1390 2363 1581 2463 presentia
1607 2363 1660 2438 D.
1694 2365 1754 2438 N.

249 2485 364 2587 Papa
394 2488 459 2562 Pe.
497 2488 667 2565 Tirason.

330 2612 381 2685 Et
422 2637 506 2688 cum
542 2613 774 2688 coniectione
812 2615 995 2688 dictarum
1032 2614 1197 2690 littera-l

251 2763 332 2812 rum

331 2863 381 2936 Et
408 2865 512 2959 quod
540 2879 779 2962 transumpto
811 2864 1020 2939 litterarum
1059 2694 1200 2962 superi

251 2986 463 3061 huiusmodi
491 2989 614 3086 gratia
642 2991 713 3062 sub
731 2987 855 3086 sigillo
876 2987 1079 3062 Camerarii
1098 2990 1174 3064 ubi·
1192 2951 1198 2994 ³
1216 2925 1436 3000 Cmssum'
1470 2925 1534 3000 st
1571 2925 1752 2998 Tmou·

250 3135 326 3206 que
354 3110 448 3186 fides
476 3112 710 3198 adhibeatur,
740 3137 783 3186 ac
820 3112 852 3186 si
884 3113 1083 3211 originales
1119 3113 1174 3186 lit-

251 3251 332 3310 tere
359 3237 636 3310 exhiberentur.

334 3361 476 3434 Datum
506 3362 639 3448 Rome,
668 3362 772 3458 apud
798 3361 837 3438 S.
868 3361 1030 3448 Petrum,
1060 3362 1178 3459 pridie
1207 3361 1338 3436 Nonas
1365 3361 1450 3444 ian,
1479 3383 1580 3433 anno
1608 3359 1634 3434 1.

965 3693 1052 3774 105.

502 3873 649 3947 Paulus
676 3875 728 3948 II
747 3874 944 3957 confirmat
961 3873 1166 3972 prrirr'legr‘a
1191 3873 1232 3946 in
1258 3837 1501 3970 expectatam,

335 4033 456 4104 (Accu.
475 4026 566 4100 Rom,
590 4027 806 4102 ‹Prr'vz'legia
819 4053 847 4101 ι,
866 4033 942 4086 rom.
960 4025 988 4100 I,
1002 4031 1092 4100 part.
1110 4023 1138 4098 I,
1156 4041 1188 4082 n.
1208 4021 1311 4096 XIX).

1315 4185 1393 4254 1465,
1413 4181 1553 4242 ianuarii
1570 4182 1596 4254 4,
1615 4179 1752 4240 Romae.

337 4360 473 4434 Paulus
500 4361 712 4456 episcopus,
734 4381 867 4430 servus
895 4377 1089 4428 servorum
1110 4351 1194 4426 Dei.
1215 4351 1279 4425 Ad
1292 4366 1519 4446 perpetuam
1538 4346 1591 4422 rei
1610 4371 1753 4420 memo-

255 4485 357 4560 riam.
388 4485 475 4558 Etsi
498 4483 635 4558 cunctis
661 4480 901 4556 ecclesiastici
930 4477 1061 4552 Status
1089 4475 1274 4573 personis,
1294 4499 1341 4548 ne
1370 4471 1544 4546 indebitis
1571 4469 1754 4545 molestiis

255 4610 471 4690 afficiantur.
489 4635 537 4682 ex
555 4621 708 4682 assuete
727 4603 879 4701 pietatis
898 4603 1019 4676 officio
1037 4600 1218 4675 assistere
1237 4616 1443 4685 teneamur,
1466 4595 1536 4671 illis
1554 4611 1680 4669 tamen
1708 4619 1755 4669 eo

256 4737 376 4831 magis
403 4736 541 4810 adesse
569 4749 608 4806 et
635 4733 690 4806 eis
718 4755 899 4805 concessa
926 4726 1120 4825 privilegia
1149 4725 1359 4822 preservari
1388 4749 1431 4796 ac
1459 4721 1519 4795 illa
1542 4722 1755 4818 approbare

256 4886 325 4935 nos
353 4861 527 4934 convenit
555 4858 675 4955 quiin
704 4854 947 4930 ministranda
974 4851 1173 4949 unicuique
1205 4850 1357 4936 iustitia,
1387 4847 1512 4921 studia
1539 4861 1579 4920 et
1605 4844 1755 4920 labores

256 4985 475 5080 impendunt
503 4999 543 5058 et
570 4983 618 5056 ad
646 4982 683 5055 id
712 4977 925 5076 specialiter
952 4992 1041 5051 sunt
1067 4976 1249 5074 deputati.

337 5109 493 5182 Dudum
521 5106 708 5204 siquidem
736 5131 773 5202 q.
798 5103 1016 5179 Alexander
1035 5102 1080 5188 V,
1102 5102 1139 5174 in
1168 5123 1236 5174 sua
1264 5097 1477 5173 obedientia
1505 5111 1752 5193 nuncupatus,

258 5233 415 5308 dilectos
446 5233 541 5308 filios
576 5257 638 5328 ap.
676 5230 778 5304 sedis
808 5228 1062 5326 Cappellanos
1094 5241 1133 5300 et
1166 5249 1363 5300 causarum
1391 5219 1518 5319 palatii
1545 5245 1607 5318 ap.
1637 5219 1755 5294 Audi-

259 5377 363 5435 tores
392 5383 414 5432 a
440 5358 558 5433 litium
586 5355 813 5430 anfractibus
842 5378 1063 5450 preservare
1091 5352 1257 5448 cupiens,
1278 5348 1396 5423 voluit
1418 5348 1550 5446 eisque
1568 5362 1607 5421 et
1625 5369 1754 5421 eorum
