<?xml version="1.0" encoding="UTF-8"?>
<!DOCTYPE html PUBLIC "-//W3C//DTD XHTML 1.0 Transitional//EN"
    "http://www.w3.org/TR/xhtml1/DTD/xhtml1-transitional.dtd">
<html xmlns="http://www.w3.org/1999/xhtml" xml:lang="en" lang="en">
 <head>
  <title>
</title>
<meta http-equiv="Content-Type" content="text/html;charset=utf-8" />
  <meta name='ocr-system' content='tesseract 3.04.00' />
  <meta name='ocr-capabilities' content='ocr_page ocr_carea ocr_par ocr_line ocrx_word'/>
</head>
<body>
  <div class='ocr_page' id='page_1' title='image "./capellanipapaee00cercgoog_0069.png"; bbox 0 0 3688 5924; ppageno 0'>
   <div class='ocr_carea' id='block_1_1' title="bbox 724 307 1604 374">
    <p class='ocr_par' dir='ltr' id='par_1_1' title="bbox 724 307 1604 374">
     <span class='ocr_line' id='line_1_1' title="bbox 724 307 1604 374; baseline -0.003 -1"><span class='ocrx_word' id='word_1_1' title='bbox 724 314 915 374; x_wconf 83' lang='lat' dir='ltr'><em>Innocentio</em></span> <span class='ocrx_word' id='word_1_2' title='bbox 933 312 989 373; x_wconf 86' lang='lat' dir='ltr'>IV</span> <span class='ocrx_word' id='word_1_3' title='bbox 1566 307 1604 370; x_wconf 83' lang='lat'>25</span> 
     </span>
    </p>
   </div>
   <div class='ocr_carea' id='block_1_2' title="bbox 22 504 1604 2851">
    <p class='ocr_par' dir='ltr' id='par_1_2' title="bbox 22 504 1604 1978">
     <span class='ocr_line' id='line_1_2' title="bbox 117 504 1602 604; baseline -0.001 -27"><span class='ocrx_word' id='word_1_4' title='bbox 117 504 264 580; x_wconf 88' lang='lat' dir='ltr'>nocentii</span> <span class='ocrx_word' id='word_1_5' title='bbox 281 529 380 602; x_wconf 89' lang='lat' dir='ltr'>pape</span> <span class='ocrx_word' id='word_1_6' title='bbox 407 506 469 580; x_wconf 94' lang='lat' dir='ltr'>llll</span> <span class='ocrx_word' id='word_1_7' title='bbox 495 531 596 580; x_wconf 89' lang='lat' dir='ltr'>anno</span> <span class='ocrx_word' id='word_1_8' title='bbox 623 513 677 591; x_wconf 87' lang='lat' dir='ltr'>x⁰,</span> <span class='ocrx_word' id='word_1_9' title='bbox 716 506 872 580; x_wconf 91' lang='lat' dir='ltr'>suborta</span> <span class='ocrx_word' id='word_1_10' title='bbox 908 506 1005 580; x_wconf 90' lang='lat' dir='ltr'>inter</span> <span class='ocrx_word' id='word_1_11' title='bbox 1036 505 1258 604; x_wconf 85' lang='lat' dir='ltr'>magistrum</span> <span class='ocrx_word' id='word_1_12' title='bbox 1297 505 1602 579; x_wconf 88' lang='lat' dir='ltr'>Bartholomeum</span> 
     </span>
     <span class='ocr_line' id='line_1_3' title="bbox 118 629 1604 726; baseline -0.001 -22"><span class='ocrx_word' id='word_1_13' title='bbox 118 629 423 704; x_wconf 85' lang='lat' dir='ltr'>Mediolanensem</span> <span class='ocrx_word' id='word_1_14' title='bbox 452 633 590 705; x_wconf 91' lang='lat' dir='ltr'>domini</span> <span class='ocrx_word' id='word_1_15' title='bbox 620 631 721 726; x_wconf 90' lang='lat' dir='ltr'>Pape</span> <span class='ocrx_word' id='word_1_16' title='bbox 740 629 1030 718; x_wconf 87' lang='lat' dir='ltr'>Subdiaconum‚</span> <span class='ocrx_word' id='word_1_17' title='bbox 1057 631 1274 704; x_wconf 87' lang='lat' dir='ltr'>canonicum</span> <span class='ocrx_word' id='word_1_18' title='bbox 1294 629 1451 704; x_wconf 84' lang='lat' dir='ltr'>ecclesie</span> <span class='ocrx_word' id='word_1_19' title='bbox 1476 629 1604 703; x_wconf 86' lang='lat' dir='ltr'>Sancti</span> 
     </span>
     <span class='ocr_line' id='line_1_4' title="bbox 117 755 1603 854; baseline -0.002 -26"><span class='ocrx_word' id='word_1_20' title='bbox 117 755 271 830; x_wconf 86' lang='lat' dir='ltr'>Marcelli</span> <span class='ocrx_word' id='word_1_21' title='bbox 313 755 541 842; x_wconf 78' lang='lat' dir='ltr'>parisiensis,</span> <span class='ocrx_word' id='word_1_22' title='bbox 580 780 628 830; x_wconf 86' lang='lat' dir='ltr'>ex</span> <span class='ocrx_word' id='word_1_23' title='bbox 665 771 772 854; x_wconf 91' lang='lat' dir='ltr'>parte</span> <span class='ocrx_word' id='word_1_24' title='bbox 808 779 893 841; x_wconf 88' lang='lat' dir='ltr'>una,</span> <span class='ocrx_word' id='word_1_25' title='bbox 921 772 961 830; x_wconf 90' lang='lat' dir='ltr'>et</span> <span class='ocrx_word' id='word_1_26' title='bbox 997 755 1195 854; x_wconf 88' lang='lat' dir='ltr'>religiosos</span> <span class='ocrx_word' id='word_1_27' title='bbox 1222 755 1322 829; x_wconf 91' lang='lat' dir='ltr'>viros</span> <span class='ocrx_word' id='word_1_28' title='bbox 1358 755 1535 828; x_wconf 86' lang='lat' dir='ltr'>abbatem</span> <span class='ocrx_word' id='word_1_29' title='bbox 1563 768 1603 826; x_wconf 87' lang='lat' dir='ltr'>et</span> 
     </span>
     <span class='ocr_line' id='line_1_5' title="bbox 115 879 1598 975; baseline -0.001 -23"><span class='ocrx_word' id='word_1_30' title='bbox 115 894 328 953; x_wconf 89' lang='lat' dir='ltr'>conventum</span> <span class='ocrx_word' id='word_1_31' title='bbox 356 881 571 956; x_wconf 89' lang='lat' dir='ltr'>monasterii</span> <span class='ocrx_word' id='word_1_32' title='bbox 599 881 726 956; x_wconf 88' lang='lat' dir='ltr'>Sancti</span> <span class='ocrx_word' id='word_1_33' title='bbox 740 880 903 954; x_wconf 88' lang='lat' dir='ltr'>Victoris</span> <span class='ocrx_word' id='word_1_34' title='bbox 932 881 1148 954; x_wconf 88' lang='lat' dir='ltr'>Parisiensis</span> <span class='ocrx_word' id='word_1_35' title='bbox 1177 907 1225 954; x_wconf 88' lang='lat' dir='ltr'>ex</span> <span class='ocrx_word' id='word_1_36' title='bbox 1242 880 1372 962; x_wconf 90' lang='lat' dir='ltr'>altera,</span> <span class='ocrx_word' id='word_1_37' title='bbox 1394 903 1510 975; x_wconf 89' lang='lat' dir='ltr'>super</span> <span class='ocrx_word' id='word_1_38' title='bbox 1528 879 1598 952; x_wconf 86' lang='lat' dir='ltr'>sru-</span> 
     </span>
     <span class='ocr_line' id='line_1_6' title="bbox 116 1003 1600 1103; baseline -0.001 -26"><span class='ocrx_word' id='word_1_39' title='bbox 116 1006 225 1078; x_wconf 89' lang='lat' dir='ltr'>ctibus</span> <span class='ocrx_word' id='word_1_40' title='bbox 243 1005 434 1078; x_wconf 87' lang='lat' dir='ltr'>cuiusdam</span> <span class='ocrx_word' id='word_1_41' title='bbox 454 1005 658 1103; x_wconf 85' lang='lat' dir='ltr'>prebende,</span> <span class='ocrx_word' id='word_1_42' title='bbox 678 1031 793 1102; x_wconf 90' lang='lat' dir='ltr'>quam</span> <span class='ocrx_word' id='word_1_43' title='bbox 811 1005 934 1080; x_wconf 91' lang='lat' dir='ltr'>dictus</span> <span class='ocrx_word' id='word_1_44' title='bbox 954 1005 1141 1102; x_wconf 86' lang='lat' dir='ltr'>Magister</span> <span class='ocrx_word' id='word_1_45' title='bbox 1160 1004 1447 1080; x_wconf 88' lang='lat' dir='ltr'>Bartholomeus</span> <span class='ocrx_word' id='word_1_46' title='bbox 1467 1003 1600 1077; x_wconf 92' lang='lat' dir='ltr'>dicitur</span> 
     </span>
     <span class='ocr_line' id='line_1_7' title="bbox 22 1123 1602 1225; baseline 0 -24"><span class='ocrx_word' id='word_1_47' title='bbox 22 1123 23 1192; x_wconf 61' lang='grc' dir='ltr'>ἒ</span> <span class='ocrx_word' id='word_1_48' title='bbox 114 1129 273 1202; x_wconf 89' lang='lat' dir='ltr'>obtinere</span> <span class='ocrx_word' id='word_1_49' title='bbox 299 1129 336 1202; x_wconf 93' lang='lat' dir='ltr'>in</span> <span class='ocrx_word' id='word_1_50' title='bbox 363 1129 537 1204; x_wconf 90' lang='lat' dir='ltr'>iamdicta</span> <span class='ocrx_word' id='word_1_51' title='bbox 563 1130 720 1221; x_wconf 83' lang='lat' dir='ltr'>ecclesia</span> <span class='ocrx_word' id='word_1_52' title='bbox 748 1129 875 1204; x_wconf 89' lang='lat' dir='ltr'>Sancti</span> <span class='ocrx_word' id='word_1_53' title='bbox 904 1127 1083 1215; x_wconf 82' lang='lat' dir='ltr'>Marcelli,</span> <span class='ocrx_word' id='word_1_54' title='bbox 1113 1131 1270 1203; x_wconf 90' lang='lat' dir='ltr'>materia</span> <span class='ocrx_word' id='word_1_55' title='bbox 1289 1128 1506 1225; x_wconf 67' lang='lat' dir='ltr'>questionis</span> <span class='ocrx_word' id='word_1_56' title='bbox 1537 1151 1602 1201; x_wconf 89' lang='lat' dir='ltr'>eo·</span> 
     </span>
     <span class='ocr_line' id='line_1_8' title="bbox 116 1225 1599 1351; baseline 0 -27"><span class='ocrx_word' id='word_1_57' title='bbox 116 1253 267 1350; x_wconf 89' lang='lat' dir='ltr'>demque</span> <span class='ocrx_word' id='word_1_58' title='bbox 304 1255 488 1351; x_wconf 87' lang='lat' dir='ltr'>magistro</span> <span class='ocrx_word' id='word_1_59' title='bbox 524 1279 593 1350; x_wconf 91' lang='lat' dir='ltr'>per</span> <span class='ocrx_word' id='word_1_60' title='bbox 626 1279 669 1328; x_wconf 90' lang='lat' dir='ltr'>se</span> <span class='ocrx_word' id='word_1_61' title='bbox 701 1225 949 1350; x_wconf 77' lang='lat' dir='ltr'>personaliter</span> <span class='ocrx_word' id='word_1_62' title='bbox 988 1279 1032 1328; x_wconf 92' lang='lat' dir='ltr'>ac</span> <span class='ocrx_word' id='word_1_63' title='bbox 1068 1255 1183 1328; x_wconf 79' lang='lat' dir='ltr'>fratre</span> <span class='ocrx_word' id='word_1_64' title='bbox 1219 1254 1386 1350; x_wconf 87' lang='lat' dir='ltr'>Hugone</span> <span class='ocrx_word' id='word_1_65' title='bbox 1421 1253 1599 1326; x_wconf 89' lang='lat' dir='ltr'>canonico</span> 
     </span>
     <span class='ocr_line' id='line_1_9' title="bbox 116 1377 1600 1476; baseline -0.001 -25"><span class='ocrx_word' id='word_1_66' title='bbox 116 1379 231 1451; x_wconf 87' lang='lat' dir='ltr'>Sancti</span> <span class='ocrx_word' id='word_1_67' title='bbox 250 1377 413 1452; x_wconf 91' lang='lat' dir='ltr'>Victoris</span> <span class='ocrx_word' id='word_1_68' title='bbox 434 1379 661 1467; x_wconf 74' lang='lat' dir='ltr'>parisiensis,</span> <span class='ocrx_word' id='word_1_69' title='bbox 689 1394 932 1476; x_wconf 88' lang='lat' dir='ltr'>procuratore</span> <span class='ocrx_word' id='word_1_70' title='bbox 950 1378 1136 1453; x_wconf 87' lang='lat' dir='ltr'>dictorum</span> <span class='ocrx_word' id='word_1_71' title='bbox 1157 1379 1306 1454; x_wconf 87' lang='lat' dir='ltr'>abbatis</span> <span class='ocrx_word' id='word_1_72' title='bbox 1324 1395 1364 1451; x_wconf 88' lang='lat' dir='ltr'>et</span> <span class='ocrx_word' id='word_1_73' title='bbox 1382 1391 1600 1458; x_wconf 85' lang='lat' dir='ltr'>conventus,</span> 
     </span>
     <span class='ocr_line' id='line_1_10' title="bbox 114 1501 1603 1603; baseline 0 -27"><span class='ocrx_word' id='word_1_74' title='bbox 114 1529 176 1600; x_wconf 93' lang='lat' dir='ltr'>pro</span> <span class='ocrx_word' id='word_1_75' title='bbox 201 1505 293 1602; x_wconf 90' lang='lat' dir='ltr'>ipsis</span> <span class='ocrx_word' id='word_1_76' title='bbox 320 1507 457 1578; x_wconf 91' lang='lat' dir='ltr'>abbate</span> <span class='ocrx_word' id='word_1_77' title='bbox 485 1523 524 1578; x_wconf 90' lang='lat' dir='ltr'>et</span> <span class='ocrx_word' id='word_1_78' title='bbox 553 1521 739 1582; x_wconf 90' lang='lat' dir='ltr'>conventu</span> <span class='ocrx_word' id='word_1_79' title='bbox 767 1530 838 1603; x_wconf 89' lang='lat' dir='ltr'>pro</span> <span class='ocrx_word' id='word_1_80' title='bbox 865 1506 934 1579; x_wconf 93' lang='lat' dir='ltr'>hac</span> <span class='ocrx_word' id='word_1_81' title='bbox 962 1505 1161 1601; x_wconf 90' lang='lat' dir='ltr'>questione</span> <span class='ocrx_word' id='word_1_82' title='bbox 1188 1505 1291 1600; x_wconf 87' lang='lat' dir='ltr'>apud</span> <span class='ocrx_word' id='word_1_83' title='bbox 1323 1501 1463 1577; x_wconf 89' lang='lat' dir='ltr'>Sedem</span> <span class='ocrx_word' id='word_1_84' title='bbox 1495 1503 1603 1598; x_wconf 87' lang='lat' dir='ltr'>Apo-</span> 
     </span>
     <span class='ocr_line' id='line_1_11' title="bbox 114 1609 1601 1728; baseline -0.001 -27"><span class='ocrx_word' id='word_1_85' title='bbox 114 1630 274 1702; x_wconf 86' lang='lat' dir='ltr'>stolicam</span> <span class='ocrx_word' id='word_1_86' title='bbox 288 1629 514 1717; x_wconf 89' lang='lat' dir='ltr'>constitutis,</span> <span class='ocrx_word' id='word_1_87' title='bbox 530 1609 704 1704; x_wconf 90' lang='lat' dir='ltr'>dominus</span> <span class='ocrx_word' id='word_1_88' title='bbox 721 1630 822 1726; x_wconf 88' lang='lat' dir='ltr'>Papa</span> <span class='ocrx_word' id='word_1_89' title='bbox 834 1629 1029 1728; x_wconf 90' lang='lat' dir='ltr'>deputavit</span> <span class='ocrx_word' id='word_1_90' title='bbox 1046 1655 1107 1704; x_wconf 90' lang='lat' dir='ltr'>me</span> <span class='ocrx_word' id='word_1_91' title='bbox 1123 1629 1345 1728; x_wconf 89' lang='lat' dir='ltr'>magistrum</span> <span class='ocrx_word' id='word_1_92' title='bbox 1362 1626 1601 1714; x_wconf 85' lang='lat' dir='ltr'>Adenullum,</span> 
     </span>
     <span class='ocr_line' id='line_1_12' title="bbox 113 1752 1602 1858; baseline 0.001 -34"><span class='ocrx_word' id='word_1_93' title='bbox 113 1771 280 1849; x_wconf 85' lang='lat' dir='ltr'>nepotem</span> <span class='ocrx_word' id='word_1_94' title='bbox 309 1753 424 1829; x_wconf 80' lang='lat' dir='ltr'>felicis</span> <span class='ocrx_word' id='word_1_95' title='bbox 452 1756 721 1830; x_wconf 88' lang='lat' dir='ltr'>recordationis</span> <span class='ocrx_word' id='word_1_96' title='bbox 752 1755 891 1858; x_wconf 81' lang='lat' dir='ltr'>domini</span> <span class='ocrx_word' id='word_1_97' title='bbox 921 1757 1097 1854; x_wconf 84' lang='lat' dir='ltr'>Gregorii</span> <span class='ocrx_word' id='word_1_98' title='bbox 1131 1754 1231 1852; x_wconf 87' lang='lat' dir='ltr'>Pape</span> <span class='ocrx_word' id='word_1_99' title='bbox 1259 1754 1324 1840; x_wconf 91' lang='lat' dir='ltr'>IX,</span> <span class='ocrx_word' id='word_1_100' title='bbox 1356 1752 1602 1850; x_wconf 86' lang='lat' dir='ltr'>Capelianum</span> 
     </span>
     <span class='ocr_line' id='line_1_13' title="bbox 111 1880 1353 1978; baseline -0.001 -25"><span class='ocrx_word' id='word_1_101' title='bbox 111 1906 222 1964; x_wconf 89' lang='lat' dir='ltr'>sunm,</span> <span class='ocrx_word' id='word_1_102' title='bbox 253 1881 472 1954; x_wconf 88' lang='lat' dir='ltr'>canonicum</span> <span class='ocrx_word' id='word_1_103' title='bbox 502 1880 758 1966; x_wconf 89' lang='lat' dir='ltr'>Parisiensem,</span> <span class='ocrx_word' id='word_1_104' title='bbox 789 1882 879 1978; x_wconf 91' lang='lat' dir='ltr'>ipsis</span> <span class='ocrx_word' id='word_1_105' title='bbox 908 1881 1078 1978; x_wconf 89' lang='lat' dir='ltr'>partibus</span> <span class='ocrx_word' id='word_1_106' title='bbox 1107 1880 1353 1965; x_wconf 88' lang='lat' dir='ltr'>Auditorem;</span> 
     </span>
    </p>

    <p class='ocr_par' dir='ltr' id='par_1_3' title="bbox 110 2003 1603 2851">
     <span class='ocr_line' id='line_1_14' title="bbox 181 2003 1600 2112; baseline 0.001 -36"><span class='ocrx_word' id='word_1_107' title='bbox 181 2007 320 2100; x_wconf 90' lang='lat' dir='ltr'>quibus</span> <span class='ocrx_word' id='word_1_108' title='bbox 356 2005 393 2077; x_wconf 92' lang='lat' dir='ltr'>in</span> <span class='ocrx_word' id='word_1_109' title='bbox 420 2031 504 2080; x_wconf 91' lang='lat' dir='ltr'>mea</span> <span class='ocrx_word' id='word_1_110' title='bbox 533 2006 725 2112; x_wconf 84' lang='lat' dir='ltr'>presentia</span> <span class='ocrx_word' id='word_1_111' title='bbox 752 2007 977 2088; x_wconf 90' lang='lat' dir='ltr'>constitutis,</span> <span class='ocrx_word' id='word_1_112' title='bbox 1005 2005 1174 2102; x_wconf 84' lang='lat' dir='ltr'>prefatus</span> <span class='ocrx_word' id='word_1_113' title='bbox 1202 2004 1384 2103; x_wconf 88' lang='lat' dir='ltr'>magister</span> <span class='ocrx_word' id='word_1_114' title='bbox 1404 2003 1600 2078; x_wconf 88' lang='lat' dir='ltr'>Bartholo-</span> 
     </span>
     <span class='ocr_line' id='line_1_15' title="bbox 110 2130 1603 2226; baseline 0 -24"><span class='ocrx_word' id='word_1_115' title='bbox 110 2155 209 2202; x_wconf 91' lang='lat' dir='ltr'>meus</span> <span class='ocrx_word' id='word_1_116' title='bbox 237 2145 369 2204; x_wconf 90' lang='lat' dir='ltr'>contra</span> <span class='ocrx_word' id='word_1_117' title='bbox 396 2147 679 2226; x_wconf 87' lang='lat' dir='ltr'>procuratorem</span> <span class='ocrx_word' id='word_1_118' title='bbox 707 2130 891 2205; x_wconf 90' lang='lat' dir='ltr'>dictorum</span> <span class='ocrx_word' id='word_1_119' title='bbox 920 2130 1068 2205; x_wconf 89' lang='lat' dir='ltr'>abbatis</span> <span class='ocrx_word' id='word_1_120' title='bbox 1096 2145 1136 2204; x_wconf 91' lang='lat' dir='ltr'>et</span> <span class='ocrx_word' id='word_1_121' title='bbox 1162 2146 1368 2204; x_wconf 90' lang='lat' dir='ltr'>conventus</span> <span class='ocrx_word' id='word_1_122' title='bbox 1396 2152 1523 2204; x_wconf 91' lang='lat' dir='ltr'>coram</span> <span class='ocrx_word' id='word_1_123' title='bbox 1541 2153 1603 2202; x_wconf 90' lang='lat' dir='ltr'>me</span> 
     </span>
     <span class='ocr_line' id='line_1_16' title="bbox 110 2251 1602 2352; baseline 0.001 -27"><span class='ocrx_word' id='word_1_124' title='bbox 110 2253 265 2326; x_wconf 88' lang='lat' dir='ltr'>libellum</span> <span class='ocrx_word' id='word_1_125' title='bbox 302 2253 436 2328; x_wconf 92' lang='lat' dir='ltr'>obtulit</span> <span class='ocrx_word' id='word_1_126' title='bbox 467 2255 505 2327; x_wconf 82' lang='lat' dir='ltr'>&#39;in</span> <span class='ocrx_word' id='word_1_127' title='bbox 538 2253 606 2328; x_wconf 91' lang='lat' dir='ltr'>hec</span> <span class='ocrx_word' id='word_1_128' title='bbox 644 2256 778 2330; x_wconf 88' lang='lat' dir='ltr'>verba:</span> <span class='ocrx_word' id='word_1_129' title='bbox 815 2254 992 2328; x_wconf 87' lang='lat' dir='ltr'>‹Coram</span> <span class='ocrx_word' id='word_1_130' title='bbox 1029 2255 1149 2341; x_wconf 90' lang='lat' dir='ltr'>vobis,</span> <span class='ocrx_word' id='word_1_131' title='bbox 1184 2255 1366 2352; x_wconf 88' lang='lat' dir='ltr'>magister</span> <span class='ocrx_word' id='word_1_132' title='bbox 1401 2251 1602 2339; x_wconf 86' lang='lat' dir='ltr'>Adenulfe,</span> 
     </span>
     <span class='ocr_line' id='line_1_17' title="bbox 115 2379 1602 2476; baseline 0.001 -27"><span class='ocrx_word' id='word_1_133' title='bbox 115 2409 130 2448; x_wconf 74' lang='lat' dir='ltr'>c</span> <span class='ocrx_word' id='word_1_134' title='bbox 148 2380 285 2452; x_wconf 92' lang='lat' dir='ltr'>domini</span> <span class='ocrx_word' id='word_1_135' title='bbox 306 2379 407 2476; x_wconf 90' lang='lat' dir='ltr'>Pape</span> <span class='ocrx_word' id='word_1_136' title='bbox 427 2379 643 2476; x_wconf 87' lang='lat' dir='ltr'>Capeliano,</span> <span class='ocrx_word' id='word_1_137' title='bbox 665 2381 844 2456; x_wconf 90' lang='lat' dir='ltr'>canonico</span> <span class='ocrx_word' id='word_1_138' title='bbox 865 2381 1072 2466; x_wconf 89' lang='lat' dir='ltr'>Parisiensi,</span> <span class='ocrx_word' id='word_1_139' title='bbox 1094 2381 1244 2476; x_wconf 91' lang='lat' dir='ltr'>abipso</span> <span class='ocrx_word' id='word_1_140' title='bbox 1264 2379 1415 2453; x_wconf 91' lang='lat' dir='ltr'>domino</span> <span class='ocrx_word' id='word_1_141' title='bbox 1433 2379 1602 2474; x_wconf 88' lang='lat' dir='ltr'>partibus</span> 
     </span>
     <span class='ocr_line' id='line_1_18' title="bbox 114 2484 1603 2602; baseline 0 -28"><span class='ocrx_word' id='word_1_142' title='bbox 114 2535 129 2574; x_wconf 86' lang='lat'>‹</span> <span class='ocrx_word' id='word_1_143' title='bbox 148 2503 331 2578; x_wconf 82' lang='lat' dir='ltr'>Auditore</span> <span class='ocrx_word' id='word_1_144' title='bbox 349 2484 541 2590; x_wconf 84' lang='lat' dir='ltr'>concesso,</span> <span class='ocrx_word' id='word_1_145' title='bbox 560 2505 736 2601; x_wconf 90' lang='lat' dir='ltr'>proponit</span> <span class='ocrx_word' id='word_1_146' title='bbox 755 2505 937 2602; x_wconf 86' lang='lat' dir='ltr'>magister</span> <span class='ocrx_word' id='word_1_147' title='bbox 951 2504 1238 2578; x_wconf 84' lang='lat' dir='ltr'>Bartholomeus</span> <span class='ocrx_word' id='word_1_148' title='bbox 1256 2503 1456 2578; x_wconf 87' lang='lat' dir='ltr'>canonicus</span> <span class='ocrx_word' id='word_1_149' title='bbox 1476 2501 1603 2576; x_wconf 88' lang='lat' dir='ltr'>Sancti</span> 
     </span>
     <span class='ocr_line' id='line_1_19' title="bbox 115 2628 1603 2723; baseline 0.002 -27"><span class='ocrx_word' id='word_1_150' title='bbox 115 2628 315 2703; x_wconf 78' lang='lat' dir='ltr'>«Marcelli</span> <span class='ocrx_word' id='word_1_151' title='bbox 345 2629 569 2713; x_wconf 89' lang='lat' dir='ltr'>Parisiensis,</span> <span class='ocrx_word' id='word_1_152' title='bbox 601 2647 732 2704; x_wconf 89' lang='lat' dir='ltr'>contra</span> <span class='ocrx_word' id='word_1_153' title='bbox 769 2631 946 2704; x_wconf 90' lang='lat' dir='ltr'>abbatem</span> <span class='ocrx_word' id='word_1_154' title='bbox 983 2645 1023 2703; x_wconf 90' lang='lat' dir='ltr'>et</span> <span class='ocrx_word' id='word_1_155' title='bbox 1054 2646 1280 2702; x_wconf 90' lang='lat' dir='ltr'>conventum</span> <span class='ocrx_word' id='word_1_156' title='bbox 1313 2628 1392 2701; x_wconf 88' lang='lat' dir='ltr'>sive</span> <span class='ocrx_word' id='word_1_157' title='bbox 1430 2651 1603 2723; x_wconf 89' lang='lat' dir='ltr'>procura·</span> 
     </span>
     <span class='ocr_line' id='line_1_20' title="bbox 115 2751 1603 2851; baseline 0.001 -29"><span class='ocrx_word' id='word_1_158' title='bbox 115 2767 264 2826; x_wconf 73' lang='lat' dir='ltr'>«torem</span> <span class='ocrx_word' id='word_1_159' title='bbox 293 2751 420 2827; x_wconf 90' lang='lat' dir='ltr'>Sancti</span> <span class='ocrx_word' id='word_1_160' title='bbox 440 2751 603 2828; x_wconf 92' lang='lat' dir='ltr'>Victoris</span> <span class='ocrx_word' id='word_1_161' title='bbox 624 2754 851 2839; x_wconf 86' lang='lat' dir='ltr'>Parisiensis,</span> <span class='ocrx_word' id='word_1_162' title='bbox 874 2755 1082 2851; x_wconf 90' lang='lat' dir='ltr'>quodcum</span> <span class='ocrx_word' id='word_1_163' title='bbox 1102 2751 1343 2850; x_wconf 82' lang='lat' dir='ltr'>prebendam,</span> <span class='ocrx_word' id='word_1_164' title='bbox 1363 2775 1439 2847; x_wconf 90' lang='lat' dir='ltr'>que</span> <span class='ocrx_word' id='word_1_165' title='bbox 1457 2752 1603 2826; x_wconf 89' lang='lat' dir='ltr'>vacavit</span> 
     </span>
    </p>
   </div>
   <div class='ocr_carea' id='block_1_3' title="bbox 114 2875 1822 3101">
    <p class='ocr_par' dir='ltr' id='par_1_4' title="bbox 114 2875 1822 3101">
     <span class='ocr_line' id='line_1_21' title="bbox 115 2875 1730 2976; baseline 0.003 -29"><span class='ocrx_word' id='word_1_166' title='bbox 115 2901 213 2971; x_wconf 79' lang='lat' dir='ltr'>«per</span> <span class='ocrx_word' id='word_1_167' title='bbox 249 2877 405 2951; x_wconf 88' lang='lat' dir='ltr'>liberam</span> <span class='ocrx_word' id='word_1_168' title='bbox 443 2877 734 2976; x_wconf 86' lang='lat' dir='ltr'>resignationem</span> <span class='ocrx_word' id='word_1_169' title='bbox 776 2879 970 2953; x_wconf 82' lang='lat' dir='ltr'>Lamberti</span> <span class='ocrx_word' id='word_1_170' title='bbox 1013 2878 1209 2975; x_wconf 86' lang='lat' dir='ltr'>presbiteri</span> <span class='ocrx_word' id='word_1_171' title='bbox 1246 2877 1293 2951; x_wconf 91' lang='lat' dir='ltr'>de</span> <span class='ocrx_word' id='word_1_172' title='bbox 1332 2877 1453 2962; x_wconf 87' lang='lat' dir='ltr'>Braia,</span> <span class='ocrx_word' id='word_1_173' title='bbox 1491 2891 1530 2948; x_wconf 90' lang='lat' dir='ltr'>et</span> <span class='ocrx_word' id='word_1_174' title='bbox 1565 2875 1601 2950; x_wconf 94' lang='lat' dir='ltr'>in</span> <span class='ocrx_word' id='word_1_175' title='bbox 1726 2943 1730 2952; x_wconf 88' lang='grc'><em>.</em></span> 
     </span>
     <span class='ocr_line' id='line_1_22' title="bbox 114 2983 1822 3101; baseline 0.001 -29"><span class='ocrx_word' id='word_1_176' title='bbox 114 3002 280 3077; x_wconf 69' lang='lat' dir='ltr'>reodem</span> <span class='ocrx_word' id='word_1_177' title='bbox 306 3026 406 3077; x_wconf 90' lang='lat' dir='ltr'>anno</span> <span class='ocrx_word' id='word_1_178' title='bbox 433 3011 632 3078; x_wconf 80' lang='lat' dir='ltr'>vacaverat</span> <span class='ocrx_word' id='word_1_179' title='bbox 660 3027 727 3100; x_wconf 91' lang='lat' dir='ltr'>per</span> <span class='ocrx_word' id='word_1_180' title='bbox 755 3002 909 3078; x_wconf 86' lang='lat' dir='ltr'>liberam</span> <span class='ocrx_word' id='word_1_181' title='bbox 937 3004 1228 3101; x_wconf 87' lang='lat' dir='ltr'>resignationem</span> <span class='ocrx_word' id='word_1_182' title='bbox 1257 3001 1430 3100; x_wconf 86' lang='lat' dir='ltr'>Magistri</span> <span class='ocrx_word' id='word_1_183' title='bbox 1458 2999 1602 3074; x_wconf 87' lang='lat' dir='ltr'>Nicolai</span> <span class='ocrx_word' id='word_1_184' title='bbox 1730 3033 1733 3040; x_wconf 92' lang='lat'>·</span> <span class='ocrx_word' id='word_1_185' title='bbox 1821 2983 1822 3062; x_wconf 71' lang='lat' dir='ltr'>l</span> 
     </span>
    </p>
   </div>
   <div class='ocr_carea' id='block_1_4' title="bbox 107 3124 1604 5467">
    <p class='ocr_par' dir='ltr' id='par_1_5' title="bbox 111 3124 1602 4324">
     <span class='ocr_line' id='line_1_23' title="bbox 115 3124 1602 3211; baseline 0.003 -17"><span class='ocrx_word' id='word_1_186' title='bbox 115 3127 232 3200; x_wconf 71' lang='lat' dir='ltr'>&lt;dicti</span> <span class='ocrx_word' id='word_1_187' title='bbox 261 3127 411 3201; x_wconf 89' lang='lat' dir='ltr'>Lebech</span> <span class='ocrx_word' id='word_1_188' title='bbox 447 3129 485 3201; x_wconf 90' lang='lat' dir='ltr'>in</span> <span class='ocrx_word' id='word_1_189' title='bbox 512 3128 670 3203; x_wconf 89' lang='lat' dir='ltr'>ecclesia</span> <span class='ocrx_word' id='word_1_190' title='bbox 702 3128 829 3203; x_wconf 89' lang='lat' dir='ltr'>Sancti</span> <span class='ocrx_word' id='word_1_191' title='bbox 867 3128 1034 3202; x_wconf 91' lang='lat' dir='ltr'>Marcelli</span> <span class='ocrx_word' id='word_1_192' title='bbox 1072 3125 1300 3211; x_wconf 86' lang='lat' dir='ltr'>Parisiensis,</span> <span class='ocrx_word' id='word_1_193' title='bbox 1340 3125 1389 3200; x_wconf 93' lang='lat' dir='ltr'>sit</span> <span class='ocrx_word' id='word_1_194' title='bbox 1424 3124 1602 3200; x_wconf 91' lang='lat' dir='ltr'>canonice</span> 
     </span>
     <span class='ocr_line' id='line_1_24' title="bbox 111 3253 1601 3350; baseline 0.001 -28"><span class='ocrx_word' id='word_1_195' title='bbox 111 3269 380 3338; x_wconf 77' lang='lat' dir='ltr'>«consecutus,</span> <span class='ocrx_word' id='word_1_196' title='bbox 411 3269 450 3328; x_wconf 89' lang='lat' dir='ltr'>et</span> <span class='ocrx_word' id='word_1_197' title='bbox 477 3255 514 3326; x_wconf 88' lang='lat' dir='ltr'>in</span> <span class='ocrx_word' id='word_1_198' title='bbox 541 3255 825 3350; x_wconf 89' lang='lat' dir='ltr'>possessionem</span> <span class='ocrx_word' id='word_1_199' title='bbox 854 3255 1001 3340; x_wconf 90' lang='lat' dir='ltr'>ductus,</span> <span class='ocrx_word' id='word_1_200' title='bbox 1023 3253 1180 3349; x_wconf 90' lang='lat' dir='ltr'>predicti</span> <span class='ocrx_word' id='word_1_201' title='bbox 1198 3253 1317 3331; x_wconf 81' lang='lat' dir='ltr'>abbas</span> <span class='ocrx_word' id='word_1_202' title='bbox 1336 3267 1375 3326; x_wconf 88' lang='lat' dir='ltr'>et</span> <span class='ocrx_word' id='word_1_203' title='bbox 1393 3267 1601 3326; x_wconf 88' lang='lat' dir='ltr'>conventus</span> 
     </span>
     <span class='ocr_line' id='line_1_25' title="bbox 113 3375 1602 3475; baseline 0.003 -31"><span class='ocrx_word' id='word_1_204' title='bbox 113 3403 128 3444; x_wconf 76' lang='lat' dir='ltr'>r</span> <span class='ocrx_word' id='word_1_205' title='bbox 145 3401 259 3475; x_wconf 89' lang='lat' dir='ltr'>super</span> <span class='ocrx_word' id='word_1_206' title='bbox 290 3377 470 3452; x_wconf 80' lang='lat' dir='ltr'>fructibus</span> <span class='ocrx_word' id='word_1_207' title='bbox 497 3379 667 3452; x_wconf 86' lang='lat' dir='ltr'>eiusdem</span> <span class='ocrx_word' id='word_1_208' title='bbox 695 3379 889 3475; x_wconf 87' lang='lat' dir='ltr'>prebende</span> <span class='ocrx_word' id='word_1_209' title='bbox 908 3404 994 3452; x_wconf 93' lang='lat' dir='ltr'>eum</span> <span class='ocrx_word' id='word_1_210' title='bbox 1013 3377 1178 3452; x_wconf 91' lang='lat' dir='ltr'>indebite</span> <span class='ocrx_word' id='word_1_211' title='bbox 1197 3392 1409 3475; x_wconf 89' lang='lat' dir='ltr'>aggravant</span> <span class='ocrx_word' id='word_1_212' title='bbox 1427 3392 1467 3449; x_wconf 90' lang='lat' dir='ltr'>et</span> <span class='ocrx_word' id='word_1_213' title='bbox 1485 3375 1602 3450; x_wconf 90' lang='lat' dir='ltr'>mole-</span> 
     </span>
     <span class='ocr_line' id='line_1_26' title="bbox 112 3499 1601 3599; baseline 0.003 -31"><span class='ocrx_word' id='word_1_214' title='bbox 112 3531 126 3568; x_wconf 88' lang='lat'><strong>‹</strong></span> <span class='ocrx_word' id='word_1_215' title='bbox 145 3518 257 3584; x_wconf 90' lang='lat' dir='ltr'>stant,</span> <span class='ocrx_word' id='word_1_216' title='bbox 289 3517 329 3576; x_wconf 90' lang='lat' dir='ltr'>et</span> <span class='ocrx_word' id='word_1_217' title='bbox 356 3502 499 3576; x_wconf 79' lang='lat' dir='ltr'>fructus</span> <span class='ocrx_word' id='word_1_218' title='bbox 527 3503 688 3576; x_wconf 90' lang='lat' dir='ltr'>duorum</span> <span class='ocrx_word' id='word_1_219' title='bbox 709 3525 893 3578; x_wconf 89' lang='lat' dir='ltr'>annorum</span> <span class='ocrx_word' id='word_1_220' title='bbox 911 3503 1081 3578; x_wconf 90' lang='lat' dir='ltr'>eiusdem</span> <span class='ocrx_word' id='word_1_221' title='bbox 1100 3502 1292 3599; x_wconf 88' lang='lat' dir='ltr'>prebende</span> <span class='ocrx_word' id='word_1_222' title='bbox 1312 3499 1476 3575; x_wconf 87' lang='lat' dir='ltr'>indebite</span> <span class='ocrx_word' id='word_1_223' title='bbox 1495 3525 1601 3590; x_wconf 88' lang='lat' dir='ltr'>occu-</span> 
     </span>
     <span class='ocr_line' id='line_1_27' title="bbox 114 3607 1600 3723; baseline 0.003 -30"><span class='ocrx_word' id='word_1_224' title='bbox 114 3640 284 3720; x_wconf 83' lang='lat' dir='ltr'>‹parunt</span> <span class='ocrx_word' id='word_1_225' title='bbox 319 3641 359 3700; x_wconf 91' lang='lat' dir='ltr'>et</span> <span class='ocrx_word' id='word_1_226' title='bbox 400 3643 532 3700; x_wconf 89' lang='lat' dir='ltr'>contra</span> <span class='ocrx_word' id='word_1_227' title='bbox 571 3626 752 3702; x_wconf 87' lang='lat' dir='ltr'>iustitiam</span> <span class='ocrx_word' id='word_1_228' title='bbox 794 3627 963 3702; x_wconf 90' lang='lat' dir='ltr'>detinent</span> <span class='ocrx_word' id='word_1_229' title='bbox 1005 3643 1221 3723; x_wconf 90' lang='lat' dir='ltr'>occupatos,</span> <span class='ocrx_word' id='word_1_230' title='bbox 1262 3607 1359 3722; x_wconf 76' lang='lat' dir='ltr'>quos</span> <span class='ocrx_word' id='word_1_231' title='bbox 1400 3626 1495 3722; x_wconf 90' lang='lat' dir='ltr'>petit</span> <span class='ocrx_word' id='word_1_232' title='bbox 1531 3624 1600 3698; x_wconf 89' lang='lat' dir='ltr'>sibi</span> 
     </span>
     <span class='ocr_line' id='line_1_28' title="bbox 115 3749 1601 3850; baseline 0.003 -34"><span class='ocrx_word' id='word_1_233' title='bbox 115 3751 301 3836; x_wconf 75' lang='lat' dir='ltr'>«restitui,</span> <span class='ocrx_word' id='word_1_234' title='bbox 325 3751 384 3825; x_wconf 88' lang='lat' dir='ltr'>vel</span> <span class='ocrx_word' id='word_1_235' title='bbox 411 3753 693 3826; x_wconf 86' lang='lat' dir='ltr'>extimationem</span> <span class='ocrx_word' id='word_1_236' title='bbox 721 3777 863 3840; x_wconf 91' lang='lat' dir='ltr'>eorum,</span> <span class='ocrx_word' id='word_1_237' title='bbox 894 3777 994 3850; x_wconf 91' lang='lat' dir='ltr'>quos</span> <span class='ocrx_word' id='word_1_238' title='bbox 1022 3752 1107 3825; x_wconf 82' lang='lat' dir='ltr'>lacit</span> <span class='ocrx_word' id='word_1_239' title='bbox 1134 3751 1331 3849; x_wconf 88' lang='lat' dir='ltr'>sexaginta</span> <span class='ocrx_word' id='word_1_240' title='bbox 1358 3750 1471 3824; x_wconf 85' lang='lat' dir='ltr'>libras</span> <span class='ocrx_word' id='word_1_241' title='bbox 1500 3749 1601 3822; x_wconf 89' lang='lat' dir='ltr'>Pari-</span> 
     </span>
     <span class='ocr_line' id='line_1_29' title="bbox 114 3875 1601 3974; baseline 0.003 -31"><span class='ocrx_word' id='word_1_242' title='bbox 114 3875 335 3962; x_wconf 76' lang='lat' dir='ltr'>‹siensium</span> <span class='ocrx_word' id='word_1_243' title='bbox 365 3876 413 3948; x_wconf 91' lang='lat' dir='ltr'>de</span> <span class='ocrx_word' id='word_1_244' title='bbox 441 3877 578 3972; x_wconf 89' lang='lat' dir='ltr'>quibus</span> <span class='ocrx_word' id='word_1_245' title='bbox 595 3878 768 3952; x_wconf 90' lang='lat' dir='ltr'>omnibus</span> <span class='ocrx_word' id='word_1_246' title='bbox 789 3903 856 3974; x_wconf 91' lang='lat' dir='ltr'>per</span> <span class='ocrx_word' id='word_1_247' title='bbox 874 3901 954 3960; x_wconf 89' lang='lat' dir='ltr'>vos,</span> <span class='ocrx_word' id='word_1_248' title='bbox 977 3877 1126 3950; x_wconf 91' lang='lat' dir='ltr'>domine</span> <span class='ocrx_word' id='word_1_249' title='bbox 1145 3877 1269 3961; x_wconf 86' lang='lat' dir='ltr'>iudex,</span> <span class='ocrx_word' id='word_1_250' title='bbox 1294 3875 1389 3970; x_wconf 91' lang='lat' dir='ltr'>petit</span> <span class='ocrx_word' id='word_1_251' title='bbox 1411 3875 1601 3969; x_wconf 92' lang='lat' dir='ltr'>predictos</span> 
     </span>
     <span class='ocr_line' id='line_1_30' title="bbox 114 3999 1599 4098; baseline 0.002 -30"><span class='ocrx_word' id='word_1_252' title='bbox 114 4001 323 4075; x_wconf 75' lang='lat' dir='ltr'>&lt;abbatem</span> <span class='ocrx_word' id='word_1_253' title='bbox 352 4017 391 4074; x_wconf 89' lang='lat' dir='ltr'>et</span> <span class='ocrx_word' id='word_1_254' title='bbox 419 4017 645 4074; x_wconf 89' lang='lat' dir='ltr'>conventum</span> <span class='ocrx_word' id='word_1_255' title='bbox 673 4025 742 4097; x_wconf 89' lang='lat' dir='ltr'>per</span> <span class='ocrx_word' id='word_1_256' title='bbox 767 3999 891 4098; x_wconf 90' lang='lat' dir='ltr'>ipsum</span> <span class='ocrx_word' id='word_1_257' title='bbox 919 4017 1200 4098; x_wconf 89' lang='lat' dir='ltr'>procuratorem</span> <span class='ocrx_word' id='word_1_258' title='bbox 1234 3999 1399 4097; x_wconf 87' lang='lat' dir='ltr'>legitime</span> <span class='ocrx_word' id='word_1_259' title='bbox 1426 3999 1599 4072; x_wconf 91' lang='lat' dir='ltr'>condem·</span> 
     </span>
     <span class='ocr_line' id='line_1_31' title="bbox 114 4122 1601 4221; baseline 0.003 -29"><span class='ocrx_word' id='word_1_260' title='bbox 114 4125 262 4220; x_wconf 73' lang='lat' dir='ltr'>«pueri,</span> <span class='ocrx_word' id='word_1_261' title='bbox 291 4140 331 4197; x_wconf 92' lang='lat' dir='ltr'>et</span> <span class='ocrx_word' id='word_1_262' title='bbox 358 4125 407 4198; x_wconf 92' lang='lat' dir='ltr'>ad</span> <span class='ocrx_word' id='word_1_263' title='bbox 435 4124 727 4199; x_wconf 84' lang='lat' dir='ltr'>satisfactionem</span> <span class='ocrx_word' id='word_1_264' title='bbox 756 4125 945 4221; x_wconf 89' lang='lat' dir='ltr'>compelli;</span> <span class='ocrx_word' id='word_1_265' title='bbox 975 4124 1069 4221; x_wconf 92' lang='lat' dir='ltr'>petit</span> <span class='ocrx_word' id='word_1_266' title='bbox 1096 4149 1285 4221; x_wconf 86' lang='lat' dir='ltr'>expensas</span> <span class='ocrx_word' id='word_1_267' title='bbox 1304 4122 1431 4209; x_wconf 85' lang='lat' dir='ltr'>lactas,</span> <span class='ocrx_word' id='word_1_268' title='bbox 1454 4139 1493 4196; x_wconf 92' lang='lat' dir='ltr'>et</span> <span class='ocrx_word' id='word_1_269' title='bbox 1512 4147 1601 4218; x_wconf 90' lang='lat' dir='ltr'>pro·</span> 
     </span>
     <span class='ocr_line' id='line_1_32' title="bbox 114 4249 586 4324; baseline 0.013 -6"><span class='ocrx_word' id='word_1_270' title='bbox 114 4277 129 4318; x_wconf 77' lang='lat' dir='ltr'>r</span> <span class='ocrx_word' id='word_1_271' title='bbox 146 4264 311 4324; x_wconf 87' lang='lat' dir='ltr'>testatur</span> <span class='ocrx_word' id='word_1_272' title='bbox 339 4249 528 4324; x_wconf 86' lang='lat' dir='ltr'>iaciendas</span> <span class='ocrx_word' id='word_1_273' title='bbox 548 4279 586 4324; x_wconf 71' lang='lat' dir='ltr'>s.</span> 
     </span>
    </p>

    <p class='ocr_par' dir='ltr' id='par_1_6' title="bbox 107 4373 1604 5467">
     <span class='ocr_line' id='line_1_33' title="bbox 179 4373 1601 4474; baseline -0.001 -27"><span class='ocrx_word' id='word_1_274' title='bbox 179 4375 308 4471; x_wconf 89' lang='lat' dir='ltr'>Super</span> <span class='ocrx_word' id='word_1_275' title='bbox 334 4400 411 4470; x_wconf 91' lang='lat' dir='ltr'>quo</span> <span class='ocrx_word' id='word_1_276' title='bbox 440 4375 565 4450; x_wconf 90' lang='lat' dir='ltr'>libello</span> <span class='ocrx_word' id='word_1_277' title='bbox 597 4375 711 4450; x_wconf 83' lang='lat' dir='ltr'>irater</span> <span class='ocrx_word' id='word_1_278' title='bbox 741 4377 869 4474; x_wconf 88' lang='lat' dir='ltr'>Hugo,</span> <span class='ocrx_word' id='word_1_279' title='bbox 902 4392 1124 4472; x_wconf 90' lang='lat' dir='ltr'>procurator</span> <span class='ocrx_word' id='word_1_280' title='bbox 1158 4375 1341 4449; x_wconf 92' lang='lat' dir='ltr'>dictorum</span> <span class='ocrx_word' id='word_1_281' title='bbox 1378 4373 1525 4446; x_wconf 87' lang='lat' dir='ltr'>abbatis</span> <span class='ocrx_word' id='word_1_282' title='bbox 1560 4387 1601 4445; x_wconf 88' lang='lat' dir='ltr'>et</span> 
     </span>
     <span class='ocr_line' id='line_1_34' title="bbox 107 4498 1602 4597; baseline 0.001 -28"><span class='ocrx_word' id='word_1_283' title='bbox 107 4517 321 4586; x_wconf 88' lang='lat' dir='ltr'>conventus,</span> <span class='ocrx_word' id='word_1_284' title='bbox 351 4500 454 4572; x_wconf 92' lang='lat' dir='ltr'>litem</span> <span class='ocrx_word' id='word_1_285' title='bbox 482 4503 732 4576; x_wconf 88' lang='lat' dir='ltr'>contestando</span> <span class='ocrx_word' id='word_1_286' title='bbox 760 4502 852 4575; x_wconf 90' lang='lat' dir='ltr'>dixit</span> <span class='ocrx_word' id='word_1_287' title='bbox 880 4501 983 4595; x_wconf 92' lang='lat' dir='ltr'>quod</span> <span class='ocrx_word' id='word_1_288' title='bbox 1011 4498 1203 4597; x_wconf 90' lang='lat' dir='ltr'>prebenda</span> <span class='ocrx_word' id='word_1_289' title='bbox 1222 4499 1367 4572; x_wconf 87' lang='lat' dir='ltr'>ratione</span> <span class='ocrx_word' id='word_1_290' title='bbox 1394 4498 1498 4572; x_wconf 90' lang='lat' dir='ltr'>cuius</span> <span class='ocrx_word' id='word_1_291' title='bbox 1514 4523 1602 4596; x_wconf 86' lang='lat' dir='ltr'>age·</span> 
     </span>
     <span class='ocr_line' id='line_1_35' title="bbox 109 4621 1603 4722; baseline 0 -26"><span class='ocrx_word' id='word_1_292' title='bbox 109 4623 211 4697; x_wconf 89' lang='lat' dir='ltr'>batur</span> <span class='ocrx_word' id='word_1_293' title='bbox 239 4625 299 4697; x_wconf 91' lang='lat' dir='ltr'>bis</span> <span class='ocrx_word' id='word_1_294' title='bbox 326 4624 362 4696; x_wconf 91' lang='lat' dir='ltr'>in</span> <span class='ocrx_word' id='word_1_295' title='bbox 391 4648 466 4698; x_wconf 91' lang='lat' dir='ltr'>uno</span> <span class='ocrx_word' id='word_1_296' title='bbox 493 4625 706 4722; x_wconf 91' lang='lat' dir='ltr'>eodemque</span> <span class='ocrx_word' id='word_1_297' title='bbox 733 4650 833 4700; x_wconf 92' lang='lat' dir='ltr'>anno</span> <span class='ocrx_word' id='word_1_298' title='bbox 853 4627 887 4698; x_wconf 91' lang='lat' dir='ltr'>in</span> <span class='ocrx_word' id='word_1_299' title='bbox 908 4625 1081 4699; x_wconf 91' lang='lat' dir='ltr'>iamdicta</span> <span class='ocrx_word' id='word_1_300' title='bbox 1098 4623 1255 4697; x_wconf 88' lang='lat' dir='ltr'>ecclesia</span> <span class='ocrx_word' id='word_1_301' title='bbox 1272 4639 1484 4708; x_wconf 88' lang='lat' dir='ltr'>vacaverat,</span> <span class='ocrx_word' id='word_1_302' title='bbox 1504 4621 1603 4696; x_wconf 90' lang='lat' dir='ltr'>sicut</span> 
     </span>
     <span class='ocr_line' id='line_1_36' title="bbox 108 4745 1604 4847; baseline 0.001 -30"><span class='ocrx_word' id='word_1_303' title='bbox 108 4745 139 4819; x_wconf 91' lang='lat' dir='ltr'>in</span> <span class='ocrx_word' id='word_1_304' title='bbox 163 4749 347 4844; x_wconf 90' lang='lat' dir='ltr'>petitione</span> <span class='ocrx_word' id='word_1_305' title='bbox 375 4773 443 4822; x_wconf 90' lang='lat' dir='ltr'>sua</span> <span class='ocrx_word' id='word_1_306' title='bbox 470 4748 570 4822; x_wconf 88' lang='lat' dir='ltr'>idem</span> <span class='ocrx_word' id='word_1_307' title='bbox 599 4749 784 4846; x_wconf 90' lang='lat' dir='ltr'>Magister</span> <span class='ocrx_word' id='word_1_308' title='bbox 811 4751 1059 4847; x_wconf 89' lang='lat' dir='ltr'>proponebat,</span> <span class='ocrx_word' id='word_1_309' title='bbox 1091 4764 1130 4823; x_wconf 92' lang='lat' dir='ltr'>et</span> <span class='ocrx_word' id='word_1_310' title='bbox 1165 4748 1269 4844; x_wconf 90' lang='lat' dir='ltr'>quod</span> <span class='ocrx_word' id='word_1_311' title='bbox 1301 4747 1382 4843; x_wconf 92' lang='lat' dir='ltr'>ipse</span> <span class='ocrx_word' id='word_1_312' title='bbox 1419 4747 1604 4845; x_wconf 84' lang='lat' dir='ltr'>magister</span> 
     </span>
     <span class='ocr_line' id='line_1_37' title="bbox 108 4871 1603 4970; baseline 0.001 -28"><span class='ocrx_word' id='word_1_313' title='bbox 108 4871 237 4946; x_wconf 87' lang='lat' dir='ltr'>dictam</span> <span class='ocrx_word' id='word_1_314' title='bbox 267 4873 500 4967; x_wconf 90' lang='lat' dir='ltr'>prebendam</span> <span class='ocrx_word' id='word_1_315' title='bbox 527 4873 650 4948; x_wconf 81' lang='lat' dir='ltr'>iuerat</span> <span class='ocrx_word' id='word_1_316' title='bbox 678 4891 812 4970; x_wconf 90' lang='lat' dir='ltr'>postea</span> <span class='ocrx_word' id='word_1_317' title='bbox 839 4889 1074 4949; x_wconf 88' lang='lat' dir='ltr'>consecutus.</span> <span class='ocrx_word' id='word_1_318' title='bbox 1097 4873 1256 4970; x_wconf 90' lang='lat' dir='ltr'>Reliqua</span> <span class='ocrx_word' id='word_1_319' title='bbox 1273 4887 1400 4945; x_wconf 89' lang='lat' dir='ltr'>autem</span> <span class='ocrx_word' id='word_1_320' title='bbox 1419 4871 1543 4946; x_wconf 88' lang='lat' dir='ltr'>omnia</span> <span class='ocrx_word' id='word_1_321' title='bbox 1561 4887 1603 4945; x_wconf 88' lang='lat' dir='ltr'>et</span> 
     </span>
     <span class='ocr_line' id='line_1_38' title="bbox 109 4995 1603 5096; baseline 0.001 -29"><span class='ocrx_word' id='word_1_322' title='bbox 109 4995 248 5093; x_wconf 85' lang='lat' dir='ltr'>singula</span> <span class='ocrx_word' id='word_1_323' title='bbox 276 4998 313 5070; x_wconf 90' lang='lat' dir='ltr'>in</span> <span class='ocrx_word' id='word_1_324' title='bbox 340 4997 476 5071; x_wconf 88' lang='lat' dir='ltr'>eodem</span> <span class='ocrx_word' id='word_1_325' title='bbox 504 4997 630 5072; x_wconf 88' lang='lat' dir='ltr'>libello</span> <span class='ocrx_word' id='word_1_326' title='bbox 658 5012 807 5072; x_wconf 89' lang='lat' dir='ltr'>narrata</span> <span class='ocrx_word' id='word_1_327' title='bbox 835 5015 950 5096; x_wconf 89' lang='lat' dir='ltr'>negat</span> <span class='ocrx_word' id='word_1_328' title='bbox 978 5024 1067 5072; x_wconf 89' lang='lat' dir='ltr'>vera</span> <span class='ocrx_word' id='word_1_329' title='bbox 1095 5023 1180 5074; x_wconf 89' lang='lat' dir='ltr'>esse</span> <span class='ocrx_word' id='word_1_330' title='bbox 1208 5012 1320 5092; x_wconf 91' lang='lat' dir='ltr'>prout</span> <span class='ocrx_word' id='word_1_331' title='bbox 1352 5013 1533 5081; x_wconf 86' lang='lat' dir='ltr'>narratur,</span> <span class='ocrx_word' id='word_1_332' title='bbox 1562 5011 1603 5069; x_wconf 88' lang='lat' dir='ltr'>et</span> 
     </span>
     <span class='ocr_line' id='line_1_39' title="bbox 109 5118 1603 5218; baseline 0.002 -27"><span class='ocrx_word' id='word_1_333' title='bbox 109 5118 190 5194; x_wconf 92' lang='lat' dir='ltr'>dicit</span> <span class='ocrx_word' id='word_1_334' title='bbox 222 5122 344 5218; x_wconf 89' lang='lat' dir='ltr'>petita</span> <span class='ocrx_word' id='word_1_335' title='bbox 377 5120 455 5195; x_wconf 87' lang='lat' dir='ltr'>fieri</span> <span class='ocrx_word' id='word_1_336' title='bbox 492 5145 567 5195; x_wconf 93' lang='lat' dir='ltr'>non</span> <span class='ocrx_word' id='word_1_337' title='bbox 602 5121 751 5208; x_wconf 87' lang='lat' dir='ltr'>debere,</span> <span class='ocrx_word' id='word_1_338' title='bbox 788 5123 969 5198; x_wconf 85' lang='lat' dir='ltr'>confitens</span> <span class='ocrx_word' id='word_1_339' title='bbox 1006 5139 1130 5196; x_wconf 90' lang='lat' dir='ltr'>tamen</span> <span class='ocrx_word' id='word_1_340' title='bbox 1164 5121 1268 5218; x_wconf 91' lang='lat' dir='ltr'>quod</span> <span class='ocrx_word' id='word_1_341' title='bbox 1309 5146 1393 5194; x_wconf 91' lang='lat' dir='ltr'>cum</span> <span class='ocrx_word' id='word_1_342' title='bbox 1427 5120 1603 5194; x_wconf 88' lang='lat' dir='ltr'>iamdicta</span> 
     </span>
     <span class='ocr_line' id='line_1_40' title="bbox 110 5244 1603 5344; baseline -0.001 -26"><span class='ocrx_word' id='word_1_343' title='bbox 110 5245 293 5336; x_wconf 87' lang='lat' dir='ltr'>prebenda</span> <span class='ocrx_word' id='word_1_344' title='bbox 321 5247 469 5320; x_wconf 88' lang='lat' dir='ltr'>duabus</span> <span class='ocrx_word' id='word_1_345' title='bbox 497 5245 639 5320; x_wconf 91' lang='lat' dir='ltr'>vicibus</span> <span class='ocrx_word' id='word_1_346' title='bbox 667 5271 743 5320; x_wconf 91' lang='lat' dir='ltr'>uno</span> <span class='ocrx_word' id='word_1_347' title='bbox 760 5248 973 5344; x_wconf 89' lang='lat' dir='ltr'>eodemque</span> <span class='ocrx_word' id='word_1_348' title='bbox 991 5270 1091 5320; x_wconf 90' lang='lat' dir='ltr'>anno</span> <span class='ocrx_word' id='word_1_349' title='bbox 1109 5261 1294 5332; x_wconf 72' lang='lat' dir='ltr'>vacasset</span> <span class='ocrx_word' id='word_1_350' title='bbox 1315 5246 1411 5320; x_wconf 90' lang='lat' dir='ltr'>sicut</span> <span class='ocrx_word' id='word_1_351' title='bbox 1429 5244 1603 5339; x_wconf 88' lang='lat' dir='ltr'>superius</span> 
     </span>
     <span class='ocr_line' id='line_1_41' title="bbox 112 5365 1604 5467; baseline 0 -27"><span class='ocrx_word' id='word_1_352' title='bbox 112 5384 167 5442; x_wconf 88' lang='lat' dir='ltr'>est</span> <span class='ocrx_word' id='word_1_353' title='bbox 191 5393 425 5467; x_wconf 86' lang='lat' dir='ltr'>expressum,</span> <span class='ocrx_word' id='word_1_354' title='bbox 445 5369 516 5466; x_wconf 90' lang='lat' dir='ltr'>ipsi</span> <span class='ocrx_word' id='word_1_355' title='bbox 543 5371 663 5446; x_wconf 90' lang='lat' dir='ltr'>abbas</span> <span class='ocrx_word' id='word_1_356' title='bbox 692 5387 731 5444; x_wconf 88' lang='lat' dir='ltr'>et</span> <span class='ocrx_word' id='word_1_357' title='bbox 749 5387 956 5445; x_wconf 90' lang='lat' dir='ltr'>conventus</span> <span class='ocrx_word' id='word_1_358' title='bbox 976 5371 1054 5444; x_wconf 92' lang='lat' dir='ltr'>iure</span> <span class='ocrx_word' id='word_1_359' title='bbox 1075 5395 1144 5445; x_wconf 90' lang='lat' dir='ltr'>suo</span> <span class='ocrx_word' id='word_1_360' title='bbox 1164 5369 1306 5443; x_wconf 88' lang='lat' dir='ltr'>utendo</span> <span class='ocrx_word' id='word_1_361' title='bbox 1324 5367 1465 5442; x_wconf 83' lang='lat' dir='ltr'>tructus</span> <span class='ocrx_word' id='word_1_362' title='bbox 1483 5365 1604 5462; x_wconf 87' lang='lat' dir='ltr'>ipsius</span> 
     </span>
    </p>
   </div>
   <div class='ocr_carea' id='block_1_5' title="bbox 0 0 1848 5924">
    <p class='ocr_par' dir='ltr' id='par_1_7' title="bbox 0 0 1848 5924">
     <span class='ocr_line' id='line_1_42' title="bbox 0 0 1848 5924; baseline 0 0"><span class='ocrx_word' id='word_1_363' title='bbox 0 0 1848 5924; x_wconf 95' lang='lat' dir='ltr'> </span> 
     </span>
    </p>
   </div>
  </div>
 </body>
</html>
