3684 5920
821 689 911 768 504.

108 847 303 946 Exeque'ae
316 851 496 924 annuales
509 851 737 925 Auditorum
747 851 1102 950 praedestinatorum
1114 851 1231 926 lecum
1249 850 1382 926 habent
1393 851 1433 924 in
1447 849 1610 975 Ectlese'e
1696 963 1700 970 Ι

188 974 226 1049 S.
258 975 456 1050 Michaelis
484 975 675 1050 Romanae
702 977 922 1076 Sapientiae.

187 1131 303 1203 (Ancu.
321 1128 409 1204 Ros,
432 1130 625 1190 ‹Deierinm
646 1130 871 1204 Camerale»).

531 1333 667 1406 Lunae
698 1357 745 1422 29
777 1333 1004 1407 Novembris
1033 1333 1182 1431 (1802).

189 1490 285 1563 Cum
314 1492 349 1565 in
382 1492 541 1566 Basilica
571 1494 656 1569 Divi
685 1494 874 1568 Laurentii
902 1496 937 1567 in
976 1494 1155 1580 Damaso
1183 1495 1279 1568 inter
1316 1495 1441 1571 civiles
1478 1495 1612 1568 fluctus

105 1641 205 1714 pene
233 1641 417 1700 eversam,
448 1619 596 1692 minime
623 1644 693 1715 pro
720 1621 838 1694 veteri
867 1621 1038 1694 instituto
1062 1643 1147 1692 sese
1184 1621 1388 1694 transferre
1424 1619 1613 1717 potuerint

70 1761 74 1769 ·
103 1741 317 1815 elebrandis
347 1743 602 1838 parentalibus
632 1743 714 1818 Sac.
747 1745 869 1818 Rotae
897 1745 1136 1830 Auditorum,
1162 1743 1211 1817 ad
1230 1745 1412 1840 templum
1432 1744 1613 1818 Romanic

104 1865 240 1949 Licaei‚
273 1867 372 1940 Divo
402 1867 573 1942 Michaeli
602 1869 818 1967 Arcangelo
846 1893 1006 1956 sacrum,
1031 1895 1117 1942 sese
1136 1869 1266 1943 Patres
1289 1870 1528 1944 contulerunt
1546 1870 1613 1943 ibi-

103 2015 179 2085 que
207 1990 380 2087 expletae
410 2009 498 2067 sunt
524 1995 708 2090 exequiae
734 1994 1023 2068 anniversariae.

814 2365 905 2444 505.

563 2525 785 2599 Indicnntnr
801 2527 930 2622 ferree
952 2527 1156 2624 generales.

180 2679 298 2752 (Auen.
318 2679 405 2754 Ros..
429 2679 622 2740 ‹Dz‘arium
642 2680 817 2741 Camerale
829 2685 867 2754 ›).

641 2883 770 2956 Lunae
800 2905 823 2972 9
857 2880 930 2956 iulii
966 2887 1079 2976 1804.

159 3052 459 3125 Memorialium
489 3045 717 3124 resolutione
746 3044 932 3136 absoluta,
963 3049 1008 3126 R.
1040 3051 1078 3127 P.
1111 3051 1159 3126 D.
1191 3049 1381 3148 Pelagallo
1401 3052 1448 3126 A.
1473 3049 1514 3122 C.
1539 3047 1612 3121 Lot

103 3193 323 3251 cumtenens
350 3178 510 3251 accessit
536 3177 585 3250 ad
604 3173 728 3248 aulam
756 3201 799 3249 ac
826 3174 875 3249 de
903 3179 1081 3251 mandato
1101 3175 1206 3250 SSriri
1227 3177 1305 3250 Diti
1324 3175 1453 3250 Nostri
1480 3174 1612 3247 indixi·

103 3303 232 3376 Ferias
261 3303 470 3400 generales.
502 3302 621 3374 Rrisus
650 3318 776 3375 autem
806 3300 845 3376 P.
878 3301 925 3375 D.
958 3303 1136 3376 Decanus
1164 3302 1294 3377 habuit
1323 3303 1371 3376 de
1404 3327 1507 3376 more
1537 3318 1610 3374 ter-

100 3430 241 3503 minum
271 3453 340 3524 pro
369 3443 521 3502 servato
549 3429 585 3501 in
614 3427 787 3501 omnibus
816 3427 950 3502 causis.

805 3791 895 3872 506.

99 3956 214 4028 Mers
247 3951 446 4028 'Dominio'
484 3955 638 4030 Mentire
680 3955 875 4043 Menaeni,
918 3955 1110 4042 Advocati,
1152 3957 1351 4031 Antenore
1392 3957 1607 4032 Stndeernm

183 4080 283 4178 de.
314 4079 501 4154 Bardaxt'
525 4079 570 4154 a'e
597 4082 743 4157 Azara.

181 4235 301 4306 (Anca
319 4235 407 4311 Rus,
426 4236 620 4296 «Deierr'um
640 4235 845 4310 Bardaxe'»).

613 4439 684 4512 Die
715 4461 762 4534 27
794 4440 947 4516 ianuarii
982 4443 1094 4517 1806.

179 4600 432 4674 Acerbissima
460 4627 545 4674 cum
578 4602 790 4676 laborasset
826 4603 1145 4701 perypneumonia
1182 4603 1451 4680 illustrissimus
1488 4603 1608 4679 domi-

97 4753 169 4802 nus
200 4725 418 4800 Dominicus
448 4727 568 4800 Maria
592 4727 776 4816 Manzoni,
798 4731 870 4802 mei
889 4727 1011 4803 Studii
1030 4729 1204 4824 Adiutor,
1226 4729 1424 4828 Lugensis,
1446 4730 1607 4826 septima

95 4854 327 4927 adventante
355 4852 426 4938 die,
456 4853 599 4926 cunctis
626 4877 772 4927 mecum
802 4877 874 4926 una
901 4853 1117 4952 lugentibus
1144 4852 1465 4953 illagrimantibus,
1492 4856 1607 4930 vitam

96 5003 183 5052 cum
213 4993 333 5052 morte
361 4977 615 5052 commutavit.
647 4977 749 5052 Vixit
775 5001 896 5052 annos
925 5002 987 5071 49.
1018 4978 1087 5051 Vir
1114 4980 1292 5067 doctrina,
1324 4980 1465 5077 pietate
1491 4997 1608 5076 atque

95 5127 245 5176 morum
287 5101 473 5176 suavitate
513 5102 682 5198 pluribus
723 5103 850 5188 maior,
882 5103 1071 5178 secundus
1113 5104 1282 5200 prolecto
1320 5105 1467 5179 nemini.
1503 5106 1608 5181 Obiit

95 5227 160 5300 die
188 5225 307 5312 lunae,
338 5228 431 5302 hora
469 5228 588 5303 noctis
626 5229 802 5314 secunda,
835 5251 855 5322 3
886 5229 1041 5303 ianuarii
1076 5231 1186 5305 1806.
1218 5231 1301 5304 Ave
1330 5230 1449 5304 dulcis
1482 5231 1606 5306 anima

97 5368 139 5426 et
167 5351 250 5426 vale
278 5353 314 5426 in
343 5379 448 5450 pace.

1491 5549 1523 5586 ⁴0
