3686 5916
281 297 335 355 600
897 295 1035 355 Socculo
1053 295 1085 356 Χ
1094 296 1178 356 VIII

279 493 434 586 quaevis
464 489 612 562 Literae
631 488 875 584 Apostolicae
903 514 1032 563 eorum
1062 489 1188 564 lavore
1215 490 1475 587 expediendae
1503 515 1572 587 per
1594 491 1695 570 viam.
1716 491 1764 563 uti

278 618 390 698 aiunt,
422 631 616 698 secretam,
658 613 738 686 sine
776 613 886 686 solita
921 613 1066 699 iurium,
1102 615 1180 688 sive
1216 615 1554 688 emolumentorum
1592 615 1764 688 solutione

278 738 535 836 expediantur,
567 737 648 812 Nos
676 738 747 812 hoc
776 740 909 813 merito
937 738 1085 824 facturn,
1109 754 1307 836 ratumque
1334 740 1529 826 habentes,
1551 741 1639 836 ipsis
1659 743 1763 814 Audi-

278 865 433 947 toribus,
454 889 661 960 eorumque
689 863 1047 938 Locumtenentibus
1066 865 1193 937 itidem
1215 865 1458 962 impertimur,
1480 881 1519 938 et
1537 867 1763 939 concedimus

278 1005 321 1062 ut
347 1005 535 1086 quatenus
565 987 760 1074 Beneficia,
792 1005 831 1064 et
865 988 1066 1062 Pensiones
1104 989 1398 1074 Ecclesiasticus,
1427 1005 1493 1064 aut
1531 990 1762 1074 Prioratuum,

278 1103 334 1187 er
347 1115 660 1188 Monasteriorum
691 1113 946 1188 Commendas
974 1114 1211 1200 obtinuerint,
1242 1115 1300 1187 vel
1333 1115 1482 1188 demum
1511 1116 1560 1188 ad
1590 1115 1763 1189 Ecclesias

280 1237 535 1354 Episcgpales,
557 1255 595 1311 et
614 1237 965 1334 Archiepiscopales
993 1239 1129 1312 luerint
1157 1240 1330 1334 promoti,
1362 1241 1498 1312 nullam
1523 1255 1600 1313 tam
1629 1239 1664 1310 in
1691 1265 1763 1334 sup·

279 1363 548 1459 plicationibus,
579 1363 636 1436 vel
674 1362 868 1437 Schedulis
902 1363 1031 1436 Motus
1070 1363 1223 1460 Proprii,
1254 1380 1320 1438 aut
1358 1365 1543 1448 Decretis,
1574 1363 1763 1438 Cedulisve

280 1488 610 1562 Consistorialibus
643 1513 665 1560 a
694 1488 866 1562 Romano
902 1487 1079 1561 Pontifice
1115 1488 1403 1572 subscribendis,
1435 1513 1549 1584 quam
1577 1490 1614 1562 in
1644 1489 1765 1561 Literis

279 1613 509 1710 Apostolicis
537 1613 702 1708 desuper
724 1611 979 1707 expediendis,
1001 1628 1202 1686 teneantur
1228 1612 1350 1686 lacere
1377 1612 1545 1698 aliorum,
1565 1638 1664 1709 quae
1690 1639 1763 1710 pos·

278 1739 402 1812 sident
422 1737 704 1823 Beneficiorum,
726 1735 784 1808 vel
816 1736 1051 1823 Pensionnm,
1070 1738 1119 1811 ad
1147 1761 1243 1833 quas
1271 1738 1327 1810 ius
1356 1737 1505 1824 habent,
1527 1737 1763 1818 mentionem:

279 1863 355 1936 Sed
384 1863 419 1935 in
447 1859 798 1956 Supplicationibus,
827 1859 1036 1943 Schedulis,
1058 1861 1241 1945 Decretis
1264 1877 1303 1934 et
1332 1859 1485 1934 Cedulis
1514 1863 1706 1946 eiusmodi,
1727 1862 1762 1942 si,

276 2005 316 2062 et
352 2002 539 2084 quatenus
573 1984 698 2072 velint,
734 1985 936 2070 adiiciatur,
968 1986 1071 2082 quod
1110 1985 1336 2059 Obstantiae
1375 1984 1628 2070 Beneficiales,
1662 1987 1764 2060 etiarn

277 2115 437 2188 maiores
465 2111 615 2185 valeant
648 2111 683 2182 in
712 2111 848 2185 Literis
879 2111 1107 2208 Apostolicis
1140 2113 1303 2208 desuper
1334 2111 1578 2208 expediendis
1606 2113 1763 2208 exprimi,

277 2263 321 2312 ac
350 2235 542 2312 declarari.

359 2387 393 2456 4.
424 2363 465 2434 ln
493 2359 582 2435 illud
611 2375 736 2436 autem
761 2359 972 2456 Collegium
991 2359 1136 2444 adsciti,
1158 2385 1241 2432 cum
1261 2361 1334 2434 iam
1359 2361 1515 2458 publicis
1543 2361 1765 2457 privatisque

276 2485 602 2561 exercitationibus
629 2487 722 2558 satis
750 2501 892 2558 certum
920 2484 1160 2581 praebuerint
1187 2486 1374 2572 scientiae,
1395 2487 1663 2580 doctrinaeque
1682 2509 1764 2558 suae

276 2613 584 2709 experimentum,
614 2633 777 2705 aequum
805 2607 986 2696 ducimus,
1017 2633 1225 2705 eorumque
1257 2609 1429 2708 dignitati
1468 2625 1762 2692 consentaneum,

275 2736 388 2834 idque
416 2735 600 2819 volumus,
631 2758 674 2808 ac
703 2737 912 2820 statuimus,
943 2751 985 2807 ut
1014 2733 1287 2840 siquempiam
1323 2761 1370 2808 ex
1405 2735 1498 2833 ipsis
1527 2736 1763 2808 Auditoribus
1833 2795 1834 2828 3

274 2863 323 2935 ad
352 2862 525 2942 minores,
556 2859 614 2932 vel
642 2859 780 2933 Sacros
808 2858 973 2933 Ordines
1001 2861 1215 2955 promoveri
1247 2861 1451 2958 contingat,
1481 2861 1513 2934 is
1540 2885 1694 2957 prorsus
1719 2861 1764 2933 ab
1833 2831 1834 2910 l

273 3012 322 3061 eo
346 2985 518 3060 examine
547 2985 596 3058 sit
621 3001 830 3080 exemptus.
853 2985 956 3080 quod
984 3009 1110 3058 coram
1131 2983 1225 3060 Ven.
1249 2985 1381 3059 Fratre
1409 2985 1553 3060 Nostro
1583 2984 1761 3059 Cardinali

273 3136 342 3208 pro
362 3127 534 3206 tempore
554 3109 713 3182 Romani
734 3108 917 3182 Pontificis
937 3108 973 3182 in
994 3108 1110 3195 Urbe,
1131 3111 1289 3206 eiusque
1307 3109 1476 3183 districtu
1498 3108 1646 3184 Vicario
1669 3111 1763 3182 iuxta

274 3233 591 3308 Constitutionem
619 3231 824 3306 Alexandri
853 3232 920 3307 PP.
951 3231 1018 3305 Vll
1046 3234 1184 3306 caeteri
1212 3257 1344 3307 omnes
1373 3233 1579 3308 Ordinibus
1607 3233 1760 3306 initiandi

273 3361 399 3434 subire
435 3360 586 3442 debent,
620 3383 664 3430 ac
699 3357 832 3432 solent.
863 3355 979 3450 Quod
1016 3357 1047 3430 si
1083 3357 1251 3454 ipsorum
1288 3358 1422 3454 aliquis
1459 3359 1684 3433 Auditorum
1717 3356 1760 3429 ad

274 3485 543 3582 Episcopatum
571 3482 742 3580 eligatur,
774 3481 810 3558 id
839 3507 992 3579 quoque
1021 3483 1163 3556 servari
1191 3499 1377 3578 optamus,
1409 3484 1512 3578 quod
1547 3485 1619 3558 iam
1656 3505 1760 3577 saepe

272 3636 295 3685 a
324 3607 681 3683 praedecessoribus
718 3607 868 3681 Nostris
901 3631 946 3680 ac
983 3607 1276 3704 Nobismetipsis
1313 3606 1451 3681 sactum
1489 3624 1565 3694 est;
1605 3625 1646 3681 ut
1680 3631 1759 3680 con·

273 3749 382 3810 sueto
409 3733 568 3806 examini
598 3759 638 3806 se
666 3757 792 3806 coram
822 3733 995 3806 Romano
1025 3731 1200 3806 Pontifice
1229 3731 1416 3806 humiliter
1439 3733 1629 3819 sistentes,
1648 3737 1695 3805 ab
1718 3753 1760 3804 eo

271 3859 432 3935 absoluti
470 3883 514 3931 ac
551 3857 757 3954 dispensati
799 3884 884 3933 cum
922 3858 1143 3954 Apostolica
1181 3859 1447 3934 Benedictione
1483 3861 1610 3934 statim
1647 3859 1760 3932 dimit—

273 4001 411 4059 tantur.

356 4131 388 4201 5.
420 4108 598 4182 Eiusdem
629 4133 741 4206 porro
769 4135 845 4205 qua
872 4111 1051 4207 gaudent,
1073 4135 1116 4184 ac
1144 4125 1340 4205 praestant
1370 4111 1568 4209 singularis
1597 4113 1760 4208 opinione

271 4233 474 4314 doctrinae,
505 4250 607 4305 certo
635 4235 847 4327 accepimus
876 4233 1113 4317 documento
1145 4233 1298 4307 Sacram
1325 4234 1459 4308 Indicis
1493 4235 1760 4334 Congregatio-

272 4383 357 4432 nem
387 4361 457 4431 sub
486 4357 781 4430 praedecessore
811 4359 954 4432 Nostro
983 4357 1178 4432 Clemente
1208 4359 1274 4434 PP.
1305 4359 1388 4432 Vlll
1418 4361 1584 4456 ipsorum
1615 4359 1759 4432 Audito·

271 4511 352 4559 rum
381 4483 540 4555 examini
569 4507 612 4554 ac
646 4481 790 4569 iudicio,
827 4483 1025 4556 nonnullos
1062 4509 1201 4578 pravae
1237 4499 1304 4557 aut
1341 4500 1542 4580 suspectae
1578 4486 1758 4558 doctrinae

271 4607 405 4683 Libros
433 4607 648 4690 subiecisse,
671 4623 786 4704 atque
815 4633 944 4680 eorum
974 4633 1129 4704 operam
1150 4610 1184 4680 in
1204 4609 1248 4681 iis
1267 4611 1476 4694 censendis,
1499 4609 1757 4707 confingendis.

270 4734 329 4807 vel
360 4733 615 4831 expurgandis
654 4731 793 4805 utiliter
829 4759 873 4805 ac
911 4732 1063 4807 feliciter
1099 4734 1326 4807 adhibuisse.
1359 4735 1533 4830 Cumque
1571 4753 1756 4830 praeterea

270 4859 359 4932 varii
388 4883 431 4930 ac
460 4857 654 4954 multigeni
681 4859 892 4954 argumenti
923 4859 1071 4931 Causae
1099 4857 1148 4930 ad
1184 4883 1314 4932 eorum
1349 4858 1527 4932 Tribunal
1565 4859 1754 4931 identidem

271 4982 497 5066 deserantur,
527 5006 625 5077 quae
652 4983 791 5054 variam
821 4983 856 5054 in
885 4982 1070 5057 Iudicibus
1098 4983 1291 5078 postulant
1318 4985 1545 5068 eruditionis,
1569 4999 1608 5056 et
1632 4981 1753 5054 doctri·

272 5131 340 5179 nae
378 5107 534 5200 copiam,
570 5131 668 5202 quae
703 5129 725 5177 a
766 5107 962 5201 suspectis
1001 5106 1060 5179 vel
1096 5108 1222 5203 pravis
1260 5107 1372 5180 etiam
1411 5107 1531 5181 Libris
1567 5103 1751 5202 aliquando

271 5231 409 5304 hauriri
436 5247 576 5326 potest,
616 5231 696 5302 Nos
734 5231 782 5304 de
809 5231 976 5326 ipsorum
1006 5231 1232 5304 Auditorum
1272 5231 1466 5327 sapientia,
1496 5232 1579 5316 fide,
1609 5257 1651 5304 ac
1675 5253 1749 5324 pro·

271 5357 388 5430 bitate
415 5355 507 5428 satis
541 5355 679 5441 confisi,
711 5379 918 5448 eorumque
952 5356 1084 5428 studiis
1119 5354 1244 5428 lavere
1280 5357 1486 5452 cupientes,
1517 5357 1690 5436 omnibus,
1716 5364 1749 5422 et
