3684 5920
869 317 1006 376 Saeculo
1025 315 1108 376 XIX

1239 413 1727 424 ——-——.—-.-—---—-

757 741 856 816 Rota
884 612 1059 814 ias5idiiit
1083 740 1228 814 iterum.

322 897 437 970 (Aucu.
456 896 543 968 Rom,
568 895 757 954 «Drarium
778 897 1001 968 Camerata»)

718 1061 847 1133 Lunae
879 1085 926 1132 20
954 1059 1094 1154 Aprilis
1124 1061 1269 1155 (1801).

201 1194 209 1208 ’
326 1201 508 1296 Quamvis
535 1203 716 1276 hactenus
744 1228 791 1274 ex
819 1201 971 1276 decreto
1000 1201 1083 1278 Sac.
1105 1199 1315 1274 Tribunalis
1343 1227 1453 1274 unam
1484 1219 1629 1274 tantum
1648 1203 1735 1296 quis·

243 1354 318 1424 que
348 1329 494 1402 Ponens
522 1353 673 1400 causam
703 1329 750 1400 de
780 1326 1074 1400 Reductionibus
1102 1327 1137 1399 in
1166 1325 1332 1422 qualibet
1361 1327 1461 1399 Rota
1492 1327 1734 1422 proposuerit,

243 1452 313 1525 hoc
342 1476 450 1525 mane
479 1469 615 1536 tamen,
639 1477 678 1525 re
706 1453 887 1524 maturius
917 1477 1115 1546 perpensa.
1138 1467 1179 1523 ut
1198 1451 1320 1524 causis
1340 1449 1584 1546 expediendis
1608 1449 1735 1522 facilior

242 1591 391 1672 pateret
426 1577 560 1662 aditus,
593 1577 689 1650 facta
726 1591 785 1649 est
823 1574 979 1650 facultas
1016 1575 1186 1671 geminas
1229 1600 1380 1671 quoque
1422 1576 1470 1647 de
1512 1573 1735 1648 Reductione

126 1677 131 1688 Ι
242 1727 376 1774 causas
405 1702 539 1797 cuique
569 1700 815 1796 proponendi.

947 1912 1037 1991 501.

740 2053 915 2128 Solemnis
942 2055 1097 2154 aperibo
1125 2057 1252 2130 Rotae.

321 2229 437 2301 (Auca.
456 2227 543 2298 Rom,
566 2250 579 2276 ι
591 2226 757 2287 Daiarium
778 2224 953 2285 Camerata
966 2228 1001 2296 s).

804 2399 829 2446 2,
856 2374 1035 2447 Octobris
1070 2377 1180 2446 1801.

325 2517 409 2590 Hoc
438 2543 546 2590 mane
575 2519 729 2590 solemni
760 2518 829 2589 ritu
864 2517 898 2588 in
939 2517 1108 2588 Aedibus
1146 2515 1336 2590 Vaticanis
1373 2531 1505 2610 aperta
1536 2531 1598 2588 est
1634 2517 1735 2597 Rota,
1819 2535 1820 2584 3

242 2643 503 2717 comitantibus
532 2668 727 2715 causarum
759 2641 928 2714 Patronis
956 2658 995 2714 et
1034 2638 1230 2714 Nobilibus
1268 2639 1447 2712 Eriiorum
1474 2657 1514 2712 et
1543 2641 1625 2715 RR.
1656 2639 1737 2712 Car·

241 2767 416 2841 dinalium
446 2785 484 2840 et
514 2769 733 2865 Magnatum
765 2765 1071 2840 FamiliaribuS...
1103 2765 1238 2838 deinde
1266 2765 1385 2839 lectae
1414 2779 1501 2838 sunt
1541 2765 1669 2839 Bullae
1702 2780 1737 2836 et

243 2893 541 2966 Constitutiones
572 2891 737 2966 Rotales.

947 3083 1039 3162 502.

780 3211 877 3284 Rota
904 3213 1206 3283 iuramentorum.

321 3365 436 3438 (Anca.
456 3363 541 3436 Rom,
567 3361 756 3421 «Dc'ariam
778 3363 952 3421 Camerata
964 3364 1000 3434 »).

671 3527 828 3600 Veneris
860 3552 908 3601 20
938 3527 1163 3602 Novembris
1199 3531 1309 3602 1801.

257 3717 259 3722 .
323 3656 363 3727 ln
393 3651 534 3726 Palatio
576 3651 755 3746 Quirinali
797 3670 835 3725 et
877 3653 912 3724 in
954 3652 1040 3725 aula
1082 3651 1118 3727 S.
1151 3654 1273 3726 Rotae
1303 3669 1559 3725 convenerunt
1601 3652 1735 3732 Patres,

244 3781 459 3854 Studiorum
489 3780 694 3852 Adiutores
714 3795 751 3852 et
771 3779 793 3850 ii
822 3803 919 3875 quos
947 3777 1102 3850 dicimus
1130 3777 1348 3851 ‹Secretit›
1375 3778 1446 3864 ubi,
1479 3779 1595 3850 Sacro
1615 3778 1736 3850 audito

242 3907 412 4000 lectaque
440 3904 488 3976 ab
524 3903 707 3976 Adiutore
741 3903 956 3977 Studiorum
998 3904 1081 3975 Rni
1117 3903 1259 3975 Decani
1298 3901 1574 3976 Constitutione
1610 3902 1650 3976 S.
1689 3901 1734 3974 M.

245 4027 385 4100 Urbani
406 4026 498 4110 Vlll,
518 4027 683 4099 solemne
711 4029 759 4100 ab
779 4027 950 4100 omnibus
979 4029 1156 4100 emissum
1177 4026 1244 4099 fuit
1263 4027 1510 4099 iuramentum
1530 4025 1579 4098 de
1598 4043 1737 4098 secreto

243 4150 430 4224 servando
458 4150 583 4246 quoad
614 4151 791 4248 suffragia
819 4167 859 4224 et
885 4149 957 4222 alia
985 4174 1083 4244 quae
1111 4151 1147 4221 in
1177 4150 1277 4222 Rota
1297 4149 1445 4222 tractari
1466 4150 1675 4248 contigerit,
1695 4147 1736 4219 ad

243 4276 397 4347 formam
427 4275 640 4371 praedictae
671 4275 971 4349 Constitutionis

953 4541 1044 4619 503.

243 4665 341 4764 Rpa'.
373 4667 580 4740 Acczaiaolz'
603 4667 749 4740 abdicat
773 4677 808 4740 et
833 4670 871 4740 z'n
899 4669 975 4740 eius
993 4669 1109 4740 locam
1127 4667 1313 4762 sufficitur
1332 4667 1553 4741 Alexander
1578 4665 1732 4740 Yossaa'.

320 4804 435 4876 (Anca.
454 4804 541 4878 Rom,
565 4803 754 4862 ‹Drarr‘um
776 4803 951 4864 Camerale
964 4807 1000 4877 ι).

701 4953 858 5025 Veneris
890 4975 938 5046 30
968 4952 1109 5048 Aprilis
1136 4955 1280 5050 (1802).

322 5094 567 5168 Abdicatione
596 5095 693 5168 sacta
720 5122 742 5170 a
771 5096 815 5168 R.
848 5095 884 5170 P.
916 5095 962 5170 D.
995 5096 1196 5169 Acciaiuoli
1224 5097 1259 5170 in
1289 5097 1369 5168 eius
1388 5097 1520 5182 locum,
1543 5097 1605 5192 qui
1626 5093 1730 5169 Audi-

241 5221 332 5294 toris
360 5220 483 5293 Rotae
513 5220 761 5293 Ferrariensis
790 5235 881 5306 erat,
913 5220 1091 5293 suffectus
1119 5236 1178 5293 est
1210 5221 1426 5294 Advocatus
1465 5219 1732 5295 Consistorialis

240 5344 456 5419 Alexander
484 5345 655 5419 Tassoni.
