3720 5914
779 329 892 390 Paulo
910 329 950 390 II
1558 331 1611 390 173

105 523 393 598 successoribus
422 545 565 596 necnon
594 522 761 620 ipsorum
788 524 871 597 loca
898 547 968 619 pro
997 513 1169 619 tempore
1196 522 1451 598 obtinentibus
1469 523 1505 595 in
1524 547 1610 620 per-

111 663 270 743 petuum
300 647 496 733 concessit,
516 646 621 743 quod
648 646 772 722 nullus
791 671 1016 722 concurrens
1034 673 1118 721 cum
1138 647 1229 744 ipsis
1249 673 1315 722 seu
1335 671 1466 722 eorum
1484 645 1611 744 aliquo

110 773 266 846 indata
293 771 427 870 gratie,
456 769 605 846 cuilibet
633 772 799 869 ipsorum
828 773 876 847 ab
902 797 964 868 ap.
994 773 1085 846 sede
1115 795 1305 854 concesse,
1336 771 1396 846 vel
1429 771 1611 868 imposte·

111 923 194 972 rum
226 895 478 981 concedende,
509 912 685 994 pretextu
721 898 885 971 cuiusvis
921 897 1186 994 proventionis,
1217 923 1283 971 seu
1321 897 1611 994 presentationis

108 1024 317 1097 litterarum
345 1038 411 1095 aut
440 1022 590 1096 maioris
617 1021 714 1095 forte
733 1020 924 1120 diligentie
947 1023 1043 1096 circa
1062 1023 1381 1118 presentationem
1399 1021 1612 1096 huiusmodi

108 1149 206 1222 facte
235 1146 327 1244 ipsis
355 1147 391 1219 in
419 1147 691 1243 assequutione
719 1145 982 1222 beneficiorum
1010 1171 1086 1242 que
1113 1148 1365 1242 expectabant
1402 1171 1469 1220 seu
1498 1171 1612 1242 expe·

110 1288 269 1358 ctarent,
299 1286 339 1346 et
376 1295 451 1369 que
486 1271 617 1369 vigore
650 1269 856 1345 litterarum
889 1269 1185 1368 apostolicarum
1221 1273 1313 1368 ipsis
1349 1295 1611 1346 concessarum

108 1397 202 1472 alias
230 1395 323 1472 infra
351 1413 503 1493 tempus
530 1397 739 1494 legitimum
766 1410 1008 1492 acceptarent
1034 1421 1104 1492 pro
1133 1413 1305 1492 tempore
1331 1412 1371 1469 et
1398 1397 1446 1470 de
1473 1397 1612 1492 quibus

111 1523 181 1596 sibi
209 1522 376 1596 facerent
404 1521 603 1617 provideri,
634 1520 839 1596 dummodo
867 1521 951 1595 talis
969 1521 1024 1594 eis
1042 1522 1077 1594 in
1097 1520 1218 1618 gradu
1246 1521 1367 1596 maior
1385 1538 1449 1596 aut
1468 1519 1613 1618 equalis

109 1672 184 1721 nnn
213 1647 404 1730 existeret,
435 1661 568 1742 posset
595 1669 662 1720 seu
690 1646 848 1720 deberet
875 1644 1051 1720 anteferri
1078 1647 1361 1742 quoquomodo,
1383 1671 1427 1720 ac
1445 1644 1614 1722 decrevit

112 1773 258 1845 irritum
285 1785 324 1846 et
351 1770 462 1845 inane
490 1769 696 1866 quidquam
724 1771 760 1844 in
789 1772 1015 1846 contrarium
1043 1795 1067 1843 a
1094 1793 1288 1866 quoquam
1317 1772 1450 1868 quavis
1484 1787 1614 1846 aucto-

111 1899 224 1971 ritate
252 1896 412 1972 scienter
438 1893 499 1970 vel
527 1895 747 1986 ignoranter
764 1896 1001 1993 contingeret
1018 1897 1247 1991 attemptari.
1268 1896 1318 1970 Et
1337 1912 1614 1993 consequenter

112 2024 147 2096 b.
178 2047 227 2097 m.
259 2005 473 2097 Baldassar
491 2001 607 2116 E—p'us
639 2021 868 2126 tusculanen.
899 2022 1026 2119 quiin
1054 2023 1152 2096 dicta
1184 2023 1399 2097 obedientia
1434 2024 1616 2096 successit

111 2162 152 2220 et
170 2161 260 2220 tunc
275 2146 459 2219 lohannes
475 2143 602 2218 XXlll
618 2147 912 2243 nuncupabatur,
928 2172 973 2219 ac
988 2145 1200 2220 successive
1215 2147 1238 2222 f.
1255 2171 1283 2222 r.
1301 2147 1486 2221 Martinus
1501 2147 1614 2243 PpV

111 2270 376 2368 predecessor,
398 2270 605 2345 Auditores
633 2269 811 2367 prefatos,
827 2271 1005 2367 quamdiu
1026 2273 1061 2344 in
1082 2271 1254 2345 Romana
1282 2271 1398 2345 Curia
1416 2286 1615 2368 presentes

109 2396 246 2480 forent,
267 2393 384 2491 ipsius
412 2394 514 2468 sedis
533 2393 722 2492 officiales,
744 2419 788 2468 ac
807 2421 897 2470 suos
917 2419 1063 2470 necnon
1082 2419 1321 2470 romanorum
1340 2395 1556 2491 pontificum
1576 2412 1616 2468 et

109 2518 216 2592 sedis
234 2516 414 2603 eiusdem,
436 2541 547 2590 veros
564 2516 819 2616 Cappellanos
836 2534 875 2592 et
894 2517 1094 2593 familiares
1113 2518 1341 2594 domesticos
1359 2533 1399 2594 et
1417 2519 1615 2620 continuos

110 2641 386 2718 commensales
412 2642 504 2726 fore,
524 2658 640 2736 atque
668 2645 813 2717 censeri
841 2644 992 2730 debere,
1012 2645 1234 2732 auctoritate
1262 2644 1470 2740 apostolica
1492 2642 1615 2717 decla·

111 2769 218 2851 ravit,
250 2782 365 2864 prout
391 2767 428 2841 in
446 2766 671 2863 quibusdam
699 2767 867 2844 eiusdem
898 2767 1132 2843 Baldassaris
1152 2769 1249 2868 Epi,
1270 2794 1386 2866 super
1404 2767 1616 2842 huiusmodi

110 2892 307 2987 voluntate
335 2907 375 2965 et
401 2891 645 2966 concessione
669 2892 847 2966 confectis
867 2895 1010 2979 litteris,
1032 2919 1116 2968 cum
1136 2894 1258 2968 dictus
1277 2893 1496 2968 Alexander
1514 2906 1615 2966 ante·

111 3041 228 3114 quam
256 3017 337 3090 eius
365 3015 530 3112 desuper
555 3014 679 3090 littere
707 3017 979 3093 conficerentur
1005 3022 1054 3093 ab
1080 3020 1151 3102 hac
1180 3018 1261 3092 luce
1292 3019 1506 3118 migrasset.

195 3143 247 3216 Et
259 3158 454 3238 postremo
469 3141 667 3217 recolende
681 3145 859 3219 memorie
875 3143 1068 3243 Eugenius
1084 3135 1223 3241 Pp.'1V,
1240 3144 1353 3218 etiam
1369 3144 1617 3239 predecessor

112 3283 254 3351 noster,
284 3266 516 3341 voluntatem
544 3283 584 3341 et
612 3269 729 3366 ipsius
748 3269 954 3344 Alexandri
973 3270 1254 3344 concessionem
1274 3269 1465 3365 predictas
1484 3266 1616 3341 confir·
1714 3363 1717 3374 ¹

112 3393 254 3467 mando
285 3408 325 3466 et
351 3394 611 3489 approbando,
641 3419 710 3490 per
742 3394 925 3490 quasdam
964 3419 1053 3468 suas
1090 3394 1233 3468 litteras
1268 3394 1482 3480 declaravit,
1512 3392 1616 3488 quod

112 3519 185 3614 ipsi
212 3517 419 3592 Auditores
448 3518 640 3615 (quamdiu
660 3534 702 3591 ut
720 3518 947 3613 premittitur
966 3520 1000 3592 in
1021 3519 1104 3615 ipsa
1122 3518 1237 3592 Curia
1261 3536 1460 3616 presentes
1478 3517 1615 3613 forent)

114 3643 150 3716 in
179 3641 434 3739 quorumlibet
460 3640 799 3716 ecclesiasticorum
836 3643 1105 3739 assequutione
1143 3644 1408 3717 beneficiorum
1443 3643 1617 3716 omnibus

113 3782 155 3839 et
180 3765 339 3864 singulis
366 3782 406 3840 et
432 3765 503 3840 illis
529 3789 686 3862 prorsus
715 3767 894 3842 similibus
921 3766 1191 3841 antelationum
1223 3767 1476 3866 prerogativis
1514 3766 1617 3839 favo-

113 3892 216 3966 ribus
244 3905 284 3964 et
309 3890 463 3965 indultis
491 3891 628 3988 quibus
658 3892 726 3966 frui
752 3907 793 3967 et
821 3915 1060 3968 romanorum
1089 3891 1306 3989 pontificum
1340 3917 1408 3974 oro
1444 3906 1617 3987 tempore

113 4016 355 4090 existentium
381 4015 580 4090 familiares
608 4017 772 4091 continui
799 4017 1072 4092 commensales
1108 4018 1144 4090 in
1172 4017 1443 4113 assequutione
1479 4013 1617 4090 benefi-

113 4143 256 4216 ciorum
285 4143 355 4214 sub
381 4139 515 4239 gratiis
533 4140 778 4237 expectativis
806 4143 861 4217 eis
888 4143 1079 4216 concessis
1107 4143 1378 4238 comprehensi,
1400 4141 1619 4240 gaudebant

116 4281 156 4339 et
185 4269 399 4351 utebantur,
424 4265 479 4338 uti
506 4281 545 4340 et
573 4267 741 4365 gaudere
769 4267 952 4341 deberent
979 4283 1095 4363 prout
1120 4267 1157 4340 in
1186 4266 1343 4364 singulis
1371 4264 1503 4339 litteris
1531 4289 1617 4362 pre·

120 4391 231 4465 dictis
258 4413 354 4486 quas
382 4390 512 4488 inspici
539 4406 580 4465 et
606 4391 809 4465 examinari
838 4415 981 4467 necnon
1012 4392 1156 4465 illarum
1176 4407 1345 4465 tenorem
1365 4391 1414 4464 de
1433 4393 1549 4465 verbo
1568 4389 1617 4462 ad

114 4517 271 4590 verbum
299 4514 538 4611 presentibus
566 4517 737 4589 annotari
766 4515 930 4602 fecimus,
961 4515 1109 4614 plenius
1145 4517 1366 4590 continetur.
1398 4512 1472 4607 Qui
1510 4531 1619 4588 tenor

116 4639 202 4714 talis
231 4655 306 4713 est:
341 4638 565 4713 «lohannes
593 4639 686 4736 Eps.
715 4656 836 4717 etc...
866 4641 1061 4740 Eugenius
1089 4657 1209 4716 etc...
1231 4668 1268 4714 ›.

198 4763 309 4838 Nunc
337 4788 407 4860 pro
435 4779 545 4861 parte
574 4762 891 4862 Ca'ppellanorum
921 4781 960 4838 et
987 4764 1214 4840 Auditorum
1237 4763 1491 4862 predictorum
1512 4765 1620 4838 nobis

115 4887 305 4963 humiliter
331 4887 399 4962 fuit
426 4889 675 4985 supplicatum
704 4905 745 4962 ut
773 4889 944 4962 omnibus
972 4905 1010 4963 et
1038 4887 1194 4988 singulis
1222 4890 1257 4961 in
1285 4888 1462 4985 predictis
1489 4888 1620 4963 litteris

115 5011 305 5091 contentis
333 5036 403 5109 pro
430 5037 561 5086 eorum
590 5014 834 5087 subsistentia
862 5011 1022 5099 firmiori,
1054 5015 1167 5088 robur
1186 5009 1405 5108 Apostolice
1425 5013 1620 5086 confirma-

118 5141 232 5214 tionis
258 5135 420 5212 adiicere
447 5138 497 5211 de
523 5137 754 5236 benignitate
782 5138 991 5236 apostolica
1018 5139 1269 5237 dignaremur.

201 5263 286 5338 Nos
321 5263 445 5361 igitur,
476 5263 689 5338 huiusmodi
722 5263 1055 5360 supplicationibus
1091 5262 1264 5348 inclinati,
1293 5262 1439 5336 litteras
1474 5287 1618 5337 necnon

117 5387 413 5473 concessionem,
435 5389 666 5462 voluntatem
687 5404 726 5462 et
750 5389 1040 5462 declarationem
1063 5385 1262 5482 predictas,
1284 5385 1509 5459 auctoritate
1528 5411 1619 5482 apo-
