3720 5914
795 318 861 378 Pio
878 319 919 380 II
975 344 976 348 ¹
1552 315 1605 377 163

101 513 238 586 cadem
257 511 391 588 cedula
410 530 650 586 executorem
670 512 926 610 deputaverim
947 528 1151 610 eapropter
1168 537 1239 586 nos
1258 510 1477 598 Rodericus,
1499 510 1604 586 Vice-

100 635 344 712 cancellarius
372 638 551 734 prelatus,
582 636 663 711 Vos
700 637 903 712 Iohannem
933 637 1077 724 Didaci,
1113 638 1318 724 Decanum,
1358 655 1397 711 et
1434 635 1604 735 singulos

100 763 190 837 dicti
218 761 345 859 palatii
374 761 593 849 Auditores,
613 761 837 837 coniunctim
864 779 904 836 et
930 761 1088 850 divisim,
1109 762 1241 861 vigore
1269 760 1539 836 commissionis
1566 761 1604 832 in

100 911 216 962 causa
234 903 413 984 presente
433 887 551 972 nobis,
573 900 615 959 ut
633 883 869 982 premittitur,
887 885 982 960 lacte
1001 911 1207 973 monemus,
1226 885 1422 983 Vobisque
1437 884 1603 959 districte

102 1010 345 1109 precipiendo
368 1011 601 1098 mandamus,
623 1027 811 1108 quatenus
830 1011 1005 1085 eumdem
1025 1011 1196 1084 Electum
1217 1011 1375 1086 servatis
1394 1009 1603 1084 solemnita-

104 1137 216 1224 tibus,
246 1137 282 1210 in
311 1133 447 1211 talibus
475 1135 555 1211 lieri
582 1135 712 1222 solitis,
744 1135 780 1208 in
806 1137 1065 1211 coauditorem
1093 1151 1133 1210 et
1160 1133 1343 1234 collegam
1361 1150 1540 1220 vestrum,
1562 1149 1605 1208 ut

104 1262 334 1357 premittitur
361 1261 560 1359 recipiatis,
581 1285 738 1335 numero
766 1285 920 1358 quoque
943 1275 983 1335 et
1000 1261 1191 1336 consortio
1209 1274 1337 1334 vestro
1355 1259 1606 1334 favorabiliter

11 1373 12 1376 ¹
104 1386 338 1485 aggregetis.
368 1387 546 1482 Alioquin
574 1401 705 1462 contra
732 1409 803 1460 vos
830 1401 869 1460 et
905 1384 1111 1482 quemlibet
1143 1401 1322 1473 vestrum,
1360 1399 1474 1482 prout
1513 1383 1604 1458 iuris

104 1511 201 1586 ordo
228 1511 486 1608 postulaverit,
516 1513 565 1585 ad
593 1535 712 1608 penas
740 1525 872 1585 contra
889 1510 1150 1586 inobedientes
1168 1501 1436 1586 mandatorum
1448 1526 1605 1606 aposto·

104 1637 260 1710 licorum
287 1637 559 1735 promulgatas,
589 1635 851 1733 procedemus.

184 1762 328 1836 Datum
354 1763 487 1850 Rome,
517 1763 553 1836 in
584 1760 816 1836 Cancellaria
833 1761 1053 1858 apostolica,
1073 1761 1134 1836 die
1152 1784 1204 1834 xx
1221 1763 1361 1836 mensis
1378 1759 1600 1847 decembris,

100 1911 201 1962 anno
238 1887 390 1962 Domini
427 1885 623 1962 millesimo
664 1887 1038 1985 quadringentesimo
1075 1887 1324 1986 sexagesimo,
1363 1885 1603 1983 pontificatus

101 2011 335 2088 Sanctissimi
362 2012 517 2087 Domini
545 2012 675 2087 Nostri
702 2037 804 2086 anno
832 2013 954 2087 tertio.
1021 2033 1029 2054 ·

1209 2136 1261 2212 lo.
1293 2134 1544 2211 Cortadelles.

818 2467 881 2545 94.

97 2629 170 2702 Pio
198 2629 245 2702 Il
272 2631 393 2727 Papa.
415 2671 442 2684 -
461 2628 595 2703 Preces
614 2628 842 2702 Auditorum
861 2629 980 2702 Rotae
997 2629 1052 2701 ad
1078 2627 1191 2703 Card.
1217 2629 1598 2704 Vibo-Cancellarium.

177 2803 295 2876 (Auen.
314 2801 402 2876 Ror,
425 2801 729 2872 «Ordinationes»,
747 2807 836 2877 part.
854 2801 883 2870 I,
901 2819 933 2862 n.
952 2802 1022 2876 IV).

1207 2961 1286 3035 1462,
1304 2962 1385 3021 iunii
1404 2963 1449 3036 22,
1466 2963 1600 3023 Romae.

179 3125 509 3200 Reverendissime
537 3125 573 3198 in
603 3124 757 3200 Christo
784 3140 960 3224 pateret
987 3125 1149 3211 domine,
1166 3126 1316 3202 domine
1343 3143 1382 3202 et
1405 3144 1601 3224 promotor

97 3266 232 3325 noster
267 3249 572 3349 singularissime,
612 3245 701 3347 post
737 3249 959 3325 humillimas
995 3249 1355 3328 recomendationes.
1387 3251 1445 3325 Ex
1472 3252 1601 3328 debito

97 3374 264 3448 muneris
292 3374 399 3448 nobis
425 3373 576 3447 iniuncti
604 3374 748 3448 ratione
777 3374 1039 3448 Auditoriatus
1067 3373 1188 3462 officii,
1217 3389 1257 3450 et
1284 3399 1330 3450 ne
1350 3392 1481 3450 nostro
1509 3393 1600 3451 tem·

102 3522 199 3596 pore
238 3498 504 3594 permittamus
540 3498 820 3572 observantiam
856 3515 896 3572 et
931 3499 1183 3573 reverenciam
1218 3498 1313 3583 loco,
1352 3500 1410 3573 cui
1446 3502 1601 3598 prefecti

98 3648 232 3698 sumus
260 3622 431 3719 quamvis
459 3622 610 3722 indigni,
632 3625 668 3696 in
696 3623 883 3698 mentibus
911 3622 1102 3697 hominum
1122 3623 1231 3698 aliter
1254 3624 1381 3698 haberi
1401 3649 1514 3722 quam
1532 3628 1601 3702 de·

99 3765 196 3836 ceat,
225 3749 396 3846 cogimur
421 3762 499 3822 tam
527 3771 574 3821 ex
592 3747 700 3822 nobis
719 3773 833 3844 quarn
854 3748 903 3821 ad
922 3747 1138 3824 instantiam
1162 3748 1423 3824 nonnullorum
1443 3747 1600 3826 aliorum

98 3871 163 3968 qui
183 3872 296 3946 etiam
315 3896 362 3945 ex
381 3869 595 3946 huiusmodi
612 3869 692 3944 zelo
711 3872 889 3968 precipue
908 3888 1116 3960 moventur,
1136 3873 1186 3946 ad
1203 3873 1448 3969 apostolicam
1468 3875 1599 3948 sedem

97 4011 138 4070 et
165 3995 304 4070 Ssmm.
333 3995 524 4070 dominum
552 4011 723 4070 nostrum
751 3995 891 4071 habere
927 4021 1131 4084 recursum,
1167 4012 1207 4071 ut
1236 4012 1338 4071 certa
1365 3997 1601 4096 infrascripta

98 4119 309 4218 provideat,
338 4135 452 4216 prout
479 4145 547 4194 sue
565 4119 761 4194 Sanctitati
779 4121 965 4195 videbitur
992 4140 1259 4219 opportunum.
1283 4123 1381 4198 Hinc
1409 4138 1470 4198 est
1496 4125 1600 4221 quod

98 4271 185 4319 curn
212 4258 303 4341 post
330 4269 519 4319 recessum
547 4245 682 4341 prelati
700 4244 812 4321 Ssmi.
832 4245 973 4320 domini
1000 4246 1118 4322 nostri
1145 4273 1245 4344 pape
1267 4273 1315 4322 ex
1335 4249 1439 4323 Urbe
1457 4265 1496 4324 et
1513 4275 1601 4347 pre-

98 4370 208 4465 cipue
245 4393 268 4443 a
295 4370 425 4466 paucis
452 4369 544 4444 citra
572 4369 716 4454 diebus,
746 4369 858 4445 luerit
888 4387 1015 4468 preter
1051 4371 1201 4446 solitum
1229 4387 1494 4469 attemptatum
1531 4399 1600 4470 per

97 4495 337 4591 presidentes
364 4493 583 4568 cancellarie
609 4493 816 4591 apostolice
843 4496 947 4592 quod
976 4519 1090 4570 cause
1116 4522 1255 4596 graves
1282 4513 1322 4572 et
1347 4501 1475 4586 ardue,
1506 4523 1601 4594 qua-

98 4645 181 4692 rum
210 4633 472 4715 procuratores
499 4634 539 4693 ct
557 4618 818 4694 sollicitatores
837 4620 874 4693 in
894 4621 994 4697 Rota
1011 4621 1186 4696 iudicium
1208 4624 1470 4720 expectabant,
1492 4640 1599 4700 extra

97 4743 239 4819 Rotam
258 4743 585 4818 commicterentur
601 4743 700 4831 viris,
722 4745 894 4840 quamvis
912 4745 1004 4820 alias
1029 4746 1160 4834 doctis,
1183 4763 1308 4858 tamen
1336 4747 1373 4820 in
1401 4747 1599 4823 iudicando

96 4869 221 4942 minus
248 4868 425 4965 expertis,
455 4883 493 4942 et
521 4868 673 4965 quidem
701 4869 737 4942 in
766 4870 966 4945 maximum
995 4869 1187 4946 tribunalis
1216 4871 1345 4960 nostri,
1365 4897 1453 4969 ymo
1474 4872 1598 4947 verius

95 4991 320 5090 Apostolici,
340 5006 610 5089 contemptum,
631 4994 802 5089 eoquod
831 5011 1023 5091 receptum
1043 4995 1101 5085 sit,
1125 4995 1228 5092 quod
1247 4997 1282 5069 in
1302 5020 1377 5068 una
1405 4995 1599 5096 signatura

96 5119 295 5193 duodecim
323 5118 615 5203 commissiones,
646 5118 814 5215 quinque
840 5121 1047 5217 graviores,
1084 5121 1148 5194 uni
1182 5135 1222 5196 et
1248 5119 1371 5194 eidem
1398 5123 1598 5197 commisse

96 5257 243 5318 suntet
260 5241 340 5316 sine
368 5267 474 5316 mora
502 5241 718 5338 redempte;
747 5259 797 5328 ct,
819 5258 861 5318 ut
889 5245 938 5318 de
965 5244 1046 5318 aliis
1076 5262 1277 5319 taceamus.
1300 5244 1508 5319 Versamur
1538 5247 1597 5321 hic

95 5391 170 5442 non
206 5368 353 5464 absque
388 5365 555 5464 periculo
591 5368 761 5463 corporis
797 5383 836 5442 et
872 5369 1085 5444 discrimine
1125 5369 1277 5444 honoris
1312 5370 1420 5444 officii
1458 5371 1595 5446 nostri:
