3748 5914
250 259 306 320 268
884 260 1022 318 Soeculo
1040 259 1128 321 XVI

250 471 393 528 teratus
420 455 572 530 ordines
592 457 871 551 requirentium,
895 482 962 552 per
989 455 1145 529 eosdem
1165 456 1382 544 Auditores,
1413 471 1453 529 et
1472 457 1747 530 Locatenentes

250 605 294 653 ac
321 605 451 655 eorum
480 581 650 678 singulos
678 605 748 676 pro
768 597 939 676 ternpore
966 584 1207 655 obtentorum
1235 606 1356 677 usque
1384 581 1434 655 ad
1461 582 1699 677 septennium
1726 606 1749 654 a

251 703 323 778 fine
340 706 427 779 anni
445 728 467 777 a
486 706 565 778 iure
583 707 752 779 concessi
770 707 1074 802 computandum,
1095 706 1144 780 ad
1163 706 1325 802 aliquem
1345 731 1392 780 ex
1419 708 1536 780 sacris
1559 706 1749 781 ordinibus

251 830 463 904 huiusmodi
489 831 701 926 promoveri
729 831 877 905 minime
907 847 1117 918 teneantur,
1147 854 1215 904 nec
1242 831 1292 905 ad
1319 832 1356 904 id
1383 855 1406 904 a
1434 856 1627 927 quoquam
1647 832 1750 906 inviti

252 955 431 1028 coarctari
459 957 618 1050 possint,
648 955 870 1028 auctoritate
906 956 1116 1051 apostolica
1151 972 1282 1029 tenore
1313 955 1544 1052 presentium
1585 957 1632 1030 de
1667 981 1750 1052 spe-

250 1079 351 1153 cialis
379 1080 480 1153 dono
507 1079 628 1178 gratie
655 1079 930 1175 dispensamus,
960 1080 1093 1175 eisque
1121 1081 1262 1176 pariter
1289 1080 1542 1177 indulgemus,

332 1203 382 1275 Et
415 1204 569 1296 insuper
605 1201 760 1299 prefatis
797 1203 1054 1288 Auditoribus,
1093 1219 1133 1276 et
1168 1203 1495 1288 Locatenentibus,
1535 1229 1579 1277 ac
1614 1229 1746 1277 eorum

250 1329 410 1414 cuilibet,
440 1344 482 1400 ut
514 1351 659 1414 omnes,
687 1341 727 1401 et
761 1326 928 1424 singulas
965 1327 1160 1424 utriusque
1197 1353 1310 1402 sexus
1347 1353 1531 1424 personas
1568 1353 1749 1426 quarum-

250 1477 410 1548 cumque
438 1451 724 1527 Parrochialium
752 1451 1005 1539 ecclesiarum,
1034 1477 1078 1526 ac
1106 1453 1341 1550 dignitatum,
1371 1451 1431 1526 vel
1450 1451 1606 1526 aliorum
1634 1455 1751 1527 bene-

250 1576 416 1652 ficiorum
447 1577 794 1664 ecclesiasticorum,
831 1561 957 1651 curam
991 1577 1197 1650 animarum
1229 1576 1445 1651 habentium
1482 1602 1552 1674 per
1582 1602 1650 1652 eos
1679 1603 1751 1674 pro

250 1719 423 1799 tempore
442 1704 693 1789 obtentorum,
715 1726 784 1798 per
803 1727 845 1776 se
863 1702 977 1797 ipsos,
998 1699 1058 1776 vel
1077 1702 1172 1776 alios
1189 1703 1239 1776 ab
1260 1703 1315 1776 eis
1335 1701 1573 1800 deputandos
1601 1729 1751 1777 earum-

250 1827 337 1903 dem
365 1850 613 1923 personarum
641 1828 935 1901 confessionibus
954 1826 1153 1925 diligenter
1180 1827 1328 1914 auditis,
1347 1827 1383 1900 in
1412 1829 1585 1902 omnibus
1612 1844 1653 1902 et
1680 1829 1752 1902 sin·

251 1952 350 2050 gulis
379 1952 537 2037 casibus,
568 1952 603 2024 in
632 1953 769 2049 quibus
796 1952 971 2026 ordinarii
998 1952 1175 2038 locorum,
1206 1953 1255 2026 de
1282 1953 1361 2026 iure
1388 1952 1448 2027 vel
1475 1951 1749 2027 consuetudine

250 2075 448 2150 absolvere
466 2089 628 2172 possunt
646 2076 820 2171 quotiens
838 2076 887 2149 ad
906 2099 973 2150 eos
987 2076 1231 2150 confessionis
1245 2101 1358 2150 causa
1373 2077 1610 2176 confugerint
1622 2079 1752 2152 absol-

250 2227 340 2275 vere
366 2203 497 2297 eisque
524 2202 767 2297 penitentiam
796 2201 1010 2288 salutarem,
1040 2201 1245 2300 iniungere.

331 2325 412 2399 Nec
443 2349 516 2398 non
545 2351 593 2400 ex
620 2325 792 2400 omnibus
820 2342 860 2400 et
887 2326 1042 2422 singulis
1069 2327 1176 2401 bonis
1205 2327 1402 2401 mobilibus
1429 2342 1469 2399 et
1500 2325 1752 2402 immobilibus

250 2450 404 2526 ubilibet
432 2451 722 2525 consistentibus
750 2451 1016 2546 cuiuscumque
1044 2454 1275 2547 quantitatis,
1304 2467 1343 2527 et
1379 2450 1569 2548 qualitatis
1601 2453 1751 2526 etiamsi

251 2577 287 2648 in
315 2575 473 2672 pecunia
500 2575 646 2661 fuerint,
677 2600 752 2670 que
778 2575 827 2649 ad
845 2601 913 2649 eos
939 2592 979 2650 et
1006 2599 1137 2650 eorum
1165 2576 1381 2673 quemlibet,
1409 2578 1523 2650 etiam
1551 2577 1750 2673 Archiepi-

250 2725 399 2796 scopos,
422 2700 480 2775 vel
500 2701 723 2797 Episcopos,
740 2700 853 2774 etiam
874 2701 1016 2774 ratione
1035 2727 1187 2775 suarum
1209 2703 1345 2796 quibus
1360 2726 1457 2774 nunc
1472 2726 1628 2798 preesse
1647 2703 1752 2776 dino-

251 2840 416 2910 scuntur,
442 2842 507 2898 aut
534 2824 689 2900 aliarum
713 2824 996 2899 Cathedralium
1017 2826 1130 2899 etiam
1157 2825 1543 2922 Metropolitanarum,
1568 2827 1618 2899 ad
1646 2853 1747 2925 quas

249 2975 318 3024 eos
346 2951 539 3024 transferri
576 2951 776 3050 contigerit
808 2951 1048 3025 ecclesiarum
1077 2976 1121 3024 ac
1148 2949 1304 3035 aliorum
1343 2953 1604 3027 beneficiorum
1633 2951 1753 3026 eccle-

250 3074 483 3149 siasticorum
512 3075 748 3162 secularium,
778 3091 817 3149 et
854 3075 1096 3171 Regularium
1125 3077 1365 3150 obtentorum
1395 3094 1433 3150 et
1460 3076 1752 3151 obtinendorum

249 3201 533 3296 quomodolibet
552 3201 749 3297 pertinent,
768 3219 807 3275 et
826 3201 1064 3299 pertinebunt
1082 3201 1271 3298 acquisitis
1291 3217 1331 3275 et
1347 3203 1595 3299 acquirendis,
1617 3217 1694 3275 tam
1717 3205 1754 3276 in

248 3325 335 3412 vita,
357 3349 470 3421 quam
489 3326 603 3399 etiam
623 3326 751 3400 ultima
769 3326 962 3400 voluntate
989 3351 1118 3401 eorum
1139 3327 1235 3399 inter
1254 3326 1577 3424 Consanguineos,
1600 3343 1640 3401 et
1658 3325 1753 3402 alias

249 3474 506 3547 quascumque
525 3475 718 3546 personas,
740 3475 784 3524 ac
803 3450 883 3524 loca
904 3476 972 3525 nec
992 3475 1064 3525 non
1084 3475 1155 3547 pro
1173 3450 1349 3548 expensis
1364 3452 1545 3537 funerum,
1563 3477 1606 3526 ac
1625 3478 1754 3527 remu-

251 3575 443 3647 neratione
470 3599 612 3661 eorum,
633 3575 698 3670 qui
716 3574 785 3650 sibi
803 3576 1049 3664 inservierint,
1069 3578 1280 3672 disponere,
1301 3601 1461 3674 erogare
1489 3578 1630 3664 testari,
1653 3579 1754 3652 codi-

250 3699 375 3787 cillari,
404 3725 447 3772 ac
475 3697 537 3772 illa
563 3699 655 3774 alias
684 3701 832 3795 inpios
861 3717 899 3772 et
932 3726 1192 3798 quoscumque
1219 3700 1313 3775 alios
1340 3717 1466 3775 tamen
1495 3701 1614 3776 licitos
1644 3729 1751 3788 usus,

249 3840 364 3920 prout
389 3826 444 3897 eis
471 3824 656 3898 videbitur
683 3825 861 3930 expedire
890 3843 1119 3913 convertere,
1149 3826 1275 3911 libere,
1306 3843 1345 3899 et
1372 3825 1471 3899 licite
1498 3825 1658 3901 valeant.

329 3951 389 4022 Ac
415 3949 584 4045 predicta
603 3973 770 4024 necnon
799 3950 933 4035 omnia,
955 3966 994 4024 et
1023 3950 1168 4048 singula
1191 3949 1263 4022 alia
1291 3950 1469 4024 beneficia
1496 3949 1753 4027 ecclesiastica

250 4099 334 4147 cum
362 4099 461 4157 cura,
483 4089 523 4147 et
540 4072 620 4147 sine
648 4099 737 4147 cura
756 4074 938 4147 secularia
966 4090 1005 4147 et
1033 4076 1251 4171 quorumvis
1270 4073 1443 4148 ordinum
1468 4075 1653 4173 regularia
1682 4103 1755 4174 per

249 4201 352 4296 ipsos
381 4198 599 4285 Auditores,
627 4216 667 4273 et
694 4200 981 4287 Locatenentes,
1010 4225 1054 4272 ac
1086 4224 1215 4273 eorum
1245 4199 1414 4298 singulos
1446 4201 1482 4273 in
1519 4200 1679 4288 titulum,
1712 4219 1754 4277 et

249 4323 508 4400 commendam
536 4349 580 4398 ac
609 4324 774 4407 invicem,
797 4349 864 4397 seu
892 4324 974 4397 aliis
1002 4325 1051 4398 ad
1070 4348 1199 4399 eorum
1219 4325 1333 4398 vitam
1353 4325 1465 4412 unita,
1487 4349 1557 4420 pro
1576 4341 1752 4422 tempore

249 4452 415 4532 obtenta,
438 4473 581 4522 necnon
600 4449 635 4521 in
665 4451 801 4544 quibus
820 4465 859 4522 et
877 4449 926 4522 ad
954 4472 1029 4545 que
1057 4449 1113 4522 ius
1133 4449 1276 4523 eisdem
1295 4451 1544 4525 Auditoribus
1571 4465 1610 4524 et
1629 4451 1753 4526 Loca·

250 4575 462 4646 tenentibus
490 4573 679 4670 competit,
710 4591 750 4647 et
777 4591 994 4670 competere
1022 4575 1160 4670 poterit
1187 4575 1222 4646 in
1251 4575 1426 4659 futurum,
1456 4601 1501 4648 ac
1528 4573 1576 4648 de
1611 4576 1752 4670 quibus

248 4699 302 4771 eis
339 4699 531 4793 provisum
570 4698 682 4771 etiam
718 4698 862 4772 illorum
895 4701 1138 4794 possessione
1176 4724 1248 4773 non
1287 4699 1424 4786 habita,
1457 4725 1523 4773 seu
1561 4701 1752 4796 provideri

249 4823 466 4894 mandatum
500 4819 558 4895 vel
587 4845 808 4896 concessum
845 4821 954 4896 fuerit
989 4819 1204 4918 simpliciter
1238 4838 1304 4895 aut
1340 4847 1411 4920 pro
1449 4824 1532 4912 alio,
1571 4824 1630 4897 vel
1668 4827 1752 4899 aliis

247 4945 355 5020 simili
382 4947 442 5020 vel
469 4945 647 5032 dissimili,
676 4962 743 5020 aut
770 4946 960 5030 similibus,
982 4947 1042 5022 vel
1070 4947 1309 5022 dissimilibus
1338 4949 1519 5023 beneficio
1547 4975 1614 5024 seu
1633 4951 1752 5025 bene-

248 5070 338 5144 ficiis
365 5071 618 5146 ecclesiastico
645 5071 705 5145 vel
733 5072 1002 5160 ecclesiasticis,
1033 5097 1117 5146 cum
1146 5074 1340 5169 quibusvis
1367 5073 1541 5170 personis
1574 5099 1660 5148 cum
1695 5077 1752 5149 eis

247 5211 462 5291 permutare
480 5194 692 5270 volentibus
712 5221 759 5268 ex
778 5220 892 5269 causa
910 5197 1196 5292 permutationis
1215 5196 1437 5286 huiusmodi,
1462 5199 1498 5271 in
1517 5223 1593 5294 qua
1621 5213 1751 5272 tamen

245 5320 345 5394 nulla
380 5319 502 5394 illicita
537 5320 662 5417 pactio
700 5346 766 5395 scu
804 5321 1007 5395 simoniaca
1042 5323 1208 5418 pravitas
1245 5323 1479 5412 interveniat,
1508 5324 1544 5396 in
1573 5348 1752 5420 quorum·
