3686 5916
251 356 306 414 604
867 353 1005 412 Saeculo
1023 353 1147 413 XVIII

252 457 337 465 --.

248 549 326 633 vis;
354 549 515 643 ideoque
545 549 748 622 Auditores
775 547 879 644 ipsos
908 546 965 620 vel
995 571 1114 642 nuper
1149 547 1302 630 electos
1333 546 1392 618 vel
1420 523 1455 618 in
1484 544 1648 618 futurum
1678 545 1736 618 eli-

246 673 404 771 gendos,
437 689 595 768 paterno
624 697 904 746 commonemus
932 671 1067 745 aflectu
1101 697 1144 746 ac
1183 669 1425 744 vehementer
1460 671 1663 751 hortamur,
1702 686 1738 740 ut

247 799 336 870 dum
364 822 433 892 pro
459 799 627 893 ipsorum
654 797 819 883 arbitrio,
839 823 883 869 ac
911 798 1137 870 conscientia
1165 797 1323 869 Iuvenes
1343 797 1413 869 bos
1441 796 1477 866 in
1497 794 1610 868 studii
1629 795 1736 866 socie·

249 939 365 996 tatem
395 923 554 1020 seligere
582 938 697 1017 atque
720 923 919 994 admittere
948 920 1196 1020 indulgemus,
1227 922 1391 1017 optimos
1411 920 1604 1018 selegisse,
1634 921 1739 992 admi·

249 1049 344 1122 sisse
372 1049 481 1121 utiles
511 1065 587 1120 tum
617 1047 695 1132 sibi,
732 1061 811 1118 tum
840 1045 921 1132 illis,
951 1062 1030 1119 tum
1072 1047 1234 1142 denique
1271 1045 1420 1142 publico
1457 1047 1557 1119 bono
1587 1047 1741 1118 sentiant

248 1189 288 1246 et
314 1173 560 1271 gratulentur.

335 1322 392 1372 11.
423 1295 521 1388 Quia
550 1320 663 1391 porro
691 1297 740 1368 ad
768 1295 1034 1369 conciliandam
1051 1297 1172 1392 magis
1201 1297 1236 1368 in
1265 1296 1346 1368 dies
1366 1313 1496 1368 nostro
1516 1293 1600 1366 huic
1629 1294 1741 1365 Audi-

250 1422 345 1495 torio
373 1422 594 1518 prudentiae
621 1421 769 1506 lamam,
799 1445 843 1494 ac
865 1421 1041 1494 tuendam
1062 1420 1096 1492 in
1117 1419 1283 1493 dicendis
1312 1443 1381 1514 pro
1401 1419 1540 1492 iustitia
1566 1421 1742 1511 cuiusque

249 1533 443 1619 sententiis
481 1545 703 1631 libertatem,
741 1545 886 1618 conlert
928 1570 1040 1638 quam
1083 1545 1243 1618 maxime
1285 1543 1454 1641 diligens
1485 1568 1529 1615 ac
1562 1561 1742 1638 perpetua

249 1669 394 1750 silentii,
426 1669 503 1742 sive
532 1671 666 1743 secreti
695 1670 876 1744 custodia.
906 1669 994 1742 ldeo
1024 1686 1101 1742 tum
1135 1670 1316 1752 omnibus,
1339 1683 1378 1741 et
1405 1667 1560 1764 singulis
1590 1666 1742 1738 Audito

250 1796 362 1880 ribuS,
392 1813 430 1866 et
459 1794 826 1880 Locumtenentibus,
858 1811 937 1867 tum
966 1819 1096 1867 eorum
1125 1797 1160 1866 in
1189 1795 1314 1868 studio
1343 1793 1600 1875 Adiutoribus,
1631 1807 1743 1886 atque

249 1920 412 1992 Secretis
441 1919 539 1992 serio
568 1918 824 2013 praecipimus,
854 1935 893 1992 et
922 1920 1090 1992 iubemus
1119 1933 1161 1990 ut
1189 1945 1279 2014 prae
1307 1919 1424 1991 oculis
1457 1919 1632 2002 habeant,
1666 1918 1743 1988 reli-

249 2045 433 2142 gioseque
461 2059 621 2128 servent,
652 2068 696 2116 ac
724 2059 959 2138 exequantur
988 2043 1293 2118 Praedecessoris
1328 2043 1457 2118 Nostri
1486 2043 1630 2116 Urbani
1665 2041 1743 2112 Vlll

250 2169 567 2242 Constitutionem
586 2192 662 2262 qua
691 2170 761 2241 sub
782 2167 940 2262 periurii,
961 2185 1000 2241 et
1020 2169 1170 2242 maioris
1201 2168 1594 2242 excommunicationis
1623 2191 1743 2263 poena
1823 2179 1824 2230 ξ

249 2293 480 2367 interdicitur
508 2307 546 2365 et
573 2293 767 2378 inhibetur,
801 2317 846 2366 ne
882 2309 969 2365 vota
1007 2319 1050 2364 ac
1083 2293 1259 2390 suffragia
1297 2309 1336 2365 et
1377 2311 1522 2366 secreta
1558 2293 1742 2366 Auditorii
1823 2303 1824 2308 ’

251 2420 472 2514 pandantur,
504 2417 650 2490 sublata
687 2417 814 2515 quoad
851 2417 1058 2489 Auditores
1087 2418 1201 2513 ipsos
1232 2433 1271 2490 et
1313 2417 1631 2490 Locumtenentes
1660 2441 1742 2489 con·
1823 2473 1824 2522 ,

251 2544 361 2616 traria
380 2567 619 2638 quacumque
639 2541 921 2626 consuetudine,
942 2541 1194 2626 excusatione,
1217 2559 1283 2614 aut
1297 2563 1475 2637 perversa
1496 2541 1611 2638 Legis
1641 2545 1742 2613 inter·
1823 2525 1824 2542 ¹

251 2668 474 2762 pretatione,
505 2669 612 2761 quasi
641 2669 676 2738 in
706 2667 872 2761 ipsorum
900 2681 1043 2738 tantum
1073 2665 1148 2738 lata
1177 2667 1224 2738 sit
1251 2665 1500 2751 commodum,
1531 2667 1589 2738 cui
1619 2665 1741 2742 libere,
1823 2641 1824 2728 l

250 2809 290 2866 et
320 2819 387 2888 pro
414 2792 566 2866 arbitrio
596 2791 719 2864 valeat
746 2791 1005 2888 unusquisque
1036 2792 1262 2863 renunciare.
1295 2789 1437 2862 Curent
1468 2806 1594 2862 autem
1636 2790 1743 2863 iidem
1823 2791 1824 2804 *

249 2919 455 2990 Auditores
482 2911 522 2990 e't
551 2917 878 3000 Locumtenentes
908 2941 951 2990 ac
980 2916 1131 2989 omnino
1160 2916 1390 3012 provideant,
1413 2930 1454 2988 ut
1472 2915 1624 2987 ineunte
1652 2939 1745 3010 quo-

250 3043 338 3116 libet
364 3065 464 3115 anno
494 3041 617 3113 Rotali
646 3064 777 3114 omnes
814 3065 971 3136 prorsus
1008 3066 1051 3114 ac
1089 3041 1224 3138 singuli
1257 3040 1336 3112 sive
1373 3041 1588 3113 Studiorum
1630 3042 1744 3112 Adiu-

250 3185 363 3251 tores,
394 3166 472 3239 sive
506 3164 658 3248 Secreti,
690 3191 772 3238 eam
813 3165 1129 3240 Constitutionem
1163 3191 1248 3238 sese
1277 3181 1504 3251 servaturos,
1536 3167 1640 3238 iuxta
1675 3166 1745 3238 lor·
1823 3225 1824 3232 ,

250 3316 347 3364 mam
367 3291 453 3364 mibi
483 3293 668 3377 traditam,
699 3292 919 3388 promittant
947 3309 985 3364 et
1013 3292 1134 3364 iurent
1161 3290 1197 3363 in
1228 3291 1338 3373 Rota,
1359 3314 1456 3385 quae
1476 3291 1562 3363 ideo
1589 3309 1745 3364 vocatur

249 3418 557 3501 loramentorum,
577 3439 752 3511 quaeque
780 3415 939 3488 habetur
958 3417 993 3487 in
1013 3413 1203 3507 Quirinali,
1235 3430 1323 3511 post
1349 3414 1484 3486 laetam
1514 3415 1638 3487 Rotae
1656 3441 1744 3510 ape-

249 3542 419 3615 ritionem
448 3542 482 3614 in
521 3539 714 3615 Vaticano,
755 3540 794 3614 Si
836 3566 926 3613 vero
962 3539 1166 3634 supradicti
1201 3539 1419 3612 Studiorum
1458 3538 1677 3624 Adiutores,
1709 3556 1745 3611 et
1823 3517 1824 3590 i

249 3666 404 3752 Secreti,
434 3666 596 3738 lortasse
623 3667 673 3738 ob
701 3665 909 3738 absentiam
929 3667 977 3738 ab
998 3663 1113 3750 Urbe,
1135 3664 1194 3736 vel
1214 3666 1263 3737 ob
1282 3663 1381 3736 aliud
1401 3661 1607 3760 legitimum
1631 3665 1745 3760 impe-

249 3792 454 3864 dimentum
489 3791 524 3861 in
554 3790 653 3863 Rota
682 3789 978 3863 luramentorum
1008 3814 1081 3862 non
1119 3789 1360 3873 interfuerint,
1392 3804 1479 3860 tunc
1510 3790 1558 3860 ad
1598 3790 1745 3884 praedi-

174 3909 178 3916 ’
249 3932 349 3987 ctum
379 3915 625 3986 iuramentum
653 3914 922 4008 praestandum
960 3913 1113 3986 omnino
1140 3929 1338 3986 teneantur
1374 3912 1410 3984 in
1440 3912 1611 3986 manibus
1643 3913 1744 3986 Prae·

249 4040 323 4121 lati,
355 4039 412 4110 cui
441 4056 528 4110 sunt
555 4037 702 4121 addicti,
734 4038 953 4134 priusquam
983 4053 1176 4111 resumant
1202 4037 1322 4111 Studii
1352 4037 1495 4112 Rotalis
1527 4039 1743 4112 exercitium

249 4163 494 4261 praestitique
512 4162 707 4236 iuramenti
728 4163 980 4237 testimonium
1000 4164 1101 4259 apud
1122 4163 1333 4237 Tribunalis
1356 4163 1547 4235 Decanum
1577 4161 1742 4248 deferre;

249 4303 289 4358 et
331 4286 359 4357 si
397 4285 637 4381 praescriptis
680 4286 779 4358 hisce
822 4287 1054 4382 temporibus
1089 4313 1133 4360 ac
1176 4287 1297 4360 modis
1334 4310 1407 4358 non
1442 4287 1655 4369 iuraverint,
1699 4289 1743 4358 ab

249 4408 379 4495 officio,
410 4425 449 4483 et
477 4435 630 4483 munere
651 4430 922 4486 removeantur.

335 4561 390 4610 12.
423 4534 661 4608 Conveniens
690 4553 896 4630 praeterea,
928 4553 967 4609 et
995 4553 1286 4610 consentaneum
1308 4535 1525 4632 praemissis
1553 4552 1614 4608 est
1644 4537 1740 4630 quod

249 4659 506 4756 praecipimus,
538 4675 578 4732 et
604 4663 811 4744 sancimu53
842 4685 888 4732 ne
918 4660 1151 4747 Decisiones,
1181 4685 1279 4756 quae
1308 4677 1396 4732 sunt
1428 4675 1605 4734 exaratae
1643 4661 1739 4732 etin

246 4800 435 4879 promptu.
458 4801 500 4857 ut
528 4783 626 4879 typis
646 4785 856 4880 vulgentur,
878 4809 946 4880 per
966 4785 1189 4858 Adiutorem
1205 4783 1338 4870 Studii,
1360 4787 1430 4857 sub
1449 4785 1582 4856 iisdem
1612 4787 1738 4880 poenis

247 4910 395 5002 quaein
413 4907 628 4981 Urbaniana
645 4907 923 4980 Constitutione
943 4907 1085 4982 Secreti
1103 4907 1345 4981 violatoribus
1362 4908 1520 4980 inflictae
1541 4924 1640 4994 sunt,
1663 4907 1737 4978 Par-

248 5034 346 5105 tibus
375 5031 614 5130 litigantibus,
645 5052 710 5104 aut
738 5033 844 5104 alteri
864 5035 1035 5128 cuiquam
1064 5051 1170 5107 extra
1189 5031 1429 5108 Auditorium
1449 5033 1654 5118 tradantur,
1683 5032 1735 5102 vel

246 5158 575 5243 communicentur,
607 5157 675 5230 nisi
703 5157 806 5253 prius
835 5157 971 5231 luerint
989 5184 1012 5231 a
1030 5158 1183 5254 proprio
1213 5157 1384 5231 Praelato
1414 5158 1578 5230 Ponente
1605 5159 1735 5252 adpro-

247 5283 357 5355 batae
394 5307 438 5355 ac
471 5283 714 5377 subscriptae.
746 5283 893 5356 Ponens
932 5308 1022 5356 vero
1057 5300 1261 5379 antequam
1304 5284 1523 5369 subscribat,
1564 5308 1629 5356 eas
1660 5281 1733 5354 dili·

245 5425 380 5505 genter
409 5408 600 5502 inspicere,
632 5421 670 5478 et
698 5407 909 5514 examinare
937 5423 1120 5494 teneatur,
1142 5408 1342 5503 valeatque
1369 5434 1438 5504 pro
1467 5433 1536 5481 suo
1569 5404 1732 5503 prudenti
