3686 5916
575 270 578 275 Ι
667 319 834 378 Clemente
854 317 945 379 XIII

215 565 307 639 lurni
335 592 356 639 e
386 565 472 638 ani
501 564 626 663 Signi,

139 709 284 806 Filippo
315 708 512 804 Paparozzi
533 707 626 782 Ore
654 711 741 782 uriro
770 707 867 780 delle
896 706 1030 805 Sigrie
1058 706 1140 781 loro
1169 705 1270 780 Illrire
1301 731 1322 780 e
1351 707 1447 780 Rrire
1468 707 1557 781 rive·

58 850 288 909 rentemente
316 833 350 906 le
379 847 627 929 rappresenta
656 833 814 930 essergli
834 848 935 906 stato
964 833 1145 905 conserito
1169 830 1268 905 dalla
1289 830 1370 908 stt
1389 833 1426 904 di
1447 832 1494 906 N.
1517 832 1554 905 S.

60 985 131 1033 uno
158 961 218 1032 dei
247 974 400 1056 quattro
428 957 536 1031 offizii
565 957 602 1030 di
631 957 777 1031 Notaro
797 956 894 1030 della
915 957 952 1031 S.
976 958 1076 1030 Rota
1103 974 1238 1031 vacato
1258 982 1326 1054 per
1354 973 1477 1030 morte
1497 958 1558 1032 del

60 1089 120 1182 qm
149 1083 294 1157 Ciriaco
325 1083 468 1158 Biondi.
501 1083 567 1155 Ma
595 1083 733 1180 perche
762 1081 931 1158 nell'atto
960 1084 1106 1155 doveva
1132 1074 1253 1156 l'O.re
1282 1083 1468 1179 prendere
1497 1083 1557 1156 del

59 1209 262 1282 medesimo
289 1207 458 1281 l'attuale
487 1233 669 1304 possesso
699 1207 719 1280 ὲ
748 1209 891 1281 insorto
919 1207 943 1280 il
971 1207 1112 1280 dubbio
1142 1231 1182 1280 se
1212 1209 1267 1280 sia
1295 1233 1318 1280 o
1347 1231 1395 1280 no
1428 1224 1558 1281 tenuto

59 1333 92 1408 al
120 1348 349 1432 pagamento
368 1333 467 1406 della
485 1335 645 1429 propina
665 1335 700 1406 in
728 1332 856 1406 favore
885 1331 981 1406 della
1010 1333 1049 1408 S.
1071 1333 1190 1418 Rota;
1221 1333 1348 1429 quindi
1376 1332 1451 1430 egli
1478 1333 1558 1407 fece

59 1459 133 1533 sare
163 1459 327 1533 ricerche
357 1457 454 1556 negli
483 1457 591 1532 officii
622 1458 758 1544 Rotali,
789 1484 811 1530 e
839 1459 1051 1532 riscontrati
1078 1461 1249 1532 attestati
1280 1459 1338 1532 nel
1358 1458 1452 1531 libro
1480 1458 1559 1531 inti-

61 1583 174 1658 tolato
200 1627 227 1637 -
250 1582 445 1656 Gestorum
464 1628 490 1638 -
517 1583 698 1656 evenuto
718 1582 753 1654 in
773 1583 990 1680 cognitione
1014 1583 1082 1656 che
1101 1582 1125 1655 li
1145 1581 1214 1657 soli
1233 1584 1417 1657 Soccorso
1438 1582 1558 1656 Padre

60 1735 80 1782 e
101 1708 309 1781 Benedetto
329 1707 431 1805 figlio
450 1708 582 1794 Amici,
604 1709 627 1780 li
648 1706 747 1804 quali
767 1708 891 1781 hanno
906 1707 1052 1781 l'osfrcio
1072 1734 1094 1782 a
1114 1709 1262 1781 nomina
1280 1705 1377 1780 della
1397 1707 1435 1781 S.
1458 1708 1559 1782 Rota

59 1858 80 1905 a
98 1831 416 1928 contemplatione
434 1831 532 1906 della
551 1834 676 1907 meda
695 1833 844 1906 nomina
862 1832 1156 1906 efiettivamente
1174 1857 1370 1932 pagarono
1398 1834 1434 1907 la
1452 1833 1558 1907 detta

61 1957 226 2054 Propina.
251 1956 400 2031 Gl’altri
418 1957 482 2054 poi
501 1957 581 2032 cioe
596 1958 620 2030 li
635 1962 700 2055 qm
717 1958 793 2030 Pini
811 1957 954 2044 Biondi‚
970 1957 1171 2032 Schizzada
1185 1983 1207 2031 e
1223 1958 1335 2054 Sigri
1355 1957 1482 2032 Cicelli
1494 1957 1554 2034 ...¹

61 2107 81 2153 e
109 2083 306 2179 Sparagna
333 2083 357 2154 li
386 2082 486 2178 quali
514 2083 639 2156 hanno
667 2083 927 2179 possedutoe
960 2083 1283 2177 rispettivamente
1311 2106 1557 2180 posseggono

61 2205 205 2302 gl’osfici
243 2231 265 2279 a
294 2209 444 2281 nomina
476 2208 512 2280 di
547 2207 624 2280 Sua
653 2205 734 2281 Sta
766 2231 788 2279 e
824 2204 1009 2280 dell’Eriro
1039 2207 1177 2281 Carde
1207 2207 1459 2304 Camerlengo
1487 2232 1558 2303 pro

62 2345 228 2426 tempore
257 2356 331 2404 non
359 2333 483 2407 hanno
502 2331 797 2405 essettivamente
824 2348 967 2429 pagata
995 2347 1129 2429 questa
1148 2333 1328 2429 propina:
1358 2333 1560 2405 esiccome

61 2452 95 2525 lo
122 2473 247 2528 stesso
277 2455 370 2530 Ore
398 2480 467 2552 per
495 2472 631 2551 questo
660 2456 844 2529 incidente
873 2479 947 2528 non
975 2457 1053 2553 pud
1081 2456 1266 2552 prendere
1286 2454 1456 2528 l'attuale
1475 2481 1561 2553 pos·

64 2602 166 2652 sesso
195 2579 406 2654 dell’otficio
434 2579 583 2666 sudd.0‚
612 2578 797 2654 ancorche
826 2607 872 2653 ne
899 2581 1008 2654 abbia
1036 2598 1217 2654 avanzato
1246 2581 1280 2654 le
1310 2606 1377 2654 sue
1405 2581 1557 2666 istanze‚

62 2705 181 2796 percio
210 2705 525 2778 riverentemente
553 2705 587 2778 le
622 2703 790 2801 supplica
827 2707 864 2778 di
902 2707 970 2778 dar
1007 2707 1131 2802 riparo
1167 2729 1190 2777 a
1219 2704 1461 2803 quest’afsare
1489 2731 1558 2779 con

61 2829 185 2902 ordine
214 2829 284 2903 che
304 2830 336 2905 si
355 2829 520 2904 sacciano
547 2831 772 2903 riscontrare
790 2829 842 2927 gli
861 2832 948 2904 stati
969 2831 1103 2916 suddi,
1125 2854 1147 2902 e
1176 2830 1207 2902 si
1234 2829 1372 2903 destini
1395 2854 1558 2925 persona

61 2951 191 3026 idonea
218 2954 358 3051 perche
386 2979 503 3050 possa
521 2952 641 3030 l'Ore
661 2970 818 3028 trattare
847 2954 885 3028 di
912 2971 1048 3051 questa
1076 2954 1280 3051 pendenza,
1302 2982 1324 3030 e
1353 2961 1558 3030 cornettere

60 3075 198 3152 intanto
216 3105 239 3152 a
261 3078 411 3153 Monse
431 3077 535 3156 Illmo
554 3105 575 3152 e
596 3080 694 3152 Rmo
714 3079 826 3152 Bussi
841 3080 997 3154 Decano
1016 3079 1085 3153 che
1104 3079 1218 3153 faccia
1233 3079 1324 3154 dare
1343 3081 1367 3155 il
1386 3083 1558 3156 bramato

61 3225 235 3294 possesso
265 3201 433 3279 all’O.re.
464 3203 487 3276 il
516 3203 627 3300 quale
657 3228 807 3301 sempre
843 3204 864 3278 ἐ
901 3219 1039 3301 pronto
1076 3204 1113 3276 di
1141 3203 1219 3277 sare
1247 3204 1283 3278 lo
1311 3205 1432 3280 ssorzo
1460 3203 1558 3278 della

62 3322 215 3422 Propina
235 3325 372 3402 sudda
391 3342 531 3424 quante
550 3328 652 3401 volte
671 3329 791 3402 consti
810 3327 878 3402 che
896 3328 919 3402 il
939 3326 1065 3402 medo
1084 3327 1140 3400 sia
1165 3343 1297 3402 tenuto
1325 3354 1394 3426 per
1413 3329 1558 3404 salvare

62 3447 188 3524 intatte
215 3453 295 3527 cosi
324 3453 358 3526 le
378 3453 551 3551 raggioni
571 3479 644 3527 non
674 3479 784 3528 meno
813 3453 851 3526 di
870 3454 1027 3528 codesto
1057 3453 1094 3529 S.
1116 3453 1320 3528 Tribunale
1348 3456 1417 3530 che
1436 3455 1471 3530 le
1490 3481 1558 3529 sue

62 3597 81 3642 e
108 3574 293 3672 degl’altri
322 3577 456 3650 Notari
485 3579 706 3652 successori.
737 3578 769 3651 E
798 3576 895 3651 della
923 3579 1049 3676 grazia
1078 3595 1162 3652 etc..

138 3697 233 3772 Cum
271 3716 398 3776 autem
437 3703 556 3774 Rmus
596 3701 773 3775 Decanus
807 3703 941 3776 eodem
979 3717 1157 3777 contextu
1195 3727 1271 3798 quo
1300 3704 1556 3800 supradictum

62 3821 181 3896 retulit
210 3825 432 3900 Memoriale
471 3829 688 3923 exposuerit
725 3827 837 3900 etiam
874 3826 1088 3902 consimiles
1117 3854 1226 3902 casus
1255 3852 1352 3924 quos
1389 3855 1435 3902 ex
1463 3831 1558 3904 libro

63 3943 236 4022 Decanali
266 3952 544 4047 desumpserat,
574 3977 711 4049 nempe

535 4165 730 4240 <Veneris
761 4189 818 4259 30·
839 4167 947 4261 ap.lis
982 4173 1079 4262 1667

144 4322 350 4398 ‹Porrexit
378 4325 414 4396 in
442 4325 543 4399 Rota
571 4327 775 4420 praeterita
804 4327 983 4400 Notarius
1014 4327 1204 4401 Bonamici
1234 4328 1452 4401 Memoriale
1480 4352 1556 4424 quo

68 4452 316 4542 «exponebat
335 4476 376 4524 se
404 4467 575 4524 coactum
604 4450 718 4525 fuisse
747 4454 1019 4548 retroaccipere
1039 4455 1201 4528 officium
1229 4453 1450 4527 Notariatus
1469 4453 1555 4527 olim

68 4596 83 4633 ι
102 4572 149 4643 ab
177 4597 223 4646 eo
251 4575 443 4648 venditum
462 4575 614 4673 Angeio
635 4575 896 4650 Francisconio
924 4593 963 4650 et
981 4580 1030 4653 ab
1058 4579 1138 4652 eius
1158 4578 1405 4653 creditoribus
1424 4577 1556 4652 diebus

66 4698 312 4786 «praeteritis
340 4701 412 4773 sub
439 4698 551 4772 hasta
578 4699 754 4796 positum,
785 4717 825 4774 et
860 4718 1063 4798 propterea
1100 4705 1263 4777 instabat
1291 4721 1333 4776 ut
1361 4703 1461 4776 Rota
1497 4704 1557 4777 vel

67 4821 228 4913 «gratis,
254 4822 312 4896 vel
339 4848 409 4919 pro
438 4824 529 4900 solis
557 4826 702 4900 ducatis
732 4827 863 4901 decem
891 4828 940 4900 ad
969 4827 1119 4901 solitum
1149 4829 1398 4902 iuramentum
1425 4828 1557 4902 admit-

67 4968 84 5010 ι
102 4956 197 5016 teret
217 4972 325 5020 suum
357 4963 534 5044 nepotem
554 4949 590 5022 in
619 4974 734 5045 quem
762 4950 910 5025 titulum
931 4951 1151 5026 Notariatus
1180 4953 1372 5026 transferri
1391 4955 1440 5027 ab
1460 4953 1557 5027 Εῐῑιο

67 5065 290 5145 ‹Cardinali
323 5072 541 5148 Camerario
573 5076 799 5150 obtinuerat.
837 5076 979 5150 Verum
1013 5069 1117 5175 quia'
1138 5079 1219 5174 ipse
1256 5079 1555 5174 praeteritionem

65 5214 82 5257 t
101 5215 207 5266 suam
227 5193 263 5267 in
282 5197 423 5270 iustitia
441 5197 632 5284 fundabat,
655 5216 735 5272 tum
755 5199 843 5296 quia
864 5199 1010 5274 dicebat
1030 5201 1100 5275 hoc
1120 5227 1207 5276 esse
1227 5202 1334 5298 quasi
1353 5205 1556 5299 quemdam

145 5397 155 5432 ¹
175 5397 300 5462 Nomen
320 5416 384 5462 non
403 5409 506 5477 potest
524 5403 599 5480 legi.
