3686 5916
255 348 310 408 532
404 295 406 300 ι
862 346 1001 406 soeculo
1020 345 1143 406 XVIII
1244 391 1248 398 .

252 565 361 627 mam,
384 541 420 614 in
448 541 748 636 quibuscumque
777 538 987 613 Causarum
1017 537 1365 628 Commissionibus,
1387 564 1483 637 quas
1503 541 1539 615 in
1559 557 1755 637 posterum

245 681 342 760 'post
369 664 625 762 praesentium
658 663 948 762 publicationem
985 665 1153 761 expediri
1190 665 1393 764 contingat,
1424 667 1577 740 omnino
1614 667 1759 738 servari

253 790 427 863 volumus
462 807 500 862 et
534 790 718 862 iubemus.
748 787 836 882 Quo
865 812 955 862 vero
991 791 1041 862 ad
1075 789 1382 874 Commissiones‚
1414 815 1512 886 quae
1548 792 1622 864 iam
1662 814 1759 862 nunc

252 915 450 1011 expeditae
478 928 518 988 et
545 913 581 986 in
611 913 739 1009 Capsa
766 913 912 1008 positae
940 911 1055 1010 vulgo
1083 915 1334 988 ‹incassate›
1361 915 1609 1010 reperiuntur,
1632 915 1758 988 decla-

253 1063 379 1112 ramus
398 1039 627 1134 praemissas
642 1037 802 1112 Nostras
817 1037 924 1134 leges
939 1051 978 1110 et
991 1037 1245 1113 ordinationes
1264 1036 1368 1112 locus
1388 1041 1585 1112 dumtaxat
1602 1039 1756 1124 habere,

253 1179 440 1260 quatenus
467 1163 505 1236 in
532 1163 699 1259 ipsarum
729 1161 1045 1236 Commissionum
1074 1162 1267 1258 sequelam
1296 1165 1462 1237 nondum
1496 1179 1759 1260 transportata

254 1289 327 1360 sint
355 1304 450 1372 acta,
472 1303 510 1361 et
539 1287 765 1384 reproducta
784 1285 910 1360 citatio
933 1287 981 1360 ad
1003 1287 1199 1361 dicendum
1219 1303 1350 1362 contra
1369 1287 1448 1362 iura
1467 1313 1592 1362 coram
1616 1288 1756 1374 Iudice,

252 1413 310 1484 cui
337 1411 479 1486 directa
507 1429 567 1485 est
595 1411 841 1499 Commissio;
872 1408 987 1504 Quod
1015 1413 1046 1483 si
1073 1427 1158 1484 acta
1194 1411 1267 1486 iam
1306 1415 1379 1487 sint
1417 1429 1685 1509 transportata,
1717 1429 1759 1487 et

253 1539 377 1612 citatio
393 1535 605 1610 huiusmodi
619 1560 746 1611 coram
766 1533 937 1632 praefato
957 1535 1082 1609 lodice
1101 1536 1173 1609 iam
1194 1537 1420 1633 reproducta
1439 1536 1557 1621 fuerit,
1580 1537 1759 1611 volumus

250 1661 371 1758 ipsam
400 1663 609 1758 respective
639 1659 964 1746 Commissionem,
986 1658 1073 1734 licet
1099 1676 1229 1734 contra
1256 1662 1495 1735 decretorum
1524 1661 1759 1736 Nostrorum

253 1785 411 1861 formam
439 1785 616 1883 expedita
644 1800 837 1882 appareat,
866 1783 1010 1858 firmam
1037 1809 1241 1872 remanere,
1273 1810 1395 1881 usque
1422 1785 1472 1860 ad
1499 1785 1593 1859 illius
1616 1786 1758 1860 instan-

251 1912 325 1986 tiae
363 1912 742 1999 consummationem;
783 1934 856 1984 non
894 1926 1021 1984 tamen
1059 1911 1176 1998 ultra;
1219 1913 1314 1984 itant
1356 1913 1390 1984 in
1433 1913 1550 1985 altera
1586 1910 1759 1986 ulteriori

250 2036 426 2111 instantia
457 2035 667 2134 praesentis
696 2036 861 2110 Nostrae
889 2035 1179 2110 Constitutionis
1207 2035 1481 2133 praescriptum
1500 2037 1652 2110 omnino
1671 2063 1758 2111 ser-

251 2161 329 2234 vari
358 2162 507 2246 debeat,
537 2176 577 2235 et
603 2158 811 2258 adimpleri.

331 2285 533 2361 Caeterum
571 2310 703 2360 omnes
736 2301 776 2358 et
803 2308 1062 2381 quascumque
1101 2283 1408 2373 Commissiones,
1441 2309 1536 2382 quas
1572 2287 1756 2384 deinceps

251 2427 316 2485 ant
346 2412 480 2498 Rotae,
509 2427 576 2485 aut
604 2407 793 2496 Praelatis,
824 2426 955 2484 contra
991 2411 1148 2484 formam
1177 2427 1216 2484 et
1243 2411 1518 2506 praescriptum
1546 2411 1754 2484 earundem
1823 2427 1824 2444 ³

251 2535 507 2632 praesentium
539 2535 749 2633 respective
782 2535 891 2633 dirigi
923 2535 1102 2633 contigat,
1128 2533 1258 2619 nullas,
1284 2535 1416 2622 irritas,
1436 2549 1477 2608 et
1503 2535 1645 2624 inanes,
1671 2535 1755 2609 nul·

252 2659 399 2756 liusque
437 2661 583 2734 roboris
620 2659 680 2734 vel
717 2661 895 2733 momenti
932 2658 1023 2747 fore,
1053 2659 1268 2756 nullamque
1304 2658 1594 2735 iurisdictionem
1626 2661 1753 2735 eidem
1823 2645 1824 2740 l

252 2785 387 2874 Rotae,
421 2801 488 2860 aut
516 2785 696 2860 Praelatis
724 2784 926 2882 praedictis
963 2785 1126 2860 tribuere
1162 2808 1288 2882 posse,
1327 2785 1460 2860 harum
1492 2785 1590 2859 serie
1624 2784 1753 2860 decer-

251 2910 374 2984 nimus
400 2926 440 2985 et
473 2906 729 2998 declaramus;
760 2911 829 2983 nisi
858 2910 953 2985 forte
982 2911 1153 3008 signatae
1182 2909 1318 2984 fuerint
1354 2933 1465 2983 manu
1503 2927 1647 2998 nostra,
1685 2926 1752 2983 aut

251 3017 513 3109 successorum
551 3049 777 3122 nostrorum,
812 3035 948 3132 quibus
977 3059 1129 3131 semper
1164 3035 1312 3132 integra
1342 3035 1423 3121 erit,
1467 3032 1668 3130 plenaque,
1713 3053 1752 3110 et

250 3158 366 3234 libera
385 3175 558 3256 potestas
577 3158 794 3234 comittendi
823 3183 1083 3257 quascumque
1112 3159 1271 3247 Causas,
1290 3160 1557 3254 cuiuscumque
1577 3176 1747 3245 naturae,

250 3283 452 3379 qualitatis,
474 3298 514 3359 et
540 3283 648 3358 alicui
678 3282 975 3382 Congregationi
1003 3282 1229 3381 particulari,
1259 3282 1318 3357 vel
1346 3281 1385 3359 S.
1415 3283 1461 3378 R.
1491 3283 1536 3359 E.
1567 3283 1752 3358 Cardina-

249 3407 356 3494 libus,
387 3435 452 3484 seu
492 3410 686 3483 Romanae
715 3407 855 3483 Curiae
884 3409 1073 3494 Praelatis,
1103 3424 1146 3481 ut
1171 3407 1232 3481 alii
1259 3409 1490 3505 cuicumque,
1524 3409 1638 3484 etiam
1667 3411 1751 3483 sim-

249 3535 332 3631 plici
363 3534 529 3620 Doctori,
552 3549 665 3630 prout
693 3532 825 3618 Nobis,
859 3548 925 3632 aut
953 3534 1096 3608 eisdem
1126 3532 1414 3610 Successoribus
1444 3535 1594 3622 nostris,
1628 3535 1752 3632 magis
1823 3597 1824 3600 ,

248 3659 367 3734 visum
396 3659 506 3733 fuerit
531 3657 732 3733 salubriter
749 3657 940 3755 expedire.

330 3782 392 3856 Ad
419 3785 522 3868 haec,
554 3784 722 3856 celeriori
752 3782 975 3870 Causarum,
1004 3785 1040 3856 in
1077 3783 1248 3880 praefato
1276 3783 1477 3858 Auditorio
1506 3785 1630 3858 Rotae
1668 3811 1751 3860 ver·

248 3909 406 3984 tentium
435 3906 675 4004 expeditioni,
704 3933 814 4004 quae,
845 3923 1002 4005 propter
1030 3907 1136 3982 facile
1164 3907 1445 4007 contingentem
1483 3909 1519 3982 in
1547 3911 1631 4006 pari
1660 3911 1753 3984 iudi·
1823 3913 1824 3920 ’

247 4034 409 4108 cantium
434 4055 589 4106 numero
618 4031 880 4131 suffragiorum
908 4031 1175 4130 aequalitatem
1203 4031 1405 4128 aliquando
1433 4034 1541 4108 nimis
1568 4034 1631 4107 din
1663 4061 1752 4132 pro-

245 4155 343 4231 trahi
371 4171 409 4229 et
428 4155 611 4231 retardari
639 4155 882 4255 dignoscitur,
904 4182 973 4254 per
1001 4173 1152 4231 nostrae
1181 4157 1413 4234 auctoritatis
1431 4165 1476 4232 et
1490 4160 1752 4256 providentiae

247 4281 411 4356 remedia
439 4281 655 4380 prospicere
691 4282 873 4368 volentes,
903 4281 1045 4356 eisdem
1075 4299 1190 4366 motu,
1221 4306 1265 4356 ac
1301 4299 1433 4358 tenore
1470 4285 1673 4359 statuimus
1710 4302 1752 4360 et

246 4407 479 4494 mandamus,
510 4421 561 4494 ut,
592 4405 699 4480 firmo
727 4425 944 4481 remanente
973 4405 1070 4494 stilo,
1097 4407 1168 4480 'seu
1198 4407 1480 4493 consuetudine,
1511 4412 1751 4506 proponendi
1823 4381 1824 4402 i

245 4555 315 4629 pro
338 4533 457 4629 prima
484 4531 565 4634 vice
603 4555 734 4606 omnes
764 4531 912 4606 Causas
950 4533 985 4605 in
1013 4531 1144 4607 Turno
1178 4532 1377 4616 ordinario,
1408 4533 1444 4607 in
1473 4559 1550 4630 quo
1583 4551 1752 4630 quatuor

246 4657 456 4732 Causarum
472 4656 683 4730 huiusmodi
693 4656 900 4731 Auditores
915 4656 1132 4755 suffragium
1149 4658 1279 4743 ferant,
1298 4658 1329 4731 si
1344 4673 1469 4731 tamen
1484 4657 1520 4730 in
1535 4677 1747 4754 posterum,

244 4783 280 4856 in
301 4782 421 4880 prima
439 4807 506 4854 seu
528 4778 692 4854 ulteriori
709 4781 864 4855 alicuius
885 4781 1035 4856 Causae
1051 4782 1321 4880 propositione,
1339 4800 1496 4879 propter
1514 4785 1751 4878 praedictam

245 4906 509 5004 suffragiorum
545 4905 823 5003 aequalitatem,
853 4905 1019 4980 decisiva
1055 4907 1233 4981 resolutio
1268 4907 1420 5004 prodire
1455 4923 1632 5003 nequeat,
1673 4935 1751 4984 non

243 5032 403 5128 amplius
432 5032 642 5105 huiusmodi
663 5057 879 5105 causacum
899 5032 1031 5106 iisdem
1051 5048 1214 5129 quatuor
1232 5031 1420 5130 suffragiis
1448 5051 1750 5129 reproponatur;

243 5159 338 5231 itaut
365 5155 583 5252 coaequatis
611 5157 738 5229 forsan
767 5157 900 5228 iterum
931 5155 1127 5254 suffragiis,
1152 5156 1302 5232 rescribi
1331 5155 1466 5230 deinde
1494 5173 1682 5252 oporteat,
1708 5177 1752 5232 ut

245 5283 426 5354 hactenus
454 5281 676 5376 rescriptum
696 5279 764 5351 fuit
790 5323 816 5333 -
845 5278 1008 5354 Videant
1035 5279 1187 5376 quintus
1216 5295 1256 5354 et
1283 5296 1415 5354 sextus
1443 5310 1488 5354 —:
1519 5279 1589 5354 sed
1616 5283 1750 5356 statim

244 5405 292 5478 ab
320 5405 402 5499 ipsa
430 5405 549 5499 prima
575 5403 655 5475 vice
684 5403 836 5476 rescribi
864 5405 1036 5478 volumus
1055 5447 1075 5458 -
1099 5405 1237 5478 lterum
1268 5420 1510 5503 proponatur,
1533 5423 1573 5479 et
1591 5406 1752 5481 videant
