3684 5920
258 276 312 335 652³
882 277 1019 338 Soeculo
1037 277 1121 338 XIX

339 469 534 543 Secundus
562 495 610 544 ex
638 470 801 544 Secretis
823 470 869 545 D.
892 471 1059 544 Thomas
1078 470 1239 555 Galassi,
1262 472 1469 557 Romanus,
1484 471 1621 546 aetatis
1639 495 1741 545 anno·

259 619 339 666 rum
368 595 499 692 viginti
526 612 684 690 septem,
715 595 808 668 luris
838 595 1046 689 Utriusque
1074 596 1218 669 doctor.

337 717 584 820 (Rescriptum
612 720 756 818 Rotae).
788 719 859 793 Die
890 726 911 792 6
942 719 1030 792 Maii
1057 723 1174 812 1842:
1207 718 1333 793 Dilata
1359 720 1408 794 ad
1437 721 1658 815 proximam.

340 845 411 916 Die
441 868 463 934 9
493 844 596 918 maii:
627 845 758 918 furono
786 845 983 940 approvati
1011 868 1086 918 non
1105 870 1216 918 senza
1237 845 1328 940 perh
1347 844 1492 942 grande
1511 846 1676 918 esitanza
1693 845 1743 918 del

257 968 471 1054 Tribunale,
501 968 730 1043 ritenendosi
759 969 827 1041 che
860 967 982 1044 l'Avv.
1014 969 1246 1044 Scaramucci
1283 995 1356 1043 non
1394 969 1505 1045 abbia
1542 969 1577 1042 la
1614 970 1745 1064 pratica

259 1095 487 1168 necessaria:
504 1177 515 1209 ι

949 1355 1039 1434 550.

258 1519 352 1590 Pius
379 1545 428 1591 cx
456 1517 735 1592 Marchionibus
765 1515 984 1616 Capram'ca,
1007 1517 1183 1604 sacrans,
1197 1520 1292 1616 petit
1308 1546 1345 1592 se
1363 1520 1404 1592 in
1422 1543 1617 1594 numerum
1636 1519 1745 1593 Advo-

337 1653 501 1716 catorum
528 1644 700 1740 cooptari.

336 1801 452 1872 (Anca.
470 1798 557 1872 Ros„
582 1797 753 1872 ‹Capsuta
771 1797 800 1856 A
814 1798 849 1869 »).

1407 1921 1485 1995 18⁴2,
1503 1922 1602 1994 iunio,
1620 1923 1745 1981 Romae.

258 2073 384 2168 (inlus)
575 2068 790 2142 Eccellenza
819 2069 1158 2143 Reverendissima.

338 2231 401 2302 Pio
430 2230 490 2304 dei
518 2229 704 2303 Marchesi
735 2228 943 2325 Capranica
972 2230 1160 2304 Laureato
1194 2229 1356 2303 nell'una
1384 2256 1405 2302 e
1434 2228 1616 2302 nell’altra
1643 2228 1748 2328 legge

259 2357 423 2429 Oratore
458 2354 676 2428 umilissimo
711 2353 927 2428 dell'Eccza
955 2353 1001 2428 V.
1032 2356 1188 2440 Revrha,
1219 2369 1577 2449 ossequentemente
1614 2379 1746 2449 espone

257 2482 325 2554 che
353 2480 402 2553 da
429 2479 503 2552 due
531 2479 618 2554 anni
631 2505 667 2604 ’a
695 2496 832 2575 questa
860 2495 968 2576 parte
997 2482 1044 2553 ha
1072 2480 1217 2554 l'onore
1237 2479 1274 2553 di
1293 2496 1546 2576 appartenere
1565 2479 1600 2553 al
1619 2478 1657 2554 S.
1676 2479 1743 2552 Tri·

256 2604 391 2680 bunale
420 2602 518 2677 della
546 2602 585 2678 S.
617 2605 727 2690 Rota,
758 2603 922 2678 essendo
950 2619 1099 2678 entrato
1137 2601 1341 2702 nell’aprile
1369 2602 1557 2678 dell'anno
1594 2607 1688 2696 1840
1714 2602 1745 2674 in

258 2729 462 2824 qualitadi
491 2745 592 2804 terzo
622 2728 777 2802 Secreto
805 2753 940 2824 presso
969 2729 1092 2803 l'Emo
1122 2729 1232 2802 Corsi
1251 2729 1261 2763 ¹
1283 2729 1453 2827 equindi
1473 2728 1532 2802 nel
1552 2731 1747 2802 novembre

256 2854 356 2926 dello
384 2869 510 2926 stesso
527 2877 628 2926 anno
656 2868 813 2949 passato
841 2853 877 2924 in
905 2850 1045 2948 quatita
1064 2853 1101 2926 di
1121 2855 1288 2928 secondo
1306 2853 1469 2951 Segreto
1488 2877 1624 2949 presso
1652 2852 1748 2924 Mon-

259 2979 328 3074 sig.
361 2978 408 3050 D.
439 2977 568 3072 Pietro
594 2977 654 3050 De
683 2975 826 3063 Avellt,
858 2977 1028 3074 supplica
1056 2978 1182 3072 quindi
1211 2977 1358 3054 l'Eccza
1378 2977 1423 3052 V.
1446 2979 1542 3050 Rma
1570 3003 1593 3050 a
1620 2975 1745 3048 volersi

256 3105 424 3199 degnare
452 3102 488 3175 di
516 3100 729 3199 conierirgli
760 3102 784 3174 il
822 3126 933 3176 nome
962 3103 999 3176 di
1027 3103 1224 3178 Avvocato
1261 3129 1284 3176 a
1321 3127 1451 3176 norma
1488 3101 1550 3176 dei
1586 3097 1745 3197 privilegi

259 3227 395 3300 Rotali.
427 3225 508 3298 Che
537 3250 613 3298 ecc.

339 3351 394 3449 (in
422 3347 547 3452 dorso)
576 3349 740 3448 Cognita
769 3349 939 3423 doctrina
966 3371 1010 3422 ac
1037 3348 1072 3420 in
1101 3348 1181 3421 iure
1200 3349 1335 3444 peritia
1353 3348 1444 3423 lumi
1463 3349 1499 3421 d.
1522 3349 1574 3420 Pii
1593 3347 1640 3421 de
1660 3350 1745 3420 Mar-

258 3477 449 3550 chionibus
479 3474 687 3570 Capranica
723 3499 746 3547 a
783 3475 938 3547 secretis
977 3475 1135 3570 primum
1174 3471 1466 3548 Eminentissimi
1504 3473 1564 3546 De
1599 3472 1745 3556 Corsis,

257 3601 371 3676 modo
401 3601 445 3674 R.
476 3601 513 3674 P.
548 3599 593 3673 D.
629 3599 686 3672 D'e
717 3597 860 3686 Avelih,
892 3601 939 3670 de
966 3599 1101 3672 eodem
1129 3599 1382 3672 testimonium
1421 3598 1596 3696 religiose
1633 3599 1745 3672 dicen-

258 3728 360 3810 tium,
383 3751 529 3799 sacrum
559 3726 682 3798 Rotae
712 3723 902 3809 Tribunai,
923 3725 980 3796 cui
1010 3724 1149 3820 pariter
1177 3738 1377 3819 perspecta
1396 3723 1464 3796 fuit
1482 3725 1644 3798 oratoris
1663 3725 1745 3796 inte·

258 3852 376 3949 gritas
404 3873 448 3922 ac
476 3849 677 3946 ingenium,
698 3848 798 3921 illum
828 3850 862 3921 in
892 3847 1072 3922 hodierna
1100 3848 1289 3922 audientia
1313 3847 1431 3945 plenis
1452 3849 1639 3946 suffragiis
1661 3849 1745 3921 Albo

257 3977 542 4048 Advocatorum
572 3975 766 4047 Romanae
787 3973 923 4046 Curiae
950 3973 1118 4047 adiunxit
1145 3989 1184 4047 et
1212 3999 1281 4068 pro
1301 3975 1500 4047 Advocato
1518 3974 1568 4047 ab
1585 3975 1745 4046 omnibus

257 4100 359 4172 iuxta
396 4121 442 4168 ea
473 4121 572 4192 quae
607 4124 631 4172 a
669 4096 946 4172 Constitutione
985 4097 1086 4172 Pauli
1116 4097 1149 4167 V
1177 4097 1237 4173 fel.
1273 4098 1542 4172 recordationis
1579 4094 1743 4196 praescri·

134 4211 139 4224 ’
259 4226 407 4305 buntur,
439 4221 567 4294 haberi
600 4222 767 4295 decrevit
800 4236 840 4296 et
877 4223 1080 4298 mandavit.
1110 4267 1137 4278 -
1166 4222 1308 4295 Datum
1339 4223 1482 4295 Romae
1510 4247 1559 4295 ex
1586 4221 1743 4294 Aedibus

259 4347 399 4421 nostris
428 4347 496 4419 hac
524 4347 584 4420 die
612 4347 700 4420 iunii
726 4351 836 4440 1842.

956 4492 1092 4587 loseph
1123 4489 1292 4577 Bosondi,
1324 4491 1361 4565 S.
1388 4491 1511 4564 Rotae
1541 4481 1740 4564 Decanus.²

340 4737 349 4772 ¹
368 4735 505 4796 Cosmas
522 4736 563 4795 de
580 4733 715 4794 Cursiis.

337 4825 348 4861 ²
361 4825 462 4884 Anno
476 4824 544 4884 1846
558 4825 745 4884 Advocatus
758 4823 835 4884 Pius
847 4841 888 4884 ex
900 4825 1022 4884 March.
1036 4825 1216 4900 Capranica
1228 4833 1413 4900 assumptus
1426 4824 1484 4884 fuit
1494 4825 1529 4884 in
1541 4823 1641 4885 Studii
1651 4819 1739 4881 Adiu-

259 4923 363 4974 torem
382 4930 402 4973 a
420 4914 458 4973 R.
478 4913 511 4972 Ρ.
531 4913 568 4972 D.
587 4913 698 4973 lsoard
716 4913 826 4986 (Liber
845 4913 875 4974 S.
895 4914 997 4974 Rotae
1016 4931 1046 4973 n.
1065 4915 1090 4990 t,
1110 4915 1164 4974 die
1180 4915 1217 4974 20
1235 4915 1362 4988 Aprilis
1382 4915 1469 4985 1486).
