3748 5914
14 5319 16 5356 l

744 301 936 362 Alexandro
961 301 1005 361 VI
1567 297 1619 358 241

113 491 234 578 modi,
270 507 348 566 tam
384 491 457 589 ipsi
492 517 606 590 quarn
641 514 710 590 pro
744 492 799 566 eis
835 491 1021 590 premissa
1057 508 1299 588 exequentes,
1331 505 1371 566 et
1401 516 1533 566 omnes
1560 491 1620 566 alii

111 616 335 711 supradicti,
356 617 603 714 depositionis
621 643 644 691 a
663 616 859 715 dignitate,
880 617 1033 704 honore,
1054 616 1197 703 ordine,
1217 615 1339 690 officio
1367 631 1406 690 et
1427 615 1618 697 beneficio.

112 765 163 814 ac
190 739 270 816 lese
298 743 505 817 maiestatis
533 740 695 816 criminis
719 743 926 817 sententias
945 743 1134 816 incurrant
1161 741 1245 838 ipso
1273 741 1382 829 facto,
1412 765 1620 838 eorumque
1726 753 1729 760 '

114 865 241 940 officia
268 867 381 941 etiam
409 867 579 942 eiusdem
608 867 780 943 Romane
800 866 914 940 Curie
932 883 972 942 et
998 866 1177 941 beneficia
1195 890 1433 963 quecumque
1451 887 1499 941 ex
1518 882 1617 953 tunc,

63 983 68 992 ’
115 989 203 1084 ipso
231 990 322 1078 iure,
343 1017 478 1066 vacare
505 991 750 1078 decernimus,
774 1007 813 1066 et
839 1016 916 1088 que
945 993 1003 1090 (ut
1020 991 1262 1088 premittitur)
1291 1007 1468 1064 vacatura
1492 1010 1620 1067 nostre

114 1131 158 1188 et
176 1115 287 1189 Sedis
305 1118 475 1212 predicte
494 1115 682 1192 collationi
699 1131 740 1190 et
756 1116 992 1214 dispositioni
1014 1117 1063 1190 de
1091 1115 1200 1190 simili
1226 1116 1381 1190 fratrum
1401 1118 1619 1190 eorumdem

115 1239 273 1316 consilio
300 1265 549 1318 reservamus.

198 1364 427 1454 inhibentes,
448 1391 495 1440 ne
521 1366 617 1462 quis,
647 1381 778 1462 preter
805 1366 1019 1442 Romanum
1047 1365 1273 1454 Pontificem,
1305 1389 1543 1463 quacumque
1571 1368 1621 1442 sit

116 1515 237 1587 super
254 1490 325 1565 hoc
343 1491 568 1566 auctoritate
587 1491 762 1578 munitus,
785 1490 833 1566 de
853 1488 922 1563 illis
940 1491 1143 1588 disponere
1162 1489 1221 1566 vel
1240 1492 1336 1566 circa
1353 1490 1416 1564 illa
1435 1517 1503 1588 per
1522 1491 1619 1565 viam

116 1614 416 1710 permutationis,
447 1631 514 1689 aut
541 1614 644 1704 alias,
676 1617 856 1691 innovare
882 1617 1155 1712 quoquomodo
1181 1631 1388 1712 presumat,
1418 1642 1462 1691 ac
1489 1615 1620 1692 decer·

118 1754 255 1813 nentes
273 1765 321 1814 ex
349 1765 445 1814 nunc
464 1740 607 1814 irritum
626 1757 666 1815 et
684 1742 791 1816 inane
810 1739 841 1814 si
870 1765 980 1814 secus
1001 1765 1116 1838 super
1134 1739 1192 1814 his
1220 1764 1244 1814 a
1262 1765 1466 1838 quoquam,
1487 1743 1620 1839 quavis

116 1865 345 1939 auctoritate
373 1864 535 1940 scienter
560 1865 620 1939 vel
657 1867 875 1964 ignoranter
910 1866 1113 1963 contigerit
1138 1866 1366 1962 attemptari,
1397 1864 1513 1941 libere
1538 1867 1620 1941 aliis

118 2012 187 2085 per
219 2012 290 2062 nos
317 2005 356 2064 et
374 1988 513 2064 Sedem
543 1989 749 2087 predictam
773 1990 957 2064 duntaxat
984 1989 1232 2074 conferantur,
1264 1989 1415 2087 sintque
1441 1990 1555 2064 etiam
1582 1991 1619 2064 in

117 2112 200 2186 suis
229 2115 337 2189 bonis
365 2114 538 2189 omnibus
566 2140 589 2188 a
611 2115 755 2190 cunctis
782 2130 968 2213 perpetuo
987 2114 1141 2188 diffidati
1169 2113 1404 2188 nihilominus
1421 2130 1461 2189 et
1479 2115 1621 2189 banniti
1675 2209 1678 2218 ,

116 2263 160 2311 ac
189 2239 347 2314 infames
374 2255 413 2313 et
440 2238 620 2314 inhabiles
649 2239 868 2314 habeantur.
891 2239 940 2315 Et
968 2253 1170 2337 postquam
1199 2237 1453 2338 probabilibus
1481 2242 1620 2314 consti-

117 2361 205 2436 terit
224 2365 467 2463 argumentis,
488 2361 655 2461 aliquem
676 2363 797 2440 scelus
818 2381 893 2438 tam
913 2364 1123 2439 execrabile
1142 2364 1385 2450 commisisse,
1408 2363 1620 2438 nullatenus

116 2485 190 2561 alia
230 2490 636 2574 excommunicationis,
676 2490 937 2576 anathematis,
976 2489 1199 2576 amissionis,
1231 2471 1619 2588 exiliisdepositionis

117 2637 184 2687 seu
215 2612 454 2690 diffidationis
481 2631 521 2689 et
548 2615 659 2689 banni
692 2612 904 2688 huiusmodi
938 2615 1123 2688 adversus
1160 2639 1246 2687 eum
1275 2613 1462 2688 sententia
1493 2614 1618 2711 requi-

118 2753 235 2812 ratur.

197 2861 249 2936 Et
277 2877 318 2936 ut
347 2861 418 2960 ipsi
446 2864 573 2937 nefarii
602 2881 887 2960 presumptores
914 2887 959 2936 ac
977 2862 1173 2937 facinorosi
1200 2861 1370 2937 homines
1393 2881 1510 2938 atam
1529 2889 1618 2938 exe-

115 2987 243 3062 crabili
264 2986 407 3062 scelere
435 2987 577 3063 facilius
604 3003 643 3063 et
671 2986 903 3085 frequentius
923 2985 1181 3085 reprimantur,
1202 2988 1376 3062 omnibus
1405 3002 1444 3062 et
1462 2987 1617 3088 singulis

114 3111 378 3187 ecclesiasticis
406 3111 712 3209 secularibusque
748 3111 918 3210 personis
954 3113 1067 3187 etiam
1106 3111 1374 3208 cuiuscumque
1410 3112 1616 3211 dignitatis,

116 3253 254 3324 status,
282 3235 437 3336 gradus,
466 3237 607 3312 ordinis
635 3236 694 3310 vel
722 3237 944 3312 conditionis
964 3236 1138 3323 existant,
1161 3237 1197 3310 in
1226 3238 1363 3311 virtute
1383 3253 1513 3313 sancte
1531 3237 1618 3311 obe·

115 3360 255 3434 dientie
282 3377 322 3434 et
350 3362 421 3435 sub
448 3360 557 3435 simili
575 3361 970 3435 excommunicationis
998 3375 1038 3434 et
1064 3361 1314 3434 anathematis
1336 3361 1412 3435 late
1431 3361 1617 3436 sententie

115 3509 226 3582 pena,
256 3511 280 3559 a
305 3510 383 3582 qua
409 3485 555 3560 nonnisi
583 3500 626 3559 ut
651 3485 880 3582 premittitur
906 3485 1053 3559 absolvi
1080 3487 1237 3582 possint,
1273 3485 1476 3561 districtius
1504 3486 1616 3560 iniun-

115 3611 253 3708 gimus,
284 3624 327 3684 ut
352 3635 421 3684 eos
448 3635 580 3685 omnes
608 3634 707 3706 quos
735 3611 920 3707 premissa
947 3609 1177 3684 commisisse
1210 3610 1269 3684 vel
1298 3635 1532 3708 procurasse,
1552 3629 1619 3686 aut

116 3736 152 3808 in
187 3759 234 3809 ea
260 3733 489 3811 mediatores
517 3715 604 3810 esse
632 3735 817 3822 sciverint,
848 3736 1024 3809 Romano
1052 3733 1217 3809 Pontifici
1245 3759 1315 3831 pro
1342 3751 1515 3832 ternpore
1542 3737 1619 3810 exi-

116 3863 245 3946 stenti,
278 3860 338 3936 vel
366 3861 473 3935 alteri
500 3886 569 3960 per
601 3885 713 3957 quem
740 3861 789 3936 ad
818 3861 899 3934 eius
928 3859 1098 3934 notitiam
1128 3860 1250 3957 possit
1276 3859 1383 3936 facile
1410 3861 1618 3958 pervenire,

115 4011 187 4083 per
214 4013 256 4060 se
293 3985 352 4061 vel
387 3987 482 4060 alios
515 3986 738 4082 quantocius
767 3984 933 4060 revelare
962 4009 1037 4058 non
1070 3985 1255 4069 omittant,
1285 4009 1355 4082 pro
1392 3983 1620 4060 revelatione

115 4113 331 4187 huiusmodi
356 4113 528 4210 gratiam,
558 4128 609 4198 et,
639 4111 670 4186 si
698 4112 899 4208 complices
926 4111 1074 4197 fuerint,
1103 4111 1250 4185 veniam
1278 4113 1556 4209 consequuturi.

199 4237 287 4311 Nou
327 4237 564 4312 obstantibus
604 4235 932 4310 constitutionibus
973 4251 1012 4309 et
1053 4233 1349 4310 ordinationibus
1391 4233 1622 4334 Apostolicis

116 4385 264 4437 necnon
302 4361 474 4435 omnibus
511 4361 581 4434 illis
617 4383 693 4456 que
729 4359 865 4457 prefati
901 4359 1195 4456 predecessores
1223 4360 1259 4435 in
1295 4359 1386 4448 suis,
1415 4375 1455 4434 et
1487 4382 1558 4432 nos
1585 4359 1623 4431 in

115 4488 259 4562 nostris
296 4485 412 4559 literis
448 4483 639 4582 predictis,
669 4484 855 4560 voluimus
884 4509 959 4558 non
989 4487 1154 4570 obstare,
1183 4487 1396 4583 ceterisque
1424 4483 1622 4558 contrariis

115 4611 432 4710 quibuscumque.

199 4737 256 4812 Ut
282 4753 409 4812 autem
437 4752 635 4833 presentes
662 4735 713 4808 ad
740 4759 976 4810 communem
995 4737 1160 4810 omnium
1180 4735 1349 4812 notitiam
1374 4735 1619 4821 deducantur,

115 4863 294 4938 volumus
321 4877 360 4936 et
382 4861 615 4948 mandamus,
637 4858 719 4934 illas
737 4860 774 4933 in
795 4858 1029 4935 Cancellaria
1048 4860 1257 4956 apostolica
1275 4877 1314 4936 et
1332 4859 1522 4936 audientia
1540 4859 1623 4933 lite-

116 5012 244 5064 rarum
282 4987 607 5071 contradictarum,
638 5009 735 5082 quas
762 5009 810 5058 ex
838 4999 927 5058 tunc
955 5009 1216 5083 quoscumque
1234 4985 1351 5084 ligare
1371 4983 1619 5072 decernimus,

198 5127 238 5186 et
275 5111 411 5186 deinde
442 5109 599 5210 singulis
626 5109 744 5196 annis,
774 5109 893 5206 prima
929 5108 990 5184 die
1018 5133 1093 5206 qua
1120 5133 1189 5206 per
1216 5109 1384 5206 prelatos
1411 5107 1619 5184 Auditores

15 5291 16 5302 ,
111 5255 155 5313 et
184 5238 460 5312 Locateuentes
478 5233 666 5341 audientia
692 5248 851 5320 tenetur,
882 5234 918 5306 in
946 5233 1030 5308 loco
1057 5235 1156 5309 dicte
1181 5233 1370 5309 audientie
1399 5233 1589 5331 publicari,

196 5362 300 5437 etin
329 5361 427 5436 dicta
455 5359 686 5435 Cancellaria
712 5361 808 5435 inter
835 5358 929 5434 alias
958 5360 1272 5458 Extravagantes,

1473 5547 1503 5584 Η
