<?xml version="1.0" encoding="UTF-8"?>
<!DOCTYPE html PUBLIC "-//W3C//DTD XHTML 1.0 Transitional//EN"
    "http://www.w3.org/TR/xhtml1/DTD/xhtml1-transitional.dtd">
<html xmlns="http://www.w3.org/1999/xhtml" xml:lang="en" lang="en">
 <head>
  <title>
</title>
<meta http-equiv="Content-Type" content="text/html;charset=utf-8" />
  <meta name='ocr-system' content='tesseract 3.04.00' />
  <meta name='ocr-capabilities' content='ocr_page ocr_carea ocr_par ocr_line ocrx_word'/>
</head>
<body>
  <div class='ocr_page' id='page_1' title='image "./capellanipapaee00cercgoog_0163.png"; bbox 0 0 3708 5918; ppageno 0'>
   <div class='ocr_carea' id='block_1_1' title="bbox 781 265 1625 366">
    <p class='ocr_par' dir='ltr' id='par_1_1' title="bbox 781 265 1625 366">
     <span class='ocr_line' id='line_1_1' title="bbox 781 265 1625 366; baseline -0.006 -36"><span class='ocrx_word' id='word_1_1' title='bbox 781 269 928 330; x_wconf 76' lang='lat' dir='ltr'>Martino</span> <span class='ocrx_word' id='word_1_2' title='bbox 955 270 984 330; x_wconf 87' lang='lat' dir='ltr'><em>V</em></span> <span class='ocrx_word' id='word_1_3' title='bbox 1093 357 1098 366; x_wconf 30' lang='grc' dir='ltr'>ι</span> <span class='ocrx_word' id='word_1_4' title='bbox 1573 265 1625 326; x_wconf 83' lang='grc'>119</span> 
     </span>
    </p>
   </div>
   <div class='ocr_carea' id='block_1_2' title="bbox 125 477 1628 1201">
    <p class='ocr_par' dir='ltr' id='par_1_2' title="bbox 125 477 1628 1201">
     <span class='ocr_line' id='line_1_2' title="bbox 126 477 1624 574; baseline -0.001 -23"><span class='ocrx_word' id='word_1_5' title='bbox 126 477 279 552; x_wconf 89' lang='lat' dir='ltr'>testium</span> <span class='ocrx_word' id='word_1_6' title='bbox 308 477 639 574; x_wconf 79' lang='lat' dir='ltr'>infrascriptorum,</span> <span class='ocrx_word' id='word_1_7' title='bbox 661 477 846 554; x_wconf 79' lang='lat' dir='ltr'>lohannes</span> <span class='ocrx_word' id='word_1_8' title='bbox 873 479 922 554; x_wconf 87' lang='lat' dir='ltr'>de</span> <span class='ocrx_word' id='word_1_9' title='bbox 950 479 1043 567; x_wconf 90' lang='lat' dir='ltr'>Ede,</span> <span class='ocrx_word' id='word_1_10' title='bbox 1066 479 1211 555; x_wconf 85' lang='lat' dir='ltr'>Cursor</span> <span class='ocrx_word' id='word_1_11' title='bbox 1228 478 1368 554; x_wconf 91' lang='lat' dir='ltr'>domini</span> <span class='ocrx_word' id='word_1_12' title='bbox 1388 477 1507 552; x_wconf 87' lang='lat' dir='ltr'>nostri</span> <span class='ocrx_word' id='word_1_13' title='bbox 1525 499 1624 573; x_wconf 90' lang='lat' dir='ltr'>pape</span> 
     </span>
     <span class='ocr_line' id='line_1_3' title="bbox 127 600 1625 703; baseline -0.001 -25"><span class='ocrx_word' id='word_1_14' title='bbox 127 620 166 678; x_wconf 90' lang='lat' dir='ltr'>et</span> <span class='ocrx_word' id='word_1_15' title='bbox 184 600 357 678; x_wconf 87' lang='lat' dir='ltr'>bedellus</span> <span class='ocrx_word' id='word_1_16' title='bbox 377 602 625 678; x_wconf 91' lang='lat' dir='ltr'>Dominorum</span> <span class='ocrx_word' id='word_1_17' title='bbox 646 604 885 692; x_wconf 83' lang='lat' dir='ltr'>Auditorum,</span> <span class='ocrx_word' id='word_1_18' title='bbox 906 629 979 693; x_wconf 86' lang='lat' dir='ltr'>res,</span> <span class='ocrx_word' id='word_1_19' title='bbox 997 621 1134 703; x_wconf 89' lang='lat' dir='ltr'>sponte</span> <span class='ocrx_word' id='word_1_20' title='bbox 1153 621 1193 680; x_wconf 92' lang='lat' dir='ltr'>et</span> <span class='ocrx_word' id='word_1_21' title='bbox 1210 605 1338 689; x_wconf 86' lang='lat' dir='ltr'>libere,</span> <span class='ocrx_word' id='word_1_22' title='bbox 1354 601 1502 700; x_wconf 89' lang='lat' dir='ltr'>publice</span> <span class='ocrx_word' id='word_1_23' title='bbox 1521 625 1625 677; x_wconf 88' lang='lat' dir='ltr'>reco-</span> 
     </span>
     <span class='ocr_line' id='line_1_4' title="bbox 125 727 1624 828; baseline -0.001 -26"><span class='ocrx_word' id='word_1_24' title='bbox 125 729 257 828; x_wconf 89' lang='lat' dir='ltr'>gnovit</span> <span class='ocrx_word' id='word_1_25' title='bbox 286 727 356 802; x_wconf 85' lang='lat' dir='ltr'>sibi</span> <span class='ocrx_word' id='word_1_26' title='bbox 384 728 598 826; x_wconf 85' lang='lat' dir='ltr'>assignatas</span> <span class='ocrx_word' id='word_1_27' title='bbox 626 753 712 804; x_wconf 88' lang='lat' dir='ltr'>esse</span> <span class='ocrx_word' id='word_1_28' title='bbox 731 755 779 804; x_wconf 90' lang='lat' dir='ltr'>ex</span> <span class='ocrx_word' id='word_1_29' title='bbox 797 745 906 827; x_wconf 86' lang='lat' dir='ltr'>parte</span> <span class='ocrx_word' id='word_1_30' title='bbox 925 729 1109 806; x_wconf 90' lang='lat' dir='ltr'>dictorum</span> <span class='ocrx_word' id='word_1_31' title='bbox 1129 731 1377 806; x_wconf 92' lang='lat' dir='ltr'>Dominorum</span> <span class='ocrx_word' id='word_1_32' title='bbox 1397 729 1624 804; x_wconf 80' lang='lat' dir='ltr'>Auditorum</span> 
     </span>
     <span class='ocr_line' id='line_1_5' title="bbox 126 849 1627 951; baseline 0.001 -24"><span class='ocrx_word' id='word_1_33' title='bbox 126 877 170 928; x_wconf 88' lang='lat' dir='ltr'>ac</span> <span class='ocrx_word' id='word_1_34' title='bbox 198 879 241 928; x_wconf 92' lang='lat' dir='ltr'>se</span> <span class='ocrx_word' id='word_1_35' title='bbox 268 853 409 928; x_wconf 89' lang='lat' dir='ltr'>habere</span> <span class='ocrx_word' id='word_1_36' title='bbox 436 869 477 928; x_wconf 91' lang='lat' dir='ltr'>et</span> <span class='ocrx_word' id='word_1_37' title='bbox 503 869 632 929; x_wconf 87' lang='lat' dir='ltr'>tenere</span> <span class='ocrx_word' id='word_1_38' title='bbox 660 855 697 928; x_wconf 91' lang='lat' dir='ltr'>in</span> <span class='ocrx_word' id='word_1_39' title='bbox 726 853 898 934; x_wconf 88' lang='lat' dir='ltr'>custodia</span> <span class='ocrx_word' id='word_1_40' title='bbox 925 849 965 929; x_wconf 84' lang='lat' dir='ltr'>et</span> <span class='ocrx_word' id='word_1_41' title='bbox 992 879 1081 929; x_wconf 90' lang='lat' dir='ltr'>cura</span> <span class='ocrx_word' id='word_1_42' title='bbox 1107 881 1177 930; x_wconf 93' lang='lat' dir='ltr'>sua</span> <span class='ocrx_word' id='word_1_43' title='bbox 1195 870 1349 930; x_wconf 90' lang='lat' dir='ltr'>cunctas</span> <span class='ocrx_word' id='word_1_44' title='bbox 1375 855 1432 951; x_wconf 84' lang='lat'>(?)</span> <span class='ocrx_word' id='word_1_45' title='bbox 1459 877 1521 927; x_wconf 90' lang='lat' dir='ltr'>res</span> <span class='ocrx_word' id='word_1_46' title='bbox 1533 877 1627 948; x_wconf 32' lang='lat' dir='ltr'>,spe-</span> 
     </span>
     <span class='ocr_line' id='line_1_6' title="bbox 126 977 1628 1076; baseline -0.001 -23"><span class='ocrx_word' id='word_1_47' title='bbox 126 995 274 1054; x_wconf 87' lang='lat' dir='ltr'>etantes</span> <span class='ocrx_word' id='word_1_48' title='bbox 301 977 351 1053; x_wconf 90' lang='lat' dir='ltr'>ad</span> <span class='ocrx_word' id='word_1_49' title='bbox 380 977 573 1075; x_wconf 87' lang='lat' dir='ltr'>Capellam</span> <span class='ocrx_word' id='word_1_50' title='bbox 602 979 786 1054; x_wconf 91' lang='lat' dir='ltr'>dictorum</span> <span class='ocrx_word' id='word_1_51' title='bbox 817 979 1064 1056; x_wconf 74' lang='lat' dir='ltr'>Domitiorum</span> <span class='ocrx_word' id='word_1_52' title='bbox 1091 980 1329 1066; x_wconf 84' lang='lat' dir='ltr'>Auditorum,</span> <span class='ocrx_word' id='word_1_53' title='bbox 1352 978 1571 1076; x_wconf 87' lang='lat' dir='ltr'>designatas</span> <span class='ocrx_word' id='word_1_54' title='bbox 1588 992 1628 1052; x_wconf 87' lang='lat' dir='ltr'>et</span> 
     </span>
     <span class='ocr_line' id='line_1_7' title="bbox 127 1101 1627 1201; baseline 0 -25"><span class='ocrx_word' id='word_1_55' title='bbox 127 1103 360 1199; x_wconf 87' lang='lat' dir='ltr'>conscriptas</span> <span class='ocrx_word' id='word_1_56' title='bbox 388 1104 424 1177; x_wconf 93' lang='lat' dir='ltr'>in</span> <span class='ocrx_word' id='word_1_57' title='bbox 451 1101 583 1178; x_wconf 90' lang='lat' dir='ltr'>cedula</span> <span class='ocrx_word' id='word_1_58' title='bbox 610 1105 855 1200; x_wconf 88' lang='lat' dir='ltr'>retroscripta</span> <span class='ocrx_word' id='word_1_59' title='bbox 882 1127 996 1201; x_wconf 86' lang='lat' dir='ltr'>quam</span> <span class='ocrx_word' id='word_1_60' title='bbox 1025 1119 1113 1178; x_wconf 92' lang='lat' dir='ltr'>tunc</span> <span class='ocrx_word' id='word_1_61' title='bbox 1131 1105 1167 1180; x_wconf 93' lang='lat' dir='ltr'>in</span> <span class='ocrx_word' id='word_1_62' title='bbox 1186 1103 1265 1178; x_wconf 89' lang='lat' dir='ltr'>suis</span> <span class='ocrx_word' id='word_1_63' title='bbox 1284 1104 1438 1180; x_wconf 85' lang='lat' dir='ltr'>tenebat</span> <span class='ocrx_word' id='word_1_64' title='bbox 1456 1101 1627 1178; x_wconf 88' lang='lat' dir='ltr'>manibus</span> 
     </span>
    </p>
   </div>
   <div class='ocr_carea' id='block_1_3' title="bbox 10 1227 1626 1326">
    <p class='ocr_par' dir='ltr' id='par_1_3' title="bbox 10 1227 1626 1326">
     <span class='ocr_line' id='line_1_8' title="bbox 10 1227 1626 1326; baseline -0.001 -24"><span class='ocrx_word' id='word_1_65' title='bbox 10 1297 11 1302; x_wconf 75' lang='grc'>,</span> <span class='ocrx_word' id='word_1_66' title='bbox 124 1247 165 1302; x_wconf 91' lang='lat' dir='ltr'>et</span> <span class='ocrx_word' id='word_1_67' title='bbox 193 1253 308 1326; x_wconf 90' lang='lat' dir='ltr'>quarn</span> <span class='ocrx_word' id='word_1_68' title='bbox 334 1227 426 1302; x_wconf 86' lang='lat' dir='ltr'>dixit</span> <span class='ocrx_word' id='word_1_69' title='bbox 453 1245 493 1303; x_wconf 88' lang='lat' dir='ltr'>et</span> <span class='ocrx_word' id='word_1_70' title='bbox 520 1229 715 1304; x_wconf 79' lang='lat' dir='ltr'>confessus</span> <span class='ocrx_word' id='word_1_71' title='bbox 743 1229 821 1317; x_wconf 83' lang='lat' dir='ltr'>luit,</span> <span class='ocrx_word' id='word_1_72' title='bbox 853 1255 895 1304; x_wconf 91' lang='lat' dir='ltr'>se</span> <span class='ocrx_word' id='word_1_73' title='bbox 932 1253 1045 1304; x_wconf 88' lang='lat' dir='ltr'>manu</span> <span class='ocrx_word' id='word_1_74' title='bbox 1078 1253 1147 1304; x_wconf 88' lang='lat' dir='ltr'>sua</span> <span class='ocrx_word' id='word_1_75' title='bbox 1174 1230 1328 1326; x_wconf 88' lang='lat' dir='ltr'>propria</span> <span class='ocrx_word' id='word_1_76' title='bbox 1356 1227 1626 1324; x_wconf 70' lang='lat' dir='ltr'>subscripsisse</span> 
     </span>
    </p>
   </div>
   <div class='ocr_carea' id='block_1_4' title="bbox 121 1352 1680 3446">
    <p class='ocr_par' dir='ltr' id='par_1_4' title="bbox 121 1352 1680 3198">
     <span class='ocr_line' id='line_1_9' title="bbox 125 1352 1624 1451; baseline -0.003 -23"><span class='ocrx_word' id='word_1_77' title='bbox 125 1368 166 1428; x_wconf 91' lang='lat' dir='ltr'>et</span> <span class='ocrx_word' id='word_1_78' title='bbox 191 1353 365 1450; x_wconf 88' lang='lat' dir='ltr'>promisit</span> <span class='ocrx_word' id='word_1_79' title='bbox 391 1352 472 1428; x_wconf 89' lang='lat' dir='ltr'>illas</span> <span class='ocrx_word' id='word_1_80' title='bbox 500 1353 659 1430; x_wconf 89' lang='lat' dir='ltr'>fideliter</span> <span class='ocrx_word' id='word_1_81' title='bbox 687 1379 838 1430; x_wconf 89' lang='lat' dir='ltr'>servare</span> <span class='ocrx_word' id='word_1_82' title='bbox 865 1371 905 1430; x_wconf 93' lang='lat' dir='ltr'>et</span> <span class='ocrx_word' id='word_1_83' title='bbox 932 1354 1122 1431; x_wconf 90' lang='lat' dir='ltr'>custodire</span> <span class='ocrx_word' id='word_1_84' title='bbox 1141 1353 1331 1451; x_wconf 86' lang='lat' dir='ltr'>usquead</span> <span class='ocrx_word' id='word_1_85' title='bbox 1350 1352 1624 1450; x_wconf 88' lang='lat' dir='ltr'>beneplacitum</span> 
     </span>
     <span class='ocr_line' id='line_1_10' title="bbox 125 1474 1624 1577; baseline 0 -25"><span class='ocrx_word' id='word_1_86' title='bbox 125 1479 334 1553; x_wconf 88' lang='lat' dir='ltr'>eorundem</span> <span class='ocrx_word' id='word_1_87' title='bbox 362 1479 611 1556; x_wconf 90' lang='lat' dir='ltr'>Dominorum</span> <span class='ocrx_word' id='word_1_88' title='bbox 638 1480 866 1556; x_wconf 85' lang='lat' dir='ltr'>Auditorum</span> <span class='ocrx_word' id='word_1_89' title='bbox 908 1497 948 1555; x_wconf 93' lang='lat' dir='ltr'>et</span> <span class='ocrx_word' id='word_1_90' title='bbox 987 1480 1037 1554; x_wconf 91' lang='lat' dir='ltr'>ad</span> <span class='ocrx_word' id='word_1_91' title='bbox 1073 1480 1349 1577; x_wconf 86' lang='lat' dir='ltr'>inquisitionem</span> <span class='ocrx_word' id='word_1_92' title='bbox 1385 1494 1426 1554; x_wconf 90' lang='lat' dir='ltr'>et</span> <span class='ocrx_word' id='word_1_93' title='bbox 1455 1474 1624 1575; x_wconf 89' lang='lat' dir='ltr'>postula·</span> 
     </span>
     <span class='ocr_line' id='line_1_11' title="bbox 125 1601 1623 1704; baseline -0.002 -26"><span class='ocrx_word' id='word_1_94' title='bbox 125 1606 266 1678; x_wconf 92' lang='lat' dir='ltr'>tionem</span> <span class='ocrx_word' id='word_1_95' title='bbox 293 1629 425 1680; x_wconf 88' lang='lat' dir='ltr'>eorum</span> <span class='ocrx_word' id='word_1_96' title='bbox 453 1606 508 1678; x_wconf 91' lang='lat' dir='ltr'>eis</span> <span class='ocrx_word' id='word_1_97' title='bbox 528 1606 725 1681; x_wconf 76' lang='lat' dir='ltr'>restituere</span> <span class='ocrx_word' id='word_1_98' title='bbox 743 1603 908 1681; x_wconf 87' lang='lat' dir='ltr'>indilate.</span> <span class='ocrx_word' id='word_1_99' title='bbox 924 1604 1049 1704; x_wconf 89' lang='lat' dir='ltr'>Super</span> <span class='ocrx_word' id='word_1_100' title='bbox 1067 1605 1203 1702; x_wconf 89' lang='lat' dir='ltr'>quibus</span> <span class='ocrx_word' id='word_1_101' title='bbox 1223 1604 1295 1701; x_wconf 92' lang='lat' dir='ltr'>ipsi</span> <span class='ocrx_word' id='word_1_102' title='bbox 1315 1603 1477 1691; x_wconf 87' lang='lat' dir='ltr'>Domini,</span> <span class='ocrx_word' id='word_1_103' title='bbox 1500 1601 1623 1678; x_wconf 85' lang='lat' dir='ltr'>Gemi·</span> 
     </span>
     <span class='ocr_line' id='line_1_12' title="bbox 127 1724 1625 1827; baseline 0 -27"><span class='ocrx_word' id='word_1_104' title='bbox 127 1729 261 1802; x_wconf 90' lang='lat' dir='ltr'>nianus</span> <span class='ocrx_word' id='word_1_105' title='bbox 288 1743 329 1802; x_wconf 89' lang='lat' dir='ltr'>et</span> <span class='ocrx_word' id='word_1_106' title='bbox 354 1727 549 1814; x_wconf 89' lang='lat' dir='ltr'>lohannes,</span> <span class='ocrx_word' id='word_1_107' title='bbox 571 1729 788 1815; x_wconf 90' lang='lat' dir='ltr'>Auditores,</span> <span class='ocrx_word' id='word_1_108' title='bbox 810 1753 880 1827; x_wconf 93' lang='lat' dir='ltr'>pro</span> <span class='ocrx_word' id='word_1_109' title='bbox 898 1745 1007 1826; x_wconf 85' lang='lat' dir='ltr'>parte</span> <span class='ocrx_word' id='word_1_110' title='bbox 1029 1729 1215 1804; x_wconf 89' lang='lat' dir='ltr'>dictorum</span> <span class='ocrx_word' id='word_1_111' title='bbox 1235 1727 1485 1804; x_wconf 90' lang='lat' dir='ltr'>Dominorum</span> <span class='ocrx_word' id='word_1_112' title='bbox 1503 1724 1625 1801; x_wconf 91' lang='lat' dir='ltr'>Audi·</span> 
     </span>
     <span class='ocr_line' id='line_1_13' title="bbox 126 1833 1622 1949; baseline 0 -23"><span class='ocrx_word' id='word_1_113' title='bbox 126 1870 252 1928; x_wconf 88' lang='lat' dir='ltr'>torum</span> <span class='ocrx_word' id='word_1_114' title='bbox 279 1833 528 1949; x_wconf 86' lang='lat' dir='ltr'>precaverunt</span> <span class='ocrx_word' id='word_1_115' title='bbox 562 1879 585 1926; x_wconf 90' lang='lat' dir='ltr'>a</span> <span class='ocrx_word' id='word_1_116' title='bbox 613 1879 674 1928; x_wconf 89' lang='lat' dir='ltr'>me</span> <span class='ocrx_word' id='word_1_117' title='bbox 710 1852 856 1928; x_wconf 89' lang='lat' dir='ltr'>notario</span> <span class='ocrx_word' id='word_1_118' title='bbox 892 1855 1194 1941; x_wconf 90' lang='lat' dir='ltr'>instrumentum,</span> <span class='ocrx_word' id='word_1_119' title='bbox 1218 1853 1459 1948; x_wconf 89' lang='lat' dir='ltr'>presentibus</span> <span class='ocrx_word' id='word_1_120' title='bbox 1487 1851 1622 1926; x_wconf 88' lang='lat' dir='ltr'>ibidem</span> 
     </span>
     <span class='ocr_line' id='line_1_14' title="bbox 126 1974 1623 2082; baseline -0.001 -30"><span class='ocrx_word' id='word_1_121' title='bbox 126 1979 318 2078; x_wconf 83' lang='lat' dir='ltr'>magistris</span> <span class='ocrx_word' id='word_1_122' title='bbox 336 1977 490 2052; x_wconf 89' lang='lat' dir='ltr'>henrico</span> <span class='ocrx_word' id='word_1_123' title='bbox 509 1975 573 2082; x_wconf 84' lang='lat'>(?)</span> <span class='ocrx_word' id='word_1_124' title='bbox 593 1977 714 2054; x_wconf 90' lang='lat' dir='ltr'>Eudel</span> <span class='ocrx_word' id='word_1_125' title='bbox 732 1993 772 2052; x_wconf 92' lang='lat' dir='ltr'>et</span> <span class='ocrx_word' id='word_1_126' title='bbox 791 1979 965 2054; x_wconf 87' lang='lat' dir='ltr'>Gerardo</span> <span class='ocrx_word' id='word_1_127' title='bbox 984 1980 1033 2055; x_wconf 87' lang='lat' dir='ltr'>de</span> <span class='ocrx_word' id='word_1_128' title='bbox 1051 1978 1282 2076; x_wconf 90' lang='lat' dir='ltr'>Wihompue</span> <span class='ocrx_word' id='word_1_129' title='bbox 1311 1979 1367 2077; x_wconf 85' lang='lat'>(?)</span> <span class='ocrx_word' id='word_1_130' title='bbox 1389 1977 1478 2052; x_wconf 90' lang='lat' dir='ltr'>dicti</span> <span class='ocrx_word' id='word_1_131' title='bbox 1497 1974 1623 2074; x_wconf 85' lang='lat' dir='ltr'>palatii</span> 
     </span>
     <span class='ocr_line' id='line_1_15' title="bbox 125 2101 1619 2187; baseline -0.001 -11"><span class='ocrx_word' id='word_1_132' title='bbox 125 2127 323 2178; x_wconf 88' lang='lat' dir='ltr'>causarum</span> <span class='ocrx_word' id='word_1_133' title='bbox 352 2103 517 2187; x_wconf 90' lang='lat' dir='ltr'>notariis,</span> <span class='ocrx_word' id='word_1_134' title='bbox 539 2103 681 2178; x_wconf 88' lang='lat' dir='ltr'>clericis</span> <span class='ocrx_word' id='word_1_135' title='bbox 700 2101 905 2178; x_wconf 87' lang='lat' dir='ltr'>Trarecten</span> <span class='ocrx_word' id='word_1_136' title='bbox 933 2118 972 2177; x_wconf 90' lang='lat' dir='ltr'>et</span> <span class='ocrx_word' id='word_1_137' title='bbox 999 2103 1166 2179; x_wconf 88' lang='lat' dir='ltr'>Leodien</span> <span class='ocrx_word' id='word_1_138' title='bbox 1186 2101 1348 2178; x_wconf 89' lang='lat' dir='ltr'>dioeces.</span> <span class='ocrx_word' id='word_1_139' title='bbox 1369 2101 1529 2176; x_wconf 90' lang='lat' dir='ltr'>testibus</span> <span class='ocrx_word' id='word_1_140' title='bbox 1549 2115 1619 2175; x_wconf 90' lang='lat' dir='ltr'>etc.</span> 
     </span>
     <span class='ocr_line' id='line_1_16' title="bbox 127 2223 1622 2326; baseline -0.003 -25"><span class='ocrx_word' id='word_1_141' title='bbox 127 2228 316 2326; x_wconf 88' lang='lat' dir='ltr'>Desuper,</span> <span class='ocrx_word' id='word_1_142' title='bbox 345 2230 481 2303; x_wconf 88' lang='lat' dir='ltr'>eodem</span> <span class='ocrx_word' id='word_1_143' title='bbox 509 2229 571 2302; x_wconf 91' lang='lat' dir='ltr'>die</span> <span class='ocrx_word' id='word_1_144' title='bbox 599 2228 825 2304; x_wconf 91' lang='lat' dir='ltr'>constitutus</span> <span class='ocrx_word' id='word_1_145' title='bbox 853 2229 889 2302; x_wconf 92' lang='lat' dir='ltr'>in</span> <span class='ocrx_word' id='word_1_146' title='bbox 918 2229 1032 2303; x_wconf 92' lang='lat' dir='ltr'>domo</span> <span class='ocrx_word' id='word_1_147' title='bbox 1063 2226 1214 2311; x_wconf 92' lang='lat' dir='ltr'>domini,</span> <span class='ocrx_word' id='word_1_148' title='bbox 1244 2225 1383 2301; x_wconf 91' lang='lat' dir='ltr'>domini</span> <span class='ocrx_word' id='word_1_149' title='bbox 1411 2223 1622 2300; x_wconf 88' lang='lat' dir='ltr'>Geminiani</span> 
     </span>
     <span class='ocr_line' id='line_1_17' title="bbox 125 2349 1621 2450; baseline -0.001 -24"><span class='ocrx_word' id='word_1_150' title='bbox 125 2353 334 2440; x_wconf 87' lang='lat' dir='ltr'>Auditoris,</span> <span class='ocrx_word' id='word_1_151' title='bbox 362 2353 531 2450; x_wconf 86' lang='lat' dir='ltr'>prelatus</span> <span class='ocrx_word' id='word_1_152' title='bbox 559 2353 744 2429; x_wconf 91' lang='lat' dir='ltr'>Iohannes</span> <span class='ocrx_word' id='word_1_153' title='bbox 771 2352 819 2428; x_wconf 93' lang='lat' dir='ltr'>de</span> <span class='ocrx_word' id='word_1_154' title='bbox 848 2352 930 2427; x_wconf 90' lang='lat' dir='ltr'>Ede</span> <span class='ocrx_word' id='word_1_155' title='bbox 959 2353 1006 2427; x_wconf 89' lang='lat' dir='ltr'>de</span> <span class='ocrx_word' id='word_1_156' title='bbox 1035 2353 1147 2427; x_wconf 87' lang='lat' dir='ltr'>rebus</span> <span class='ocrx_word' id='word_1_157' title='bbox 1179 2350 1215 2426; x_wconf 92' lang='lat' dir='ltr'>in</span> <span class='ocrx_word' id='word_1_158' title='bbox 1247 2351 1346 2425; x_wconf 91' lang='lat' dir='ltr'>dicta</span> <span class='ocrx_word' id='word_1_159' title='bbox 1378 2349 1621 2446; x_wconf 89' lang='lat' dir='ltr'>retroscripta</span> 
     </span>
     <span class='ocr_line' id='line_1_18' title="bbox 123 2474 1621 2576; baseline -0.002 -26"><span class='ocrx_word' id='word_1_160' title='bbox 123 2477 257 2552; x_wconf 87' lang='lat' dir='ltr'>cedula</span> <span class='ocrx_word' id='word_1_161' title='bbox 284 2477 471 2553; x_wconf 87' lang='lat' dir='ltr'>contentis</span> <span class='ocrx_word' id='word_1_162' title='bbox 497 2479 664 2575; x_wconf 89' lang='lat' dir='ltr'>portavit</span> <span class='ocrx_word' id='word_1_163' title='bbox 690 2495 729 2553; x_wconf 92' lang='lat' dir='ltr'>et</span> <span class='ocrx_word' id='word_1_164' title='bbox 755 2477 964 2576; x_wconf 85' lang='lat' dir='ltr'>assignavit</span> <span class='ocrx_word' id='word_1_165' title='bbox 990 2477 1063 2575; x_wconf 91' lang='lat' dir='ltr'>ipsi</span> <span class='ocrx_word' id='word_1_166' title='bbox 1081 2477 1236 2553; x_wconf 93' lang='lat' dir='ltr'>domino</span> <span class='ocrx_word' id='word_1_167' title='bbox 1254 2475 1477 2552; x_wconf 86' lang='lat' dir='ltr'>Geminiano</span> <span class='ocrx_word' id='word_1_168' title='bbox 1499 2474 1621 2571; x_wconf 94' lang='lat' dir='ltr'>primo</span> 
     </span>
     <span class='ocr_line' id='line_1_19' title="bbox 123 2601 1619 2702; baseline -0.004 -25"><span class='ocrx_word' id='word_1_169' title='bbox 123 2602 277 2678; x_wconf 86' lang='lat' dir='ltr'>calicem</span> <span class='ocrx_word' id='word_1_170' title='bbox 305 2627 474 2700; x_wconf 91' lang='lat' dir='ltr'>parvum,</span> <span class='ocrx_word' id='word_1_171' title='bbox 496 2602 706 2678; x_wconf 85' lang='lat' dir='ltr'>laboratum</span> <span class='ocrx_word' id='word_1_172' title='bbox 734 2603 771 2677; x_wconf 95' lang='lat' dir='ltr'>in</span> <span class='ocrx_word' id='word_1_173' title='bbox 790 2603 899 2700; x_wconf 87' lang='lat' dir='ltr'>pede,</span> <span class='ocrx_word' id='word_1_174' title='bbox 921 2601 1110 2702; x_wconf 90' lang='lat' dir='ltr'>signatum</span> <span class='ocrx_word' id='word_1_175' title='bbox 1129 2627 1214 2677; x_wconf 91' lang='lat' dir='ltr'>cum</span> <span class='ocrx_word' id='word_1_176' title='bbox 1234 2626 1359 2689; x_wconf 88' lang='lat' dir='ltr'>cruce;</span> <span class='ocrx_word' id='word_1_177' title='bbox 1380 2601 1485 2688; x_wconf 90' lang='lat' dir='ltr'>Item,</span> <span class='ocrx_word' id='word_1_178' title='bbox 1507 2622 1619 2673; x_wconf 91' lang='lat' dir='ltr'>unum</span> 
     </span>
     <span class='ocr_line' id='line_1_20' title="bbox 122 2724 1620 2825; baseline -0.001 -26"><span class='ocrx_word' id='word_1_179' title='bbox 122 2727 248 2803; x_wconf 88' lang='lat' dir='ltr'>velum</span> <span class='ocrx_word' id='word_1_180' title='bbox 276 2727 485 2804; x_wconf 87' lang='lat' dir='ltr'>laboratum</span> <span class='ocrx_word' id='word_1_181' title='bbox 514 2729 551 2802; x_wconf 93' lang='lat' dir='ltr'>in</span> <span class='ocrx_word' id='word_1_182' title='bbox 578 2727 877 2824; x_wconf 90' lang='lat' dir='ltr'>quibuscumque</span> <span class='ocrx_word' id='word_1_183' title='bbox 913 2729 1085 2825; x_wconf 87' lang='lat' dir='ltr'>partibus</span> <span class='ocrx_word' id='word_1_184' title='bbox 1112 2727 1161 2802; x_wconf 90' lang='lat' dir='ltr'>de</span> <span class='ocrx_word' id='word_1_185' title='bbox 1188 2751 1281 2802; x_wconf 89' lang='lat' dir='ltr'>auro</span> <span class='ocrx_word' id='word_1_186' title='bbox 1317 2725 1367 2801; x_wconf 92' lang='lat' dir='ltr'>ad</span> <span class='ocrx_word' id='word_1_187' title='bbox 1403 2724 1620 2823; x_wconf 91' lang='lat' dir='ltr'>ponendum</span> 
     </span>
     <span class='ocr_line' id='line_1_21' title="bbox 123 2843 1622 2949; baseline -0.001 -25"><span class='ocrx_word' id='word_1_188' title='bbox 123 2853 196 2925; x_wconf 89' lang='lat' dir='ltr'>sub</span> <span class='ocrx_word' id='word_1_189' title='bbox 222 2851 408 2948; x_wconf 89' lang='lat' dir='ltr'>corporali</span> <span class='ocrx_word' id='word_1_190' title='bbox 434 2851 668 2949; x_wconf 86' lang='lat' dir='ltr'>longitudine</span> <span class='ocrx_word' id='word_1_191' title='bbox 696 2851 807 2926; x_wconf 91' lang='lat' dir='ltr'>trium</span> <span class='ocrx_word' id='word_1_192' title='bbox 835 2849 1057 2948; x_wconf 91' lang='lat' dir='ltr'>palmorum,</span> <span class='ocrx_word' id='word_1_193' title='bbox 1081 2865 1148 2925; x_wconf 88' lang='lat' dir='ltr'>aut</span> <span class='ocrx_word' id='word_1_194' title='bbox 1175 2849 1287 2937; x_wconf 87' lang='lat' dir='ltr'>circa;</span> <span class='ocrx_word' id='word_1_195' title='bbox 1316 2849 1420 2936; x_wconf 90' lang='lat' dir='ltr'>Item,</span> <span class='ocrx_word' id='word_1_196' title='bbox 1442 2871 1516 2922; x_wconf 89' lang='lat' dir='ltr'>una</span> <span class='ocrx_word' id='word_1_197' title='bbox 1545 2843 1622 2946; x_wconf 88' lang='lat' dir='ltr'>pla·</span> 
     </span>
     <span class='ocr_line' id='line_1_22' title="bbox 122 2970 1680 3073; baseline -0.003 -25"><span class='ocrx_word' id='word_1_198' title='bbox 122 2991 212 3050; x_wconf 86' lang='lat' dir='ltr'>neta</span> <span class='ocrx_word' id='word_1_199' title='bbox 240 2977 356 3050; x_wconf 91' lang='lat' dir='ltr'>rubea</span> <span class='ocrx_word' id='word_1_200' title='bbox 383 2974 431 3050; x_wconf 88' lang='lat' dir='ltr'>de</span> <span class='ocrx_word' id='word_1_201' title='bbox 458 2975 586 3050; x_wconf 88' lang='lat' dir='ltr'>veluto</span> <span class='ocrx_word' id='word_1_202' title='bbox 613 2976 788 3073; x_wconf 89' lang='lat' dir='ltr'>antiqua;</span> <span class='ocrx_word' id='word_1_203' title='bbox 816 2991 856 3051; x_wconf 93' lang='lat' dir='ltr'>et</span> <span class='ocrx_word' id='word_1_204' title='bbox 874 2974 1088 3050; x_wconf 89' lang='lat' dir='ltr'>huiusmodi</span> <span class='ocrx_word' id='word_1_205' title='bbox 1106 2999 1167 3049; x_wconf 92' lang='lat' dir='ltr'>res</span> <span class='ocrx_word' id='word_1_206' title='bbox 1185 2975 1267 3071; x_wconf 86' lang='lat' dir='ltr'>ipse</span> <span class='ocrx_word' id='word_1_207' title='bbox 1287 2974 1474 3049; x_wconf 86' lang='lat' dir='ltr'>Dominus</span> <span class='ocrx_word' id='word_1_208' title='bbox 1495 2970 1620 3047; x_wconf 86' lang='lat' dir='ltr'>Gemi·</span> <span class='ocrx_word' id='word_1_209' title='bbox 1653 3053 1680 3058; x_wconf 18' lang='lat'>,-</span> 
     </span>
     <span class='ocr_line' id='line_1_23' title="bbox 121 3097 1617 3198; baseline -0.001 -25"><span class='ocrx_word' id='word_1_210' title='bbox 121 3101 255 3175; x_wconf 87' lang='lat' dir='ltr'>nianus</span> <span class='ocrx_word' id='word_1_211' title='bbox 281 3098 331 3175; x_wconf 91' lang='lat' dir='ltr'>ad</span> <span class='ocrx_word' id='word_1_212' title='bbox 358 3125 400 3174; x_wconf 89' lang='lat' dir='ltr'>se</span> <span class='ocrx_word' id='word_1_213' title='bbox 429 3101 570 3198; x_wconf 90' lang='lat' dir='ltr'>recepit</span> <span class='ocrx_word' id='word_1_214' title='bbox 596 3115 636 3174; x_wconf 86' lang='lat' dir='ltr'>et</span> <span class='ocrx_word' id='word_1_215' title='bbox 665 3101 825 3177; x_wconf 89' lang='lat' dir='ltr'>retinuit.</span> <span class='ocrx_word' id='word_1_216' title='bbox 857 3099 1096 3174; x_wconf 87' lang='lat' dir='ltr'>Presentibus</span> <span class='ocrx_word' id='word_1_217' title='bbox 1133 3099 1293 3175; x_wconf 89' lang='lat' dir='ltr'>testibus</span> <span class='ocrx_word' id='word_1_218' title='bbox 1327 3097 1465 3195; x_wconf 91' lang='lat' dir='ltr'>quibus</span> <span class='ocrx_word' id='word_1_219' title='bbox 1492 3120 1617 3194; x_wconf 86' lang='lat' dir='ltr'>supra.</span> 
     </span>
    </p>

    <p class='ocr_par' dir='ltr' id='par_1_5' title="bbox 121 3220 1619 3446">
     <span class='ocr_line' id='line_1_24' title="bbox 203 3220 1619 3322; baseline -0.001 -25"><span class='ocrx_word' id='word_1_220' title='bbox 203 3222 289 3322; x_wconf 88' lang='lat' dir='ltr'>Ego</span> <span class='ocrx_word' id='word_1_221' title='bbox 316 3221 541 3297; x_wconf 90' lang='lat' dir='ltr'>Wilhelmus</span> <span class='ocrx_word' id='word_1_222' title='bbox 578 3224 723 3311; x_wconf 90' lang='lat' dir='ltr'>Rabbe‚</span> <span class='ocrx_word' id='word_1_223' title='bbox 761 3223 939 3307; x_wconf 89' lang='lat' dir='ltr'>notarius,</span> <span class='ocrx_word' id='word_1_224' title='bbox 969 3223 1017 3296; x_wconf 88' lang='lat' dir='ltr'>de</span> <span class='ocrx_word' id='word_1_225' title='bbox 1044 3221 1238 3319; x_wconf 88' lang='lat' dir='ltr'>premissis</span> <span class='ocrx_word' id='word_1_226' title='bbox 1271 3237 1440 3321; x_wconf 88' lang='lat' dir='ltr'>rogatus,</span> <span class='ocrx_word' id='word_1_227' title='bbox 1472 3220 1530 3296; x_wconf 92' lang='lat' dir='ltr'>hic</span> <span class='ocrx_word' id='word_1_228' title='bbox 1559 3244 1619 3295; x_wconf 89' lang='lat' dir='ltr'>me</span> 
     </span>
     <span class='ocr_line' id='line_1_25' title="bbox 121 3347 984 3446; baseline 0.002 -24"><span class='ocrx_word' id='word_1_229' title='bbox 121 3349 330 3446; x_wconf 89' lang='lat' dir='ltr'>subscripsi</span> <span class='ocrx_word' id='word_1_230' title='bbox 357 3351 394 3422; x_wconf 93' lang='lat' dir='ltr'>in</span> <span class='ocrx_word' id='word_1_231' title='bbox 422 3347 676 3424; x_wconf 87' lang='lat' dir='ltr'>testimonium</span> <span class='ocrx_word' id='word_1_232' title='bbox 703 3350 984 3446; x_wconf 89' lang='lat' dir='ltr'>premissorum.</span> 
     </span>
    </p>
   </div>
   <div class='ocr_carea' id='block_1_5' title="bbox 839 3757 902 3840">
    <p class='ocr_par' dir='ltr' id='par_1_6' title="bbox 839 3757 902 3840">
     <span class='ocr_line' id='line_1_26' title="bbox 839 3757 902 3840; baseline 0.048 -4"><span class='ocrx_word' id='word_1_233' title='bbox 839 3757 902 3840; x_wconf 88' lang='lat'>67.</span> 
     </span>
    </p>
   </div>
   <div class='ocr_carea' id='block_1_6' title="bbox 119 3946 1742 4030">
    <p class='ocr_par' dir='ltr' id='par_1_7' title="bbox 119 3946 1742 4030">
     <span class='ocr_line' id='line_1_27' title="bbox 119 3946 1742 4030; baseline -0.002 -1"><span class='ocrx_word' id='word_1_234' title='bbox 119 3955 261 4030; x_wconf 79' lang='lat' dir='ltr'>Ccdula</span> <span class='ocrx_word' id='word_1_235' title='bbox 297 3954 620 4030; x_wconf 63' lang='lat' dir='ltr'>Viae-cancellani</span> <span class='ocrx_word' id='word_1_236' title='bbox 641 3955 831 4030; x_wconf 77' lang='lat' dir='ltr'>invitontz&#39;s</span> <span class='ocrx_word' id='word_1_237' title='bbox 857 3953 1060 4030; x_wconf 76' lang='lat' dir='ltr'>Auditores</span> <span class='ocrx_word' id='word_1_238' title='bbox 1086 3955 1204 4030; x_wconf 74' lang='lat' dir='ltr'>Rotae</span> <span class='ocrx_word' id='word_1_239' title='bbox 1229 3953 1284 4028; x_wconf 83' lang='lat' dir='ltr'>ad</span> <span class='ocrx_word' id='word_1_240' title='bbox 1307 3952 1505 4028; x_wconf 57' lang='lat' dir='ltr'>ornandum</span> <span class='ocrx_word' id='word_1_241' title='bbox 1531 3951 1624 4026; x_wconf 83' lang='lat' dir='ltr'>dari</span> <span class='ocrx_word' id='word_1_242' title='bbox 1740 3946 1742 3950; x_wconf 68' lang='grc'><strong>’</strong></span> 
     </span>
    </p>
   </div>
   <div class='ocr_carea' id='block_1_7' title="bbox 196 4074 1625 4290">
    <p class='ocr_par' dir='ltr' id='par_1_8' title="bbox 196 4074 1625 4290">
     <span class='ocr_line' id='line_1_28' title="bbox 196 4074 1625 4177; baseline -0.003 -25"><span class='ocrx_word' id='word_1_243' title='bbox 196 4087 336 4177; x_wconf 74' lang='lat' dir='ltr'>puncta</span> <span class='ocrx_word' id='word_1_244' title='bbox 364 4078 462 4152; x_wconf 81' lang='lat' dir='ltr'>iuris</span> <span class='ocrx_word' id='word_1_245' title='bbox 487 4088 523 4152; x_wconf 77' lang='lat' dir='ltr'>et</span> <span class='ocrx_word' id='word_1_246' title='bbox 555 4078 798 4154; x_wconf 69' lang='lat' dir='ltr'>assistendum</span> <span class='ocrx_word' id='word_1_247' title='bbox 832 4079 1001 4154; x_wconf 75' lang='lat' dir='ltr'>exanst&#39;m&#39;</span> <span class='ocrx_word' id='word_1_248' title='bbox 1032 4077 1210 4152; x_wconf 81' lang='lat' dir='ltr'>Iolronm&#39;s</span> <span class='ocrx_word' id='word_1_249' title='bbox 1243 4077 1288 4150; x_wconf 77' lang='lat' dir='ltr'>da</span> <span class='ocrx_word' id='word_1_250' title='bbox 1314 4075 1356 4148; x_wconf 91' lang='lat' dir='ltr'><em>F</em></span> <span class='ocrx_word' id='word_1_251' title='bbox 1354 4074 1490 4160; x_wconf 61' lang='lat' dir='ltr'>abraba,</span> <span class='ocrx_word' id='word_1_252' title='bbox 1523 4075 1625 4149; x_wconf 71' lang='lat' dir='ltr'>electi</span> 
     </span>
     <span class='ocr_line' id='line_1_29' title="bbox 201 4201 646 4290; baseline 0.002 -13"><span class='ocrx_word' id='word_1_253' title='bbox 201 4205 242 4277; x_wconf 82' lang='lat' dir='ltr'>in</span> <span class='ocrx_word' id='word_1_254' title='bbox 270 4205 388 4280; x_wconf 77' lang='lat' dir='ltr'>Rotae</span> <span class='ocrx_word' id='word_1_255' title='bbox 414 4201 646 4290; x_wconf 81' lang='lat' dir='ltr'>Auditorem.</span> 
     </span>
    </p>
   </div>
   <div class='ocr_carea' id='block_1_8' title="bbox 200 4391 1617 4576">
    <p class='ocr_par' dir='ltr' id='par_1_9' title="bbox 200 4391 1617 4576">
     <span class='ocr_line' id='line_1_30' title="bbox 200 4391 1075 4466; baseline -0.003 -12"><span class='ocrx_word' id='word_1_256' title='bbox 200 4393 317 4466; x_wconf 76' lang='lat' dir='ltr'>(Asca.</span> <span class='ocrx_word' id='word_1_257' title='bbox 338 4392 425 4466; x_wconf 77' lang='lat' dir='ltr'>Ror,</span> <span class='ocrx_word' id='word_1_258' title='bbox 449 4392 738 4466; x_wconf 61' lang='lat' dir='ltr'>«admissionem,</span> <span class='ocrx_word' id='word_1_259' title='bbox 757 4393 904 4452; x_wconf 81' lang='lat' dir='ltr'>Martt&#39;no</span> <span class='ocrx_word' id='word_1_260' title='bbox 930 4391 963 4462; x_wconf 89' lang='lat' dir='ltr'>V,</span> <span class='ocrx_word' id='word_1_261' title='bbox 985 4408 1018 4451; x_wconf 83' lang='lat' dir='ltr'>n.</span> <span class='ocrx_word' id='word_1_262' title='bbox 1036 4393 1075 4465; x_wconf 86' lang='grc' dir='ltr'>Ι).</span> 
     </span>
     <span class='ocr_line' id='line_1_31' title="bbox 1437 4513 1617 4576; baseline -0.017 -1"><span class='ocrx_word' id='word_1_263' title='bbox 1437 4513 1516 4576; x_wconf 86' lang='lat' dir='ltr'>Sine</span> <span class='ocrx_word' id='word_1_264' title='bbox 1533 4513 1617 4575; x_wconf 85' lang='lat' dir='ltr'>data.</span> 
     </span>
    </p>
   </div>
   <div class='ocr_carea' id='block_1_9' title="bbox 113 4695 1619 5423">
    <p class='ocr_par' dir='ltr' id='par_1_10' title="bbox 113 4695 1619 5423">
     <span class='ocr_line' id='line_1_32' title="bbox 199 4695 1616 4798; baseline -0.006 -22"><span class='ocrx_word' id='word_1_265' title='bbox 199 4701 383 4777; x_wconf 88' lang='lat' dir='ltr'>lohannes</span> <span class='ocrx_word' id='word_1_266' title='bbox 410 4701 544 4776; x_wconf 87' lang='lat' dir='ltr'>ostien.</span> <span class='ocrx_word' id='word_1_267' title='bbox 565 4745 582 4758; x_wconf 93' lang='lat'><em>-</em></span> <span class='ocrx_word' id='word_1_268' title='bbox 602 4699 885 4776; x_wconf 86' lang='lat' dir='ltr'>Venerabilibus</span> <span class='ocrx_word' id='word_1_269' title='bbox 913 4715 953 4774; x_wconf 91' lang='lat' dir='ltr'>et</span> <span class='ocrx_word' id='word_1_270' title='bbox 979 4698 1144 4798; x_wconf 85' lang='lat' dir='ltr'>egregiis</span> <span class='ocrx_word' id='word_1_271' title='bbox 1161 4697 1261 4784; x_wconf 87' lang='lat' dir='ltr'>viris,</span> <span class='ocrx_word' id='word_1_272' title='bbox 1282 4697 1441 4772; x_wconf 89' lang='lat' dir='ltr'>dominis</span> <span class='ocrx_word' id='word_1_273' title='bbox 1461 4695 1616 4770; x_wconf 88' lang='lat' dir='ltr'>Decano</span> 
     </span>
     <span class='ocr_line' id='line_1_33' title="bbox 114 4820 1617 4921; baseline -0.005 -19"><span class='ocrx_word' id='word_1_274' title='bbox 114 4845 155 4902; x_wconf 88' lang='lat' dir='ltr'>et</span> <span class='ocrx_word' id='word_1_275' title='bbox 183 4827 434 4904; x_wconf 91' lang='lat' dir='ltr'>Auditoribus</span> <span class='ocrx_word' id='word_1_276' title='bbox 462 4828 573 4913; x_wconf 84' lang='lat' dir='ltr'>Rote,</span> <span class='ocrx_word' id='word_1_277' title='bbox 603 4842 673 4902; x_wconf 88' lang='lat' dir='ltr'>etc.</span> <span class='ocrx_word' id='word_1_278' title='bbox 705 4867 720 4882; x_wconf 95' lang='lat'>-</span> <span class='ocrx_word' id='word_1_279' title='bbox 749 4823 995 4900; x_wconf 89' lang='lat' dir='ltr'>Notificamus</span> <span class='ocrx_word' id='word_1_280' title='bbox 1021 4823 1129 4899; x_wconf 92' lang='lat' dir='ltr'>vobis</span> <span class='ocrx_word' id='word_1_281' title='bbox 1165 4822 1352 4921; x_wconf 85' lang='lat' dir='ltr'>presentis</span> <span class='ocrx_word' id='word_1_282' title='bbox 1387 4820 1521 4896; x_wconf 87' lang='lat' dir='ltr'>cedule</span> <span class='ocrx_word' id='word_1_283' title='bbox 1548 4844 1617 4917; x_wconf 85' lang='lat' dir='ltr'>per</span> 
     </span>
     <span class='ocr_line' id='line_1_34' title="bbox 115 4945 1618 5050; baseline -0.005 -24"><span class='ocrx_word' id='word_1_284' title='bbox 115 4969 302 5036; x_wconf 85' lang='lat' dir='ltr'>tenorem,</span> <span class='ocrx_word' id='word_1_285' title='bbox 323 4951 427 5050; x_wconf 92' lang='lat' dir='ltr'>quod</span> <span class='ocrx_word' id='word_1_286' title='bbox 453 4953 503 5027; x_wconf 90' lang='lat' dir='ltr'>ad</span> <span class='ocrx_word' id='word_1_287' title='bbox 530 4949 839 5048; x_wconf 87' lang='lat' dir='ltr'>complacendum</span> <span class='ocrx_word' id='word_1_288' title='bbox 867 4949 976 5024; x_wconf 89' lang='lat' dir='ltr'>vobis</span> <span class='ocrx_word' id='word_1_289' title='bbox 993 4965 1033 5024; x_wconf 85' lang='lat' dir='ltr'>et</span> <span class='ocrx_word' id='word_1_290' title='bbox 1050 4963 1198 5024; x_wconf 85' lang='lat' dir='ltr'>vestras</span> <span class='ocrx_word' id='word_1_291' title='bbox 1225 4945 1432 5022; x_wconf 86' lang='lat' dir='ltr'>laudabiles</span> <span class='ocrx_word' id='word_1_292' title='bbox 1458 4969 1618 5021; x_wconf 87' lang='lat' dir='ltr'>consue·</span> 
     </span>
     <span class='ocr_line' id='line_1_35' title="bbox 115 5071 1614 5171; baseline -0.005 -19"><span class='ocrx_word' id='word_1_293' title='bbox 115 5079 269 5154; x_wconf 89' lang='lat' dir='ltr'>tudines</span> <span class='ocrx_word' id='word_1_294' title='bbox 305 5077 573 5163; x_wconf 81' lang='lat' dir='ltr'>observandas,</span> <span class='ocrx_word' id='word_1_295' title='bbox 605 5073 790 5150; x_wconf 88' lang='lat' dir='ltr'>Dominus</span> <span class='ocrx_word' id='word_1_296' title='bbox 822 5075 1008 5150; x_wconf 86' lang='lat' dir='ltr'>Iohannes</span> <span class='ocrx_word' id='word_1_297' title='bbox 1035 5074 1084 5147; x_wconf 88' lang='lat' dir='ltr'>de</span> <span class='ocrx_word' id='word_1_298' title='bbox 1112 5072 1279 5159; x_wconf 87' lang='lat' dir='ltr'>Fabrica,</span> <span class='ocrx_word' id='word_1_299' title='bbox 1310 5071 1436 5171; x_wconf 88' lang='lat' dir='ltr'>legum</span> <span class='ocrx_word' id='word_1_300' title='bbox 1471 5072 1614 5157; x_wconf 89' lang='lat' dir='ltr'>doctor,</span> 
     </span>
     <span class='ocr_line' id='line_1_36' title="bbox 114 5197 1618 5300; baseline -0.007 -21"><span class='ocrx_word' id='word_1_301' title='bbox 114 5219 297 5300; x_wconf 88' lang='lat' dir='ltr'>prompto</span> <span class='ocrx_word' id='word_1_302' title='bbox 323 5202 450 5277; x_wconf 90' lang='lat' dir='ltr'>animo</span> <span class='ocrx_word' id='word_1_303' title='bbox 479 5225 521 5276; x_wconf 91' lang='lat' dir='ltr'>se</span> <span class='ocrx_word' id='word_1_304' title='bbox 548 5199 668 5285; x_wconf 80' lang='lat' dir='ltr'>offert,</span> <span class='ocrx_word' id='word_1_305' title='bbox 698 5214 740 5275; x_wconf 90' lang='lat' dir='ltr'>ut</span> <span class='ocrx_word' id='word_1_306' title='bbox 767 5214 922 5297; x_wconf 87' lang='lat' dir='ltr'>paratus</span> <span class='ocrx_word' id='word_1_307' title='bbox 950 5214 1022 5286; x_wconf 90' lang='lat' dir='ltr'>est,</span> <span class='ocrx_word' id='word_1_308' title='bbox 1043 5215 1210 5272; x_wconf 88' lang='lat' dir='ltr'>vestrum</span> <span class='ocrx_word' id='word_1_309' title='bbox 1238 5197 1363 5272; x_wconf 87' lang='lat' dir='ltr'>subire</span> <span class='ocrx_word' id='word_1_310' title='bbox 1390 5218 1560 5284; x_wconf 86' lang='lat' dir='ltr'>examen,</span> <span class='ocrx_word' id='word_1_311' title='bbox 1576 5211 1618 5269; x_wconf 92' lang='lat' dir='ltr'>ut</span> 
     </span>
     <span class='ocr_line' id='line_1_37' title="bbox 113 5318 1619 5423; baseline -0.007 -20"><span class='ocrx_word' id='word_1_312' title='bbox 113 5343 174 5402; x_wconf 90' lang='lat' dir='ltr'>est</span> <span class='ocrx_word' id='word_1_313' title='bbox 196 5327 324 5403; x_wconf 90' lang='lat' dir='ltr'>moris.</span> <span class='ocrx_word' id='word_1_314' title='bbox 345 5325 487 5400; x_wconf 92' lang='lat' dir='ltr'>ldcirco</span> <span class='ocrx_word' id='word_1_315' title='bbox 506 5325 663 5423; x_wconf 89' lang='lat' dir='ltr'>placeat,</span> <span class='ocrx_word' id='word_1_316' title='bbox 685 5324 746 5398; x_wconf 91' lang='lat' dir='ltr'>die</span> <span class='ocrx_word' id='word_1_317' title='bbox 769 5323 924 5400; x_wconf 88' lang='lat' dir='ltr'>Sabbati</span> <span class='ocrx_word' id='word_1_318' title='bbox 952 5323 1121 5420; x_wconf 88' lang='lat' dir='ltr'>proxima</span> <span class='ocrx_word' id='word_1_319' title='bbox 1148 5323 1248 5398; x_wconf 90' lang='lat' dir='ltr'>bono</span> <span class='ocrx_word' id='word_1_320' title='bbox 1275 5342 1386 5396; x_wconf 86' lang='lat' dir='ltr'>mane</span> <span class='ocrx_word' id='word_1_321' title='bbox 1414 5321 1463 5395; x_wconf 92' lang='lat' dir='ltr'>ad</span> <span class='ocrx_word' id='word_1_322' title='bbox 1490 5318 1619 5394; x_wconf 86' lang='lat' dir='ltr'>viden·</span> 
     </span>
    </p>
   </div>
   <div class='ocr_carea' id='block_1_10' title="bbox 0 0 1858 5918">
    <p class='ocr_par' dir='ltr' id='par_1_11' title="bbox 0 0 1858 5918">
     <span class='ocr_line' id='line_1_38' title="bbox 0 0 1858 5918; baseline 0 3"><span class='ocrx_word' id='word_1_323' title='bbox 0 0 1858 5918; x_wconf 95' lang='lat' dir='ltr'> </span> 
     </span>
    </p>
   </div>
  </div>
 </body>
</html>
