3688 5924
143 325 144 330 ,
217 267 255 328 26
851 269 988 326 soeculo
1007 267 1097 327 XII!

216 461 409 556 prebende
435 485 504 556 per
531 462 628 535 duos
655 485 776 535 annos
804 461 1081 555 subsequentes
1118 475 1367 556 perceperant
1392 483 1450 545 ea,
1480 475 1522 532 ut
1555 460 1711 541 dicebat,

217 588 371 672 ratione,
403 587 506 684 quod
535 587 606 682 ipsi
633 587 751 662 abbas
779 602 819 660 et
846 601 1052 662 conventus
1081 587 1221 660 habent
1248 585 1396 660 nomine
1415 585 1630 659 monasterii
1656 587 1714 658 sui

216 711 388 786 annualia
428 713 639 784 vacantium
681 712 956 807 prebendarum
1004 713 1040 784 in
1084 712 1345 806 prenominata
1385 711 1542 784 ecclesia
1586 710 1713 784 Sancti

220 837 395 922 Marcelli,
417 860 656 933 quocumque
684 838 797 912 modo
825 839 1020 932 prebenda
1047 835 1155 909 vacat
1183 838 1219 908 in
1247 838 1392 920 eadem,
1414 836 1499 909 sive·
1516 837 1714 908 canonicus

217 963 334 1057 ipsius
361 959 517 1036 ecclesie
546 961 775 1057 prebendam
804 987 911 1036 suam
940 961 1126 1057 relinquat
1145 961 1203 1034 vel
1222 959 1367 1055 perdat,
1389 985 1455 1032 seu
1475 983 1714 1055 quocumque

216 1085 330 1159 modo
357 1087 551 1180 prebenda
578 1087 627 1158 de
656 1110 729 1160 una
756 1110 920 1182 persona
947 1086 983 1158 in
1010 1087 1119 1196 aliam
1149 1101 1326 1172 transeat,
1349 1085 1452 1179 quod
1479 1085 1537 1156 ius
1564 1083 1714 1157 dicebat

217 1211 313 1282 idem
342 1226 563 1306 procurator
590 1209 693 1305 ipsos
721 1211 895 1284 abbatem
924 1227 963 1284 et
990 1225 1215 1284 conventum
1245 1210 1384 1283 habere
1403 1234 1450 1282 ex
1469 1209 1713 1283 concessione

217 1336 314 1408 bone
344 1335 521 1408 memorie
559 1334 740 1431 Stephani
768 1336 959 1432 quondam
999 1335 1216 1410 Parisiensis
1250 1335 1417 1430 episcopi
1452 1333 1500 1407 de
1528 1357 1714 1407 consensu

216 1460 346 1534 decani
374 1473 413 1531 et
440 1457 589 1555 capituli
618 1460 768 1534 maioris
795 1461 952 1534 ecclesie
986 1459 1215 1547 Parisienst,
1246 1476 1285 1533 et
1321 1460 1451 1532 decani
1488 1475 1529 1532 et
1564 1455 1715 1554 capituli

216 1584 384 1680 sepefate
413 1585 570 1658 ecclesie
597 1585 724 1659 Sancti
752 1584 918 1658 Marcelli
950 1587 1004 1658 eis
1032 1585 1139 1672 lacta,
1171 1609 1245 1680 que
1282 1584 1477 1657 concessio
1510 1583 1577 1656 suit
1613 1599 1717 1679 post-

218 1710 381 1794 modum,
412 1726 453 1782 ut
488 1708 646 1792 dicebat,
677 1734 745 1806 per
783 1710 921 1784 Sedem
958 1709 1217 1806 Apostolicam
1250 1708 1387 1804 pluries
1419 1709 1644 1794 confirmata,
1674 1727 1716 1780 et

217 1834 320 1929 quod
357 1835 427 1930 ipsi
462 1834 582 1907 abbas
617 1851 658 1908 et
693 1850 899 1909 conventus
936 1861 980 1908 ac
1018 1836 1286 1909 monasterium
1321 1835 1527 1908 eorundem
1561 1850 1647 1907 sunt
1675 1849 1717 1906 et

216 1959 366 2033 suerunt
392 1984 415 2033 a
442 1975 614 2056 tempore
642 1961 746 2034 euius
766 1961 944 2034 memoria
964 1985 1037 2034 non
1056 1961 1183 2034 existit
1201 1961 1236 2034 in
1257 1959 1499 2055 possessione
1526 1959 1584 2032 vel
1605 1958 1717 2054 quasi

217 2084 517 2178 supradictorum
545 2087 710 2158 omnium
738 2085 891 2181 pacifica
918 2102 957 2159 et
985 2086 1131 2181 quieta;
1152 2110 1227 2181 que
1247 2086 1370 2159 omnia
1393 2085 1515 2157 dictus
1536 2082 1718 2181 magister

218 2207 507 2282 Bartholomeus
534 2209 730 2284 confessus
758 2211 880 2284 estin
909 2209 1042 2283 iudicio
1070 2233 1195 2283 coram
1224 2235 1284 2282 me
1313 2235 1354 2282 se
1382 2211 1536 2282 credere
1560 2206 1717 2281 firmiter

219 2356 310 2406 vera
337 2357 434 2407 esse.

296 2457 379 2530 Lite
407 2459 533 2555 itaque
562 2484 677 2554 super
703 2460 896 2554 premissis
925 2459 1091 2556 legitime
1126 2460 1272 2557 plenius
1301 2474 1524 2540 contestata,
1554 2457 1716 2554 prestito

215 2607 240 2654 a
265 2583 435 2686 partibus
463 2584 511 2658 de
539 2585 747 2681 calumpnia
774 2586 852 2658 sive
879 2586 928 2658 de
946 2585 1104 2659 veritate
1121 2586 1278 2660 dicenda
1306 2585 1525 2670 iurament0,
1545 2581 1717 2678 partibus

216 2707 252 2779 in
279 2707 358 2780 suis
385 2709 650 2804 suprascriptis
677 2708 988 2783 assertationibus
1016 2724 1055 2782 et
1083 2709 1344 2806 negationibus
1372 2707 1714 2803 perseverantibus,

215 2855 302 2928 ego,
331 2831 467 2906 auditis
502 2847 541 2907 et
572 2832 767 2906 intellectis
796 2833 866 2905 hiis
900 2851 939 2906 et
974 2834 1055 2908 aliis
1093 2833 1388 2907 confessionibus
1422 2846 1462 2904 et
1497 2831 1714 2916 rationibus,

215 2981 311 3051 quas
339 2973 468 3052 partes
495 2983 621 3032 coram
651 2983 711 3030 me
739 2983 952 3054 proponere
979 2958 1191 3044 voluerunt,

294 3082 482 3166 concluso,
514 3082 805 3178 renuntiatoque
834 3107 856 3154 a
885 3084 1055 3179 partibus
1084 3085 1120 3156 in
1149 3107 1273 3169 causa,

296 3201 389 3308 [die]
418 3205 467 3278 ad
494 3204 718 3279 audiendam
747 3207 973 3280 sententiam
999 3209 1204 3304 assignata,
1227 3222 1386 3303 utraque
1410 3221 1517 3302 parte
1536 3221 1716 3301 presente

215 3345 256 3403 et
282 3331 466 3404 instanter
494 3330 716 3403 sententiam
744 3330 830 3403 ferri
859 3331 1088 3426 postulante,

294 3454 342 3528 de
371 3455 487 3550 ipsius
516 3454 653 3528 domini
677 3455 777 3549 Pape
806 3455 957 3550 speciali
984 3456 1175 3539 mandato,
1198 3457 1382 3553 prelatum
1403 3455 1554 3528 fratrem
1581 3454 1714 3552 Hugo·

216 3603 300 3652 nem
328 3581 545 3652 canonicum
574 3578 699 3653 Sancti
729 3577 906 3665 Victoris,
949 3597 1230 3677 procuratorem
1268 3579 1451 3655 dictorum
1486 3579 1633 3654 abbatis
1669 3594 1710 3651 et

214 3719 432 3788 conventus,
462 3727 507 3776 ac
535 3703 639 3798 ipsos
667 3703 843 3776 abbatem
871 3719 911 3776 et
938 3719 1163 3778 conventum
1190 3728 1261 3799 per
1286 3706 1408 3799 ipsum
1431 3718 1713 3799 procuratorem

215 3828 264 3900 ab
290 3826 522 3923 impetitione
550 3827 755 3922 supradicti
782 3829 951 3925 magistri
981 3826 1234 3902 Bartholomei
1271 3853 1340 3924 per
1373 3827 1603 3901 diffinitivam
1631 3851 1713 3901 sen-

214 3952 369 4026 tentiam
397 3951 564 4038 absolvo,
586 3953 708 4025 eidem
727 3953 908 4050 magistro
929 3953 1195 4028 Bartholomeo
1214 3978 1327 4049 super
1345 3954 1470 4049 petitis
1489 3969 1713 4050 perpetuum

216 4061 403 4149 silentium
431 4076 670 4170 imponendo.

297 4198 422 4294 Quam
451 4201 675 4275 sententiam
704 4203 814 4275 scribi
843 4202 933 4276 iussi
961 4228 1029 4299 per
1058 4203 1270 4276 Noclerium
1299 4203 1521 4276 scrivanum.

296 4326 391 4398 Lata
418 4342 478 4400 est
505 4326 573 4400 hec
603 4327 789 4400 sententia
817 4343 856 4400 et
883 4329 1039 4402 recitata
1075 4353 1143 4425 per
1173 4327 1313 4401 dictum
1350 4327 1572 4425 magistrum
1610 4326 1714 4400 Ade-

216 4449 356 4524 nullum
385 4448 487 4545 apud
515 4451 693 4537 Asisium,
724 4453 758 4524 in
788 4451 953 4547 hospitio
982 4452 1099 4549 ipsius
1117 4452 1300 4550 magistri,
1320 4475 1445 4525 coram
1465 4451 1533 4524 hiis
1554 4450 1714 4525 testibus

216 4575 266 4648 ad
293 4574 365 4647 hoc
393 4575 604 4668 specialiter
631 4575 774 4648 vocatis
802 4592 841 4649 et
868 4578 1023 4674 rogatis,
1055 4574 1214 4650 scilicet:
1236 4576 1418 4674 magistro
1440 4574 1563 4670 Helya
1582 4575 1715 4649 Lemo-

216 4696 366 4783 vicensi,
395 4699 575 4772 canonico
605 4699 812 4783 Parisiensi,
843 4716 959 4786 teste;
989 4701 1171 4798 magistro
1200 4700 1387 4774 Richardo
1420 4699 1521 4774 dicto
1548 4699 1711 4797 Angelo,

215 4823 394 4898 canonico
415 4824 679 4921 Abri(n)censi,
702 4840 817 4909 teste;
839 4826 1021 4923 magistro
1039 4826 1223 4899 Anselmo
1242 4826 1420 4899 canonico
1439 4825 1565 4898 Sancti
1580 4825 1714 4898 Auiani

217 4948 509 5033 Aurelianensis,
542 4962 657 5046 teste;
688 4951 871 5047 magistro
899 4951 932 5022 T
935 4949 1105 5024 homasio
1132 4945 1311 5024 'canonico
1341 4949 1561 5048 Fuliginate,
1592 4964 1712 5036 teste;
1827 4961 1828 5013 l

216 5073 435 5148 Alexandro
470 5075 519 5146 de
556 5075 742 5171 Anagnia,
775 5075 940 5150 familiari
977 5075 1066 5148 dicti
1103 5073 1273 5170 magistri
1310 5073 1495 5160 Adenulfi,
1525 5090 1645 5161 teste;
1674 5091 1714 5149 et

218 5197 382 5272 Girardo
416 5199 465 5271 de
493 5198 664 5284 Senonis,
696 5213 815 5285 teste;
845 5199 1004 5296 —Ergo
1038 5197 1245 5283 Noclerius,
1275 5199 1498 5272 auctoritate
1531 5199 1715 5295 imperiali

217 5322 439 5409 scriniarius,
469 5322 668 5418 prolationi
696 5322 909 5396 huiusmodi
936 5323 1123 5398 sententie
1149 5323 1306 5408 interlui,
1337 5348 1381 5396 ac
1408 5324 1528 5420 ipsam
1547 5323 1596 5396 de
1614 5348 1715 5397 man·
