3748 5914
238 301 294 362 292
872 302 1009 361 Socculo
1028 302 1059 360 X
1068 301 1114 362 VI

316 495 392 568 Tre
421 497 620 592 trasumpti
646 495 823 570 autentici
851 522 896 570 co
923 496 947 568 li
975 495 1170 570 inventarii
1199 494 1296 568 delle
1325 519 1413 570 cose
1441 494 1528 590 qual
1556 496 1593 568 in
1612 496 1687 569 essi
1707 499 1735 568 si

238 635 477 718 contengono
505 621 564 695 nel
594 621 775 717 principio
803 622 840 694 di
868 621 1036 718 ogniuno
1064 621 1101 694 di
1129 621 1205 696 essi
1233 644 1304 694 con
1332 618 1355 692 li
1385 618 1441 694 lor
1469 619 1588 718 segili.

318 745 405 820 Una
440 745 545 820 Bolla
581 747 667 819 delli
704 745 873 844 privilegi
910 746 1059 820 coneesi
1097 770 1165 842 per
1202 746 1304 842 Papa
1343 745 1542 820 Clemente
1573 745 1640 817 Vll
1678 745 1737 818 alli

238 872 283 948 R.
315 871 354 946 S.
385 873 484 948 Aud.

318 998 374 1070 La
402 1023 510 1094 supp.
542 999 602 1072 del
632 1012 795 1093 motupr.
824 997 862 1070 di
891 997 995 1093 Papa
1022 996 1135 1092 paulo
1163 1022 1233 1093 per
1260 996 1416 1092 expedit
1442 997 1563 1094 gratis
1591 997 1627 1069 in
1651 1021 1738 1070 can-

238 1120 373 1194 celaria
401 1147 470 1218 per
496 1123 521 1195 li
549 1124 594 1197 R.
625 1123 662 1198 S.
694 1122 795 1197 Aud.
1485 1115 1489 1123 ¹

318 1246 550 1342 Trasumpto
578 1248 615 1320 di
643 1248 751 1321 detto
778 1263 994 1343 motuprop.
1025 1271 1093 1342 per
1120 1246 1277 1342 expedir
1304 1247 1423 1345 gratis

319 1372 379 1447 Un
409 1372 503 1446 libro
530 1372 627 1447 delle
656 1373 902 1448 Costituzioni
930 1373 1024 1447 fatto
1053 1373 1216 1446 scrivere
1244 1373 1281 1446 di
1310 1397 1434 1446 nuovo
1462 1371 1612 1470 ch'ogni
1639 1396 1738 1446 anno

238 1499 268 1570 si
297 1497 435 1596 legono
463 1500 499 1572 in
529 1499 640 1575 Rota.

319 1623 453 1723 (verso)
493 1623 743 1697 Inventarium
780 1647 906 1696 rerum
943 1623 1181 1697 existentium
1216 1623 1252 1695 in
1289 1621 1467 1696 Archivio
1504 1647 1577 1696 sac.
1614 1622 1739 1695 Rotae

237 1748 450 1823 confectum
479 1749 527 1823 de
555 1749 668 1823 Anno
702 1772 813 1844 1545.
844 1773 969 1824 mazzo
999 1750 1045 1822 Βο
1076 1751 1126 1826 H.

950 2103 1036 2182 162.

245 2267 361 2341 Pauli
387 2267 464 2355 Ill,
493 2267 621 2342 Motus
642 2270 824 2370 proprius
847 2293 918 2365 quo
946 2267 1190 2340 Auditoribus
1206 2268 1377 2362 facultas
1403 2267 1535 2340 iterum
1560 2265 1609 2357 fit
1633 2279 1737 2366 expe·

317 2392 446 2465 dz'endi
467 2393 591 2489 gralis
616 2394 761 2467 litteras
787 2393 1011 2492 apostolicos.

317 2549 433 2622 (Aaou.
451 2547 538 2622 Rom,
561 2548 817 2620 «Praemia»,
839 2553 915 2605 tom.
933 2546 962 2618 Ι,
976 2551 1065 2621 part.
1085 2547 1110 2617 I,
1132 2564 1165 2605 n.
1184 2545 1390 2618 XXXVIII).
1472 2619 1476 2628 .

1351 2709 1429 2784 1547,
1448 2709 1526 2768 maii
1546 2709 1588 2782 13,
1606 2709 1739 2768 Romae.

319 2857 359 2928 ln
389 2857 537 2930 nomine
566 2857 703 2930 Sancte
731 2873 771 2931 et
798 2856 986 2930 individue
1013 2856 1217 2943 Trinitatis,
1250 2856 1370 2930 Patris
1407 2871 1446 2929 et
1480 2855 1560 2930 Filii
1587 2872 1626 2930 et
1654 2856 1739 2953 Spi-

239 2983 333 3055 ritus
362 2981 500 3055 Sancti.
532 2985 667 3055 Amen.
699 2983 884 3056 Noverint
912 2981 1074 3055 universi
1100 2997 1140 3054 et
1167 2981 1303 3078 singuli
1332 2982 1403 3055 hoc
1430 3005 1590 3078 presens
1618 2981 1738 3077 publi-

237 3133 322 3181 cum
351 3107 575 3202 transumpti
603 3107 892 3180 instrumentum
919 3105 1033 3178 visuri
1060 3106 1192 3180 lecturi
1218 3106 1359 3202 pariter
1385 3122 1426 3180 et
1443 3105 1605 3180 audituri
1623 3103 1738 3198 Quod

238 3256 307 3304 nos
337 3231 494 3305 loannes
524 3231 696 3327 Baptista
725 3230 866 3304 Cicada
894 3231 967 3304 Dei
995 3246 1035 3303 et
1052 3230 1258 3326 apostolice
1276 3229 1378 3304 sedis
1397 3231 1519 3328 gratia
1537 3229 1738 3327 episcopus

238 3355 463 3453 Albiganen.
493 3355 611 3430 SSmi.
642 3355 782 3429 domini
825 3357 943 3428 nostri
985 3380 1083 3452 pape
1124 3353 1281 3451 eiusque
1311 3353 1517 3430 Camerarii
1553 3378 1597 3428 ac
1626 3353 1738 3428 Curie

238 3505 436 3556 causarum
480 3481 639 3555 Camere
681 3482 891 3576 apostolice
931 3479 1117 3578 generalis
1158 3479 1308 3554 auditor
1348 3481 1597 3576 Romaneque
1626 3479 1738 3554 Curie

238 3605 355 3680 ludex
382 3605 592 3679 ordinarius
620 3606 669 3678 ad
698 3605 781 3681 RR.
813 3605 964 3678 Patrum
993 3605 1243 3678 Dominorum
1272 3607 1367 3679 sacri
1395 3605 1524 3701 palatii
1542 3604 1738 3701 apostolici
1827 3701 1831 3710 ¹

239 3752 436 3802 causarum
456 3726 682 3800 Auditorum
703 3727 947 3822 ipsorumque
966 3727 1289 3812 Locatenentium,
1310 3726 1577 3824 principalium,
1600 3729 1739 3800 instan-

238 3853 328 3926 tiam
356 3870 396 3926 et
429 3851 722 3948 requisitionem,
753 3850 926 3925 dominos
967 3852 1098 3924 lulium
1139 3852 1188 3924 de
1218 3851 1432 3926 Gentilibus
1470 3853 1741 3926 Rescribenda·

238 3979 332 4052 rium
370 3979 449 4052 sive
479 3977 857 4061 Proscribendarium,
888 3975 1128 4051 Franciscum
1165 3977 1346 4050 sonterria
1373 3993 1673 4074 computatorem
1702 3991 1740 4050 et

210 4099 447 4200 'Georgium
475 4103 523 4175 de
552 4101 695 4175 Rubeis
723 4119 958 4197 receptorem
996 4103 1200 4198 scriptores
1240 4103 1470 4198 apostolicos
1510 4103 1631 4198 primo
1672 4127 1740 4198 per

238 4253 352 4302 unum
382 4253 430 4302 ex
459 4229 568 4301 Ssmi.
599 4226 739 4300 domini
768 4228 884 4301 nostri
928 4251 1051 4324 papae
1093 4228 1310 4302 cursoribus
1351 4244 1392 4301 et
1431 4227 1566 4302 deiude
1606 4251 1738 4302 omnes

237 4353 331 4426 alios
358 4369 397 4427 et
426 4352 596 4450 singulos
625 4377 693 4425 sua
721 4354 968 4426 communiter
996 4353 1055 4425 vel
1083 4353 1229 4425 divisim
1258 4353 1441 4426 interesse
1469 4366 1647 4449 putantes
1674 4377 1738 4425 eo·

239 4502 399 4573 rumque
427 4493 693 4572 procuratores
723 4479 752 4548 si
782 4476 846 4573 qui
873 4491 962 4549 tunc
991 4492 1099 4550 erant
1128 4478 1163 4548 in
1183 4478 1356 4552 Romana
1377 4476 1491 4550 Curia
1509 4501 1578 4573 pro
1597 4476 1737 4550 eisdem

238 4625 307 4697 per
334 4601 562 4674 audientiam
591 4601 776 4697 publicam
805 4600 1011 4674 litterarum
1039 4601 1355 4674 contradictarum
1392 4601 1563 4698 prelibati
1600 4600 1738 4674 domini

240 4727 357 4800 nostri
386 4751 485 4823 pape
512 4726 561 4799 ad
590 4725 792 4799 videndum
822 4743 861 4798 et
880 4724 1107 4798 audiendum
1126 4725 1324 4800 nonnullos
1344 4742 1463 4800 testes
1482 4725 1530 4800 de
1557 4741 1597 4800 et
1625 4750 1740 4822 super

238 4852 493 4948 recognitione
521 4866 647 4925 motus
674 4851 816 4947 proprii
844 4875 913 4946 per
941 4850 1105 4926 Ssmum.
1122 4850 1313 4924 dominum
1334 4871 1515 4934 nostrum,
1534 4850 1736 4924 Dominum

238 4974 392 5049 Paulum
421 4976 546 5049 divina
573 4974 808 5072 providentia
837 4998 974 5071 papam
1003 4975 1155 5048 tertium
1183 4974 1231 5048 de
1259 4975 1495 5072 expediendo
1530 4977 1651 5073 gratis
1685 4974 1738 5049 lit·

238 5115 339 5172 teras
368 5098 598 5194 apostolicas
625 5099 792 5195 produci,
825 5099 949 5196 recipi,
980 5101 1101 5172 iurare
1128 5115 1168 5172 et
1196 5099 1244 5172 ad
1273 5099 1467 5173 iurandum
1496 5099 1642 5174 admitti
1671 5125 1738 5173 nec

239 5248 312 5298 non
342 5223 443 5298 illum
472 5223 640 5297 mandari
669 5225 862 5310 transumi,
893 5223 1097 5320 exemplari
1129 5239 1168 5298 et
1210 5227 1244 5298 in
1287 5225 1473 5320 publicam
1515 5227 1738 5320 transumpti

237 5350 401 5468 sormam¹
425 5351 543 5448 redigi
571 5365 610 5422 et
638 5374 753 5445 super
780 5349 975 5447 premissis
1002 5349 1194 5424 decretum
1222 5365 1261 5423 et
1288 5351 1550 5423 auctoritatem
1571 5365 1738 5423 nostram
