3688 5924
163 311 167 320 ⁴
230 337 268 396 30
856 337 994 394 Saeculo
1012 335 1101 395 XIII

229 534 308 605 sine
336 532 554 606 difficultate
582 529 750 626 qualibet
777 529 898 602 eidem
927 531 1110 626 magistro
1141 529 1363 626 B(ernardo)
1398 530 1503 626 ipsos
1539 529 1724 604 decanum

228 674 267 731 et
294 657 496 753 capitulum
525 657 858 752 condempnantes,
889 669 928 728 et
955 654 1099 728 eisdem
1127 671 1309 750 quantum
1346 654 1395 727 ad
1433 655 1601 750 predicta
1638 679 1724 752 per-

228 799 383 879 petuum
412 781 597 855 silentium
627 783 876 876 imponentes.
906 781 1044 853 Actum
1069 779 1193 865 Asisii,
1225 781 1259 852 in
1289 781 1403 854 domo
1431 779 1494 854 ubi
1513 805 1583 854 nos
1602 781 1725 854 dictus

226 909 427 1004 episcopus
460 908 708 991 morabamur,
746 930 846 981 anno
888 907 1037 978 Domini
1066 917 1236 992 arcetur,
1277 906 1475 980 indictione
1515 906 1722 992 undecima,

226 1031 394 1106 kalendis
422 1031 527 1116 iuliis,
558 1047 729 1126 tempore
757 1031 896 1103 domini
915 1031 1116 1104 Innocentii
1147 1031 1247 1125 Pape
1276 1028 1422 1123 Quarti,
1451 1032 1611 1104 testibus
1639 1057 1726 1128 pre-

155 1167 164 1184 “
225 1158 394 1231 sentibus
423 1156 605 1254 magistro
635 1154 831 1229 Clemente
859 1156 1039 1229 canonico
1067 1154 1315 1240 Castelliensi‚
1347 1155 1625 1229 Lemovicensis
1645 1156 1727 1230 dio·

215 1258 334 1368 cesis,
364 1280 558 1378 Stephano
588 1280 780 1354 Bernardo
808 1280 943 1354 clerico
969 1280 1138 1353 eiusdem
1167 1279 1339 1364 diocesis,
1360 1281 1542 1378 magistro
1561 1281 1726 1355 Martino

125 1392 126 1395 ¹
229 1407 412 1491 Roderici,
435 1407 618 1504 magistro
633 1405 745 1478 Petro
763 1405 943 1478 canonico
963 1403 1235 1500 Portugalensi,
1256 1406 1437 1503 magistro
1459 1405 1727 1479 Bartholomeo

228 1532 377 1627 publico
406 1533 561 1616 notari0,
591 1547 631 1603 et
658 1527 827 1626 pluribus
854 1531 947 1604 aliis.

316 1683 333 1726 r
354 1654 454 1729 Nulli
467 1680 572 1753 ergo,
592 1671 678 1741 etc,
699 1655 810 1752 (hanc
830 1655 1023 1751 paginam)
1044 1667 1172 1776 nostre
1192 1652 1483 1728 confirmationis
1507 1652 1727 1755 (infringere

229 1780 288 1854 vel
316 1779 350 1852 ei
376 1805 471 1853 ausu
509 1779 709 1852 temerario
747 1779 941 1852 contraire.
977 1779 1015 1851 Si
1047 1779 1132 1873 quis
1169 1780 1320 1875 autem),
1360 1795 1443 1861 eta,
1483 1776 1572 1852 Dat.
1598 1777 1724 1866 Asisii

230 1929 254 1976 u
282 1905 462 1978 kalendas
490 1904 727 2001 septembris,
757 1927 856 1978 anno
884 1907 948 1977 x1⁰.

318 2061 335 2102 «
356 2089 377 2105 ..
396 2029 575 2103 Officialis
596 2029 836 2102 Bituricensis
855 2029 966 2102 datus
985 2045 1045 2102 est
1064 2029 1097 2100 ei
1117 2052 1232 2124 super
1254 2028 1325 2101 hoc
1344 2045 1598 2124 conservator.
1620 2027 1729 2121 Quo·

229 2156 326 2228 circa
355 2155 577 2228 mandamus
604 2153 781 2248 quatinus
811 2152 950 2226 dictum
978 2152 1195 2226 canonicum
1224 2152 1259 2224 in
1290 2151 1501 2226 huiusmodi
1520 2155 1725 2248 prebende,

231 2281 260 2353 si
290 2296 410 2364 vacat,
440 2277 499 2351 vel
527 2279 718 2374 quamcito
743 2278 933 2352 vacaverit
961 2279 1064 2350 iuxta
1083 2275 1373 2350 confirmationis
1394 2290 1523 2351 nostre
1543 2294 1739 2376 tenorem„

230 2429 299 2500 per
327 2381 365 2476 te
393 2402 452 2477 vel
479 2427 548 2498 per
575 2402 686 2474 alium
706 2401 939 2498 corporalem
960 2403 1241 2498 possessionem
1261 2402 1440 2474 inducens
1459 2425 1503 2473 ac
1521 2401 1729 2475 defendens

230 2529 433 2612 inductum,
454 2527 566 2601 facias
594 2551 680 2600 eum
708 2529 757 2600 ab
784 2527 900 2621 ipsius
928 2526 1084 2600 ecclesie
1112 2525 1275 2623 capitulo
1304 2526 1340 2597 iu
1367 2525 1584 2599 canonicum
1613 2527 1729 2622 recipi

231 2673 269 2726 et
297 2655 332 2726 in
360 2653 523 2738 fratrem,
553 2677 597 2725 ac
626 2649 774 2724 stallum
795 2652 830 2723 in
850 2649 965 2724 choro
993 2667 1031 2724 et
1058 2651 1179 2725 locum
1200 2653 1236 2722 in
1254 2648 1418 2746 capitulo
1437 2651 1632 2748 assignari,
1654 2675 1726 2724 non

230 2780 406 2853 obstante
436 2779 467 2851 si
494 2777 696 2850 venerabili
724 2777 825 2850 tratri
854 2793 1030 2852 nostro„
1070 2776 1251 2870 episcopo
1288 2791 1327 2847 et
1362 2774 1528 2871 capitulo
1559 2777 1726 2849 Lemovi-

231 2903 405 2976 censibus
432 2901 668 3000 generaliter,
698 2899 757 2973 vel
785 2899 971 2995 aliquibus
999 2925 1046 2972 ex
1074 2901 1128 2974 eis
1157 2898 1369 2996 specialiter
1395 2921 1417 2971 a
1445 2900 1537 2972 sede
1573 2916 1722 2995 aposto·

231 3028 300 3102 lica
328 3028 376 3099 sit
403 3026 585 3099 indultum
614 3025 718 3121 quod
746 3025 794 3098 ad
823 3026 1075 3122 receptionem
1095 3025 1154 3098 vel
1184 3025 1434 3120 provisionem
1454 3022 1608 3098 alicuius
1627 3049 1730 3098 com-

231 3148 327 3249 pelli,
360 3149 537 3246 quodque
566 3149 743 3232 interdici,
773 3149 954 3246 suspendi
984 3149 1042 3223 vel
1062 3149 1373 3222 excommunicari
1394 3173 1467 3222 non
1488 3151 1637 3244 possint
1659 3174 1729 3245 per

231 3277 376 3350 litteras
404 3277 502 3349 dicte
530 3274 631 3348 sedis
659 3300 733 3347 non
762 3275 940 3349 facientes
969 3275 1118 3370 plenam
1146 3291 1186 3348 et
1213 3298 1432 3370 expressam
1461 3299 1504 3347 ac
1533 3275 1581 3347 de
1610 3276 1725 3348 verbo

231 3403 280 3476 ad
307 3403 464 3476 verbum
488 3401 535 3474 de
564 3398 707 3474 indulto
729 3399 940 3474 huiusmodi
960 3402 1198 3486 mentionem,
1231 3401 1310 3473 sive
1338 3399 1504 3496 qualibet
1521 3399 1594 3472 alia
1613 3399 1730 3473 indul-

231 3527 360 3626 gentia
388 3526 490 3600 sedis
518 3525 695 3622 predicte,
727 3525 775 3598 de
803 3525 907 3598 cuius
938 3541 1020 3598 toto
1047 3542 1179 3598 tenore
1208 3539 1383 3620 oporteat
1418 3525 1453 3597 in
1486 3525 1729 3620 presentibus

233 3650 462 3724 mentionem
489 3649 578 3735 fieri,
609 3665 647 3722 et
674 3674 744 3745 per
770 3673 883 3744 quam
912 3647 1067 3722 effectus
1087 3649 1318 3745 presentium
1338 3648 1507 3744 impediri
1527 3649 1653 3721 valeat
1670 3647 1729 3721 vel

233 3775 389 3859 differri;
419 3776 727 3857 contradictores,
758 3791 841 3860 etc,
876 3775 964 3848 Dat.
995 3789 1037 3846 ut
1065 3798 1230 3870 supra».

950 4055 1012 4134 34.

235 4238 423 4333 Magister
449 4236 684 4321 Bernara'us,
715 4238 844 4334 Papae
873 4236 1102 4334 Capellanus,
1132 4237 1172 4308 in
1198 4238 1274 4310 sais
1296 4239 1504 4334 patentibus
1529 4238 1664 4311 litteris
1695 4265 1732 4312 se

315 4388 387 4436 non
398 4362 596 4460 praedicat
615 4361 825 4457 generalem
843 4361 1061 4434 Auditarem
1080 4387 1290 4450 causarum,
1308 4364 1375 4437 sed
1388 4365 1475 4436 talis
1485 4363 1732 4461 praedicatur

315 4488 413 4560 alias
445 4485 664 4584 Capellanus
690 4486 850 4571 auditor,
880 4485 1012 4559 rcz'la'cet
1037 4489 1214 4583 magester
1241 4489 1446 4562 Martinus.
1476 4531 1502 4542 -
1530 4489 1726 4574 Notarius,

316 4620 565 4685 sacrosanctae
584 4612 775 4684 Romanae
804 4611 985 4684 Ecclesiae
1012 4593 1238 4687 auctoritate.

317 4783 408 4855 (Rae.
430 4781 520 4857 Vns,
538 4783 596 4852 22,
610 4782 675 4858 sot.
695 4783 751 4856 94,
769 4799 859 4841 anno
878 4782 937 4853 XI,
955 4791 1024 4859 cap.
1043 4785 1126 4852 669,·
1144 4771 1179 4842 Ε.
1198 4785 1343 4858 Banasa,
1363 4801 1395 4843 n.
1414 4785 1526 4858 7530).

1281 4927 1359 4998 last,
1378 4929 1486 4986 martii
1507 4927 1549 5000 18,
1568 4925 1732 4988 laterani.

240 5203 1051 5221 .............
1108 5175 1125 5216 ι
1146 5145 1342 5220 Universis
1362 5162 1560 5244 presentes
1588 5147 1733 5222 litteras

235 5269 471 5366 inspecturis,
511 5273 691 5367 magister
730 5271 946 5344 Bernardus
988 5272 1127 5346 domini
1164 5271 1265 5367 Pape
1302 5270 1528 5368 capellanus,
1568 5274 1734 5348 decanus

239 5395 517 5482 Ulixbonensis,
547 5395 705 5469 salutem
735 5397 770 5469 in
800 5395 975 5472 Domino.
1006 5397 1047 5470 ln
1075 5421 1190 5470 causa
1217 5421 1291 5493 que
1317 5396 1412 5470 inter
1440 5397 1663 5471 Durandum
1684 5398 1732 5473 de
