<?xml version="1.0" encoding="UTF-8"?>
<!DOCTYPE html PUBLIC "-//W3C//DTD XHTML 1.0 Transitional//EN"
    "http://www.w3.org/TR/xhtml1/DTD/xhtml1-transitional.dtd">
<html xmlns="http://www.w3.org/1999/xhtml" xml:lang="en" lang="en">
 <head>
  <title>
</title>
<meta http-equiv="Content-Type" content="text/html;charset=utf-8" />
  <meta name='ocr-system' content='tesseract 3.04.00' />
  <meta name='ocr-capabilities' content='ocr_page ocr_carea ocr_par ocr_line ocrx_word'/>
</head>
<body>
  <div class='ocr_page' id='page_1' title='image "./capellanipapaee00cercgoog_0141.png"; bbox 0 0 3708 5918; ppageno 0'>
   <div class='ocr_carea' id='block_1_1' title="bbox 140 265 1644 411">
    <p class='ocr_par' dir='ltr' id='par_1_1' title="bbox 140 265 1644 411">
     <span class='ocr_line' id='line_1_1' title="bbox 758 265 1644 330; baseline 0.008 -2"><span class='ocrx_word' id='word_1_1' title='bbox 758 269 911 328; x_wconf 78' lang='lat' dir='ltr'><strong><em>Iohanne</em></strong></span> <span class='ocrx_word' id='word_1_2' title='bbox 929 269 1053 330; x_wconf 82' lang='lat' dir='ltr'><em>XXIII</em></span> <span class='ocrx_word' id='word_1_3' title='bbox 1608 265 1644 323; x_wconf 68' lang='grc'><strong>97</strong></span> 
     </span>
     <span class='ocr_line' id='line_1_2' title="bbox 140 365 1635 411; baseline 0 -35"><span class='ocrx_word' id='word_1_4' title='bbox 140 365 1635 411; x_wconf 43' lang='grc' dir='ltr'><strong>ᾑ-*Ἷ--ψ-</strong></span> 
     </span>
    </p>
   </div>
   <div class='ocr_carea' id='block_1_2' title="bbox 85 459 1732 4426">
    <p class='ocr_par' dir='ltr' id='par_1_2' title="bbox 85 459 1645 2678">
     <span class='ocr_line' id='line_1_3' title="bbox 134 459 1645 560; baseline -0.001 -26"><span class='ocrx_word' id='word_1_5' title='bbox 134 477 176 534; x_wconf 92' lang='lat' dir='ltr'><strong>et</strong></span> <span class='ocrx_word' id='word_1_6' title='bbox 215 459 391 535; x_wconf 87' lang='lat' dir='ltr'>indecens</span> <span class='ocrx_word' id='word_1_7' title='bbox 428 461 518 548; x_wconf 82' lang='lat' dir='ltr'><strong>iore,</strong></span> <span class='ocrx_word' id='word_1_8' title='bbox 567 462 772 558; x_wconf 86' lang='lat' dir='ltr'><strong>apostolice</strong></span> <span class='ocrx_word' id='word_1_9' title='bbox 809 463 911 538; x_wconf 92' lang='lat' dir='ltr'><strong>sedis</strong></span> <span class='ocrx_word' id='word_1_10' title='bbox 948 463 1176 560; x_wconf 87' lang='lat' dir='ltr'><strong>Capelianos</strong></span> <span class='ocrx_word' id='word_1_11' title='bbox 1204 479 1243 539; x_wconf 93' lang='lat' dir='ltr'><strong>et</strong></span> <span class='ocrx_word' id='word_1_12' title='bbox 1283 486 1481 540; x_wconf 89' lang='lat' dir='ltr'><strong>causarum</strong></span> <span class='ocrx_word' id='word_1_13' title='bbox 1517 461 1645 558; x_wconf 87' lang='lat' dir='ltr'><strong>palatii</strong></span> 
     </span>
     <span class='ocr_line' id='line_1_4' title="bbox 132 583 1644 685; baseline 0 -27"><span class='ocrx_word' id='word_1_14' title='bbox 132 583 329 680; x_wconf 89' lang='lat' dir='ltr'><strong>apostolici</strong></span> <span class='ocrx_word' id='word_1_15' title='bbox 360 585 566 660; x_wconf 84' lang='lat' dir='ltr'><strong>Auditores</strong></span> <span class='ocrx_word' id='word_1_16' title='bbox 592 586 709 661; x_wconf 93' lang='lat' dir='ltr'><strong>litium</strong></span> <span class='ocrx_word' id='word_1_17' title='bbox 737 587 962 662; x_wconf 79' lang='lat' dir='ltr'><strong>anfractibus</strong></span> <span class='ocrx_word' id='word_1_18' title='bbox 1001 588 1147 676; x_wconf 89' lang='lat' dir='ltr'><strong>involvi,</strong></span> <span class='ocrx_word' id='word_1_19' title='bbox 1180 605 1284 663; x_wconf 90' lang='lat' dir='ltr'><strong>motu</strong></span> <span class='ocrx_word' id='word_1_20' title='bbox 1313 588 1466 685; x_wconf 90' lang='lat' dir='ltr'><strong>proprio</strong></span> <span class='ocrx_word' id='word_1_21' title='bbox 1494 610 1568 660; x_wconf 93' lang='lat' dir='ltr'><strong>non</strong></span> <span class='ocrx_word' id='word_1_22' title='bbox 1595 585 1644 659; x_wconf 92' lang='lat' dir='ltr'><strong>ad</strong></span> 
     </span>
     <span class='ocr_line' id='line_1_5' title="bbox 85 694 1645 809; baseline 0 -27"><span class='ocrx_word' id='word_1_23' title='bbox 85 694 91 702; x_wconf 60' lang='grc'><strong>’</strong></span> <span class='ocrx_word' id='word_1_24' title='bbox 133 707 288 783; x_wconf 88' lang='lat' dir='ltr'><strong>alicuius</strong></span> <span class='ocrx_word' id='word_1_25' title='bbox 316 709 386 784; x_wconf 91' lang='lat' dir='ltr'>sibi</span> <span class='ocrx_word' id='word_1_26' title='bbox 414 735 529 806; x_wconf 93' lang='lat' dir='ltr'><strong>super</strong></span> <span class='ocrx_word' id='word_1_27' title='bbox 556 711 628 785; x_wconf 92' lang='lat' dir='ltr'><strong>hoc</strong></span> <span class='ocrx_word' id='word_1_28' title='bbox 658 712 783 786; x_wconf 88' lang='lat' dir='ltr'><strong>oblate</strong></span> <span class='ocrx_word' id='word_1_29' title='bbox 811 713 1001 809; x_wconf 85' lang='lat' dir='ltr'><strong>petitionis</strong></span> <span class='ocrx_word' id='word_1_30' title='bbox 1022 713 1246 800; x_wconf 78' lang='lat' dir='ltr'><strong>instantiam,</strong></span> <span class='ocrx_word' id='word_1_31' title='bbox 1272 713 1341 786; x_wconf 92' lang='lat' dir='ltr'><strong>sed</strong></span> <span class='ocrx_word' id='word_1_32' title='bbox 1369 713 1417 786; x_wconf 90' lang='lat' dir='ltr'><strong>de</strong></span> <span class='ocrx_word' id='word_1_33' title='bbox 1445 736 1515 785; x_wconf 87' lang='lat' dir='ltr'><strong>sua</strong></span> <span class='ocrx_word' id='word_1_34' title='bbox 1543 735 1645 782; x_wconf 90' lang='lat' dir='ltr'><strong>mera</strong></span> 
     </span>
     <span class='ocr_line' id='line_1_6' title="bbox 132 832 1645 934; baseline 0.003 -30"><span class='ocrx_word' id='word_1_35' title='bbox 132 832 354 908; x_wconf 88' lang='lat' dir='ltr'><strong>liberalitate</strong></span> <span class='ocrx_word' id='word_1_36' title='bbox 391 833 575 921; x_wconf 91' lang='lat' dir='ltr'><strong>videlicet,</strong></span> <span class='ocrx_word' id='word_1_37' title='bbox 607 835 716 910; x_wconf 90' lang='lat' dir='ltr'><strong>nonis</strong></span> <span class='ocrx_word' id='word_1_38' title='bbox 752 837 833 910; x_wconf 92' lang='lat' dir='ltr'><strong>Iulii</strong></span> <span class='ocrx_word' id='word_1_39' title='bbox 870 837 1112 913; x_wconf 85' lang='lat' dir='ltr'><strong>Pontificatus</strong></span> <span class='ocrx_word' id='word_1_40' title='bbox 1146 838 1201 912; x_wconf 90' lang='lat' dir='ltr'><strong>sui</strong></span> <span class='ocrx_word' id='word_1_41' title='bbox 1243 863 1342 912; x_wconf 91' lang='lat' dir='ltr'><strong>anno</strong></span> <span class='ocrx_word' id='word_1_42' title='bbox 1375 837 1508 934; x_wconf 93' lang='lat' dir='ltr'><strong>prim0,</strong></span> <span class='ocrx_word' id='word_1_43' title='bbox 1529 834 1645 909; x_wconf 92' lang='lat' dir='ltr'><strong>voluit</strong></span> 
     </span>
     <span class='ocr_line' id='line_1_7' title="bbox 130 956 1643 1058; baseline 0 -28"><span class='ocrx_word' id='word_1_44' title='bbox 130 982 175 1031; x_wconf 87' lang='lat' dir='ltr'><strong>ac</strong></span> <span class='ocrx_word' id='word_1_45' title='bbox 201 957 380 1054; x_wconf 88' lang='lat' dir='ltr'><strong>predictis</strong></span> <span class='ocrx_word' id='word_1_46' title='bbox 409 956 624 1054; x_wconf 89' lang='lat' dir='ltr'><strong>Capellanis</strong></span> <span class='ocrx_word' id='word_1_47' title='bbox 652 976 692 1035; x_wconf 88' lang='lat' dir='ltr'><strong>et</strong></span> <span class='ocrx_word' id='word_1_48' title='bbox 728 962 976 1036; x_wconf 89' lang='lat' dir='ltr'><strong>Auditoribus</strong></span> <span class='ocrx_word' id='word_1_49' title='bbox 1005 963 1242 1058; x_wconf 85' lang='lat' dir='ltr'><strong>presentibus</strong></span> <span class='ocrx_word' id='word_1_50' title='bbox 1271 979 1310 1036; x_wconf 92' lang='lat' dir='ltr'><strong>et</strong></span> <span class='ocrx_word' id='word_1_51' title='bbox 1337 960 1471 1034; x_wconf 82' lang='lat' dir='ltr'><strong>futuris</strong></span> <span class='ocrx_word' id='word_1_52' title='bbox 1497 959 1643 1034; x_wconf 88' lang='lat' dir='ltr'><strong>eorum-</strong></span> 
     </span>
     <span class='ocr_line' id='line_1_8' title="bbox 132 1084 1642 1184; baseline -0.001 -29"><span class='ocrx_word' id='word_1_53' title='bbox 132 1106 208 1178; x_wconf 87' lang='lat' dir='ltr'><strong>que</strong></span> <span class='ocrx_word' id='word_1_54' title='bbox 248 1085 546 1170; x_wconf 89' lang='lat' dir='ltr'><strong>successoribus,</strong></span> <span class='ocrx_word' id='word_1_55' title='bbox 589 1107 658 1161; x_wconf 92' lang='lat' dir='ltr'><strong>nec</strong></span> <span class='ocrx_word' id='word_1_56' title='bbox 693 1109 766 1160; x_wconf 90' lang='lat' dir='ltr'><strong>non</strong></span> <span class='ocrx_word' id='word_1_57' title='bbox 804 1085 887 1162; x_wconf 92' lang='lat' dir='ltr'><strong>loco</strong></span> <span class='ocrx_word' id='word_1_58' title='bbox 925 1087 1094 1184; x_wconf 90' lang='lat' dir='ltr'><strong>ipsorum</strong></span> <span class='ocrx_word' id='word_1_59' title='bbox 1137 1087 1270 1184; x_wconf 92' lang='lat' dir='ltr'><strong>positis</strong></span> <span class='ocrx_word' id='word_1_60' title='bbox 1306 1103 1346 1160; x_wconf 91' lang='lat' dir='ltr'><strong>et</strong></span> <span class='ocrx_word' id='word_1_61' title='bbox 1376 1084 1572 1182; x_wconf 89' lang='lat' dir='ltr'><strong>ponendis,</strong></span> <span class='ocrx_word' id='word_1_62' title='bbox 1607 1084 1642 1155; x_wconf 93' lang='lat' dir='ltr'><strong>in</strong></span> 
     </span>
     <span class='ocr_line' id='line_1_9' title="bbox 135 1208 1642 1308; baseline 0 -28"><span class='ocrx_word' id='word_1_63' title='bbox 135 1222 361 1304; x_wconf 92' lang='lat' dir='ltr'><strong>perpetuum</strong></span> <span class='ocrx_word' id='word_1_64' title='bbox 388 1208 599 1303; x_wconf 88' lang='lat' dir='ltr'><strong>apostolica</strong></span> <span class='ocrx_word' id='word_1_65' title='bbox 632 1211 857 1285; x_wconf 87' lang='lat' dir='ltr'><strong>auctoritate</strong></span> <span class='ocrx_word' id='word_1_66' title='bbox 895 1212 1090 1299; x_wconf 89' lang='lat' dir='ltr'><strong>concessit,</strong></span> <span class='ocrx_word' id='word_1_67' title='bbox 1126 1209 1230 1308; x_wconf 94' lang='lat' dir='ltr'><strong>quod</strong></span> <span class='ocrx_word' id='word_1_68' title='bbox 1258 1209 1381 1284; x_wconf 92' lang='lat' dir='ltr'><strong>nullus</strong></span> <span class='ocrx_word' id='word_1_69' title='bbox 1417 1234 1642 1284; x_wconf 91' lang='lat' dir='ltr'><strong>concurrens</strong></span> 
     </span>
     <span class='ocr_line' id='line_1_10' title="bbox 135 1330 1641 1433; baseline -0.001 -29"><span class='ocrx_word' id='word_1_70' title='bbox 135 1357 218 1404; x_wconf 93' lang='lat' dir='ltr'><strong>cum</strong></span> <span class='ocrx_word' id='word_1_71' title='bbox 237 1331 339 1428; x_wconf 90' lang='lat' dir='ltr'><strong>ipsis,</strong></span> <span class='ocrx_word' id='word_1_72' title='bbox 360 1355 426 1405; x_wconf 98' lang='grc' dir='ltr'>εει]</span> <span class='ocrx_word' id='word_1_73' title='bbox 447 1355 579 1408; x_wconf 91' lang='lat' dir='ltr'><strong>eorum</strong></span> <span class='ocrx_word' id='word_1_74' title='bbox 599 1332 736 1429; x_wconf 92' lang='lat' dir='ltr'><strong>aliquo,</strong></span> <span class='ocrx_word' id='word_1_75' title='bbox 759 1335 795 1408; x_wconf 93' lang='lat' dir='ltr'><strong>in</strong></span> <span class='ocrx_word' id='word_1_76' title='bbox 824 1335 976 1410; x_wconf 89' lang='lat' dir='ltr'><strong>datione</strong></span> <span class='ocrx_word' id='word_1_77' title='bbox 995 1335 1116 1433; x_wconf 85' lang='lat' dir='ltr'><strong>gratie</strong></span> <span class='ocrx_word' id='word_1_78' title='bbox 1138 1333 1287 1410; x_wconf 89' lang='lat' dir='ltr'><strong>cuilibet</strong></span> <span class='ocrx_word' id='word_1_79' title='bbox 1315 1333 1480 1430; x_wconf 92' lang='lat' dir='ltr'><strong>ipsorum</strong></span> <span class='ocrx_word' id='word_1_80' title='bbox 1500 1357 1523 1406; x_wconf 97' lang='lat' dir='ltr'><strong>a</strong></span> <span class='ocrx_word' id='word_1_81' title='bbox 1550 1330 1641 1404; x_wconf 90' lang='lat' dir='ltr'><strong>sede</strong></span> 
     </span>
     <span class='ocr_line' id='line_1_11' title="bbox 133 1456 1640 1556; baseline 0.002 -29"><span class='ocrx_word' id='word_1_82' title='bbox 133 1456 299 1552; x_wconf 90' lang='lat' dir='ltr'><strong>predicta</strong></span> <span class='ocrx_word' id='word_1_83' title='bbox 326 1480 506 1531; x_wconf 89' lang='lat' dir='ltr'><strong>concesse</strong></span> <span class='ocrx_word' id='word_1_84' title='bbox 535 1457 595 1532; x_wconf 88' lang='lat' dir='ltr'><strong>vel</strong></span> <span class='ocrx_word' id='word_1_85' title='bbox 624 1459 661 1530; x_wconf 89' lang='lat' dir='ltr'><strong>in</strong></span> <span class='ocrx_word' id='word_1_86' title='bbox 689 1472 885 1554; x_wconf 91' lang='lat' dir='ltr'><strong>posterum</strong></span> <span class='ocrx_word' id='word_1_87' title='bbox 905 1458 1157 1544; x_wconf 89' lang='lat' dir='ltr'><strong>concedende,</strong></span> <span class='ocrx_word' id='word_1_88' title='bbox 1178 1475 1355 1556; x_wconf 90' lang='lat' dir='ltr'><strong>pretextu</strong></span> <span class='ocrx_word' id='word_1_89' title='bbox 1376 1457 1536 1532; x_wconf 91' lang='lat' dir='ltr'><strong>cuiusvis</strong></span> <span class='ocrx_word' id='word_1_90' title='bbox 1557 1482 1640 1554; x_wconf 90' lang='lat' dir='ltr'><strong>pre-</strong></span> 
     </span>
     <span class='ocr_line' id='line_1_12' title="bbox 132 1580 1640 1678; baseline -0.001 -24"><span class='ocrx_word' id='word_1_91' title='bbox 132 1580 327 1668; x_wconf 77' lang='lat' dir='ltr'><strong>ventioniS,</strong></span> <span class='ocrx_word' id='word_1_92' title='bbox 349 1606 417 1655; x_wconf 90' lang='lat' dir='ltr'><strong>seu</strong></span> <span class='ocrx_word' id='word_1_93' title='bbox 445 1582 734 1676; x_wconf 88' lang='lat' dir='ltr'><strong>presentationis</strong></span> <span class='ocrx_word' id='word_1_94' title='bbox 762 1581 969 1658; x_wconf 87' lang='lat' dir='ltr'><strong>litterarum</strong></span> <span class='ocrx_word' id='word_1_95' title='bbox 999 1599 1066 1658; x_wconf 90' lang='lat' dir='ltr'><strong>aut</strong></span> <span class='ocrx_word' id='word_1_96' title='bbox 1102 1583 1252 1658; x_wconf 88' lang='lat' dir='ltr'><strong>maioris</strong></span> <span class='ocrx_word' id='word_1_97' title='bbox 1291 1583 1417 1657; x_wconf 80' lang='lat' dir='ltr'><strong>forsan</strong></span> <span class='ocrx_word' id='word_1_98' title='bbox 1451 1580 1640 1678; x_wconf 87' lang='lat' dir='ltr'><strong>diligentie</strong></span> 
     </span>
     <span class='ocr_line' id='line_1_13' title="bbox 130 1699 1640 1805; baseline 0.003 -28"><span class='ocrx_word' id='word_1_99' title='bbox 130 1705 228 1779; x_wconf 91' lang='lat' dir='ltr'><strong>circa</strong></span> <span class='ocrx_word' id='word_1_100' title='bbox 256 1705 559 1802; x_wconf 87' lang='lat' dir='ltr'><strong>prosecutionem</strong></span> <span class='ocrx_word' id='word_1_101' title='bbox 586 1699 709 1804; x_wconf 75' lang='lat' dir='ltr'><strong>glatie</strong></span> <span class='ocrx_word' id='word_1_102' title='bbox 737 1706 951 1783; x_wconf 90' lang='lat' dir='ltr'><strong>huiusmodi</strong></span> <span class='ocrx_word' id='word_1_103' title='bbox 979 1709 1075 1783; x_wconf 85' lang='lat' dir='ltr'><strong>facte</strong></span> <span class='ocrx_word' id='word_1_104' title='bbox 1104 1709 1195 1805; x_wconf 89' lang='lat' dir='ltr'><strong>ipsis</strong></span> <span class='ocrx_word' id='word_1_105' title='bbox 1214 1709 1250 1780; x_wconf 94' lang='lat' dir='ltr'><strong>in</strong></span> <span class='ocrx_word' id='word_1_106' title='bbox 1269 1707 1507 1782; x_wconf 88' lang='lat' dir='ltr'><strong>assecutione</strong></span> <span class='ocrx_word' id='word_1_107' title='bbox 1526 1708 1640 1781; x_wconf 90' lang='lat' dir='ltr'><strong>bene-</strong></span> 
     </span>
     <span class='ocr_line' id='line_1_14' title="bbox 132 1828 1639 1930; baseline 0.001 -28"><span class='ocrx_word' id='word_1_108' title='bbox 132 1828 297 1903; x_wconf 91' lang='lat' dir='ltr'><strong>ficiorum</strong></span> <span class='ocrx_word' id='word_1_109' title='bbox 325 1854 401 1927; x_wconf 88' lang='lat' dir='ltr'><strong>que</strong></span> <span class='ocrx_word' id='word_1_110' title='bbox 428 1832 691 1928; x_wconf 86' lang='lat' dir='ltr'><strong>expectabant,</strong></span> <span class='ocrx_word' id='word_1_111' title='bbox 722 1857 789 1906; x_wconf 90' lang='lat' dir='ltr'><strong>seu</strong></span> <span class='ocrx_word' id='word_1_112' title='bbox 818 1848 1074 1930; x_wconf 87' lang='lat' dir='ltr'><strong>expectarent,</strong></span> <span class='ocrx_word' id='word_1_113' title='bbox 1105 1851 1144 1908; x_wconf 90' lang='lat' dir='ltr'><strong>et</strong></span> <span class='ocrx_word' id='word_1_114' title='bbox 1173 1858 1246 1929; x_wconf 93' lang='lat' dir='ltr'><strong>que</strong></span> <span class='ocrx_word' id='word_1_115' title='bbox 1275 1832 1405 1929; x_wconf 87' lang='lat' dir='ltr'><strong>vigore</strong></span> <span class='ocrx_word' id='word_1_116' title='bbox 1433 1829 1639 1905; x_wconf 89' lang='lat' dir='ltr'><strong>litterarum</strong></span> 
     </span>
     <span class='ocr_line' id='line_1_15' title="bbox 131 1954 1638 2055; baseline 0 -27"><span class='ocrx_word' id='word_1_117' title='bbox 131 1955 423 2052; x_wconf 86' lang='lat' dir='ltr'><strong>apostolicarum</strong></span> <span class='ocrx_word' id='word_1_118' title='bbox 458 1954 550 2053; x_wconf 90' lang='lat' dir='ltr'><strong>ipsis</strong></span> <span class='ocrx_word' id='word_1_119' title='bbox 578 1981 843 2031; x_wconf 89' lang='lat' dir='ltr'><strong>concessarum</strong></span> <span class='ocrx_word' id='word_1_120' title='bbox 871 1957 962 2032; x_wconf 87' lang='lat' dir='ltr'><strong>alias</strong></span> <span class='ocrx_word' id='word_1_121' title='bbox 1000 1957 1094 2032; x_wconf 85' lang='lat' dir='ltr'><strong>inira</strong></span> <span class='ocrx_word' id='word_1_122' title='bbox 1121 1977 1272 2054; x_wconf 91' lang='lat' dir='ltr'><strong>tempus</strong></span> <span class='ocrx_word' id='word_1_123' title='bbox 1299 1956 1505 2055; x_wconf 86' lang='lat' dir='ltr'><strong>legitimum</strong></span> <span class='ocrx_word' id='word_1_124' title='bbox 1534 1979 1638 2029; x_wconf 91' lang='lat' dir='ltr'><strong>acce-</strong></span> 
     </span>
     <span class='ocr_line' id='line_1_16' title="bbox 130 2081 1638 2180; baseline -0.001 -26"><span class='ocrx_word' id='word_1_125' title='bbox 130 2097 284 2176; x_wconf 86' lang='lat' dir='ltr'><strong>ptarent</strong></span> <span class='ocrx_word' id='word_1_126' title='bbox 309 2106 380 2177; x_wconf 91' lang='lat' dir='ltr'><strong>pro</strong></span> <span class='ocrx_word' id='word_1_127' title='bbox 407 2098 579 2178; x_wconf 87' lang='lat' dir='ltr'><strong>tempore</strong></span> <span class='ocrx_word' id='word_1_128' title='bbox 606 2099 646 2156; x_wconf 91' lang='lat' dir='ltr'><strong>et</strong></span> <span class='ocrx_word' id='word_1_129' title='bbox 674 2082 721 2156; x_wconf 92' lang='lat' dir='ltr'><strong>de</strong></span> <span class='ocrx_word' id='word_1_130' title='bbox 750 2083 885 2179; x_wconf 90' lang='lat' dir='ltr'><strong>quibus</strong></span> <span class='ocrx_word' id='word_1_131' title='bbox 915 2083 984 2158; x_wconf 89' lang='lat' dir='ltr'><strong>sibi</strong></span> <span class='ocrx_word' id='word_1_132' title='bbox 1011 2084 1178 2158; x_wconf 82' lang='lat' dir='ltr'><strong>iacerent</strong></span> <span class='ocrx_word' id='word_1_133' title='bbox 1205 2083 1403 2180; x_wconf 83' lang='lat' dir='ltr'><strong>provideri,</strong></span> <span class='ocrx_word' id='word_1_134' title='bbox 1434 2081 1638 2155; x_wconf 91' lang='lat' dir='ltr'><strong>dummodo</strong></span> 
     </span>
     <span class='ocr_line' id='line_1_17' title="bbox 130 2205 1639 2305; baseline 0.001 -27"><span class='ocrx_word' id='word_1_135' title='bbox 130 2205 216 2278; x_wconf 87' lang='lat' dir='ltr'><strong>talis</strong></span> <span class='ocrx_word' id='word_1_136' title='bbox 243 2206 298 2280; x_wconf 91' lang='lat' dir='ltr'><strong>eis</strong></span> <span class='ocrx_word' id='word_1_137' title='bbox 325 2205 361 2278; x_wconf 92' lang='lat' dir='ltr'><strong>in</strong></span> <span class='ocrx_word' id='word_1_138' title='bbox 388 2206 510 2303; x_wconf 82' lang='lat' dir='ltr'><strong>gradu</strong></span> <span class='ocrx_word' id='word_1_139' title='bbox 539 2207 657 2281; x_wconf 86' lang='lat' dir='ltr'><strong>maior</strong></span> <span class='ocrx_word' id='word_1_140' title='bbox 683 2207 742 2282; x_wconf 89' lang='lat' dir='ltr'><strong>vel</strong></span> <span class='ocrx_word' id='word_1_141' title='bbox 769 2207 916 2303; x_wconf 88' lang='lat' dir='ltr'><strong>equalis</strong></span> <span class='ocrx_word' id='word_1_142' title='bbox 935 2233 1010 2283; x_wconf 90' lang='lat' dir='ltr'><strong>non</strong></span> <span class='ocrx_word' id='word_1_143' title='bbox 1029 2209 1219 2296; x_wconf 86' lang='lat' dir='ltr'><strong>existeret,</strong></span> <span class='ocrx_word' id='word_1_144' title='bbox 1242 2222 1374 2305; x_wconf 92' lang='lat' dir='ltr'><strong>posset</strong></span> <span class='ocrx_word' id='word_1_145' title='bbox 1390 2232 1457 2280; x_wconf 91' lang='lat' dir='ltr'><strong>seu</strong></span> <span class='ocrx_word' id='word_1_146' title='bbox 1483 2206 1639 2280; x_wconf 89' lang='lat' dir='ltr'><strong>deberet</strong></span> 
     </span>
     <span class='ocr_line' id='line_1_18' title="bbox 128 2329 1635 2428; baseline -0.001 -25"><span class='ocrx_word' id='word_1_147' title='bbox 128 2329 306 2404; x_wconf 81' lang='lat' dir='ltr'><strong>anteferri</strong></span> <span class='ocrx_word' id='word_1_148' title='bbox 346 2331 628 2428; x_wconf 90' lang='lat' dir='ltr'><strong>quoquomodo,</strong></span> <span class='ocrx_word' id='word_1_149' title='bbox 657 2357 703 2405; x_wconf 91' lang='lat' dir='ltr'><strong>ac</strong></span> <span class='ocrx_word' id='word_1_150' title='bbox 735 2332 902 2406; x_wconf 90' lang='lat' dir='ltr'><strong>decrevit</strong></span> <span class='ocrx_word' id='word_1_151' title='bbox 938 2358 986 2408; x_wconf 91' lang='lat' dir='ltr'><strong>ex</strong></span> <span class='ocrx_word' id='word_1_152' title='bbox 1014 2350 1103 2426; x_wconf 90' lang='lat' dir='ltr'><strong>tunc</strong></span> <span class='ocrx_word' id='word_1_153' title='bbox 1131 2333 1272 2406; x_wconf 89' lang='lat' dir='ltr'><strong>irritum</strong></span> <span class='ocrx_word' id='word_1_154' title='bbox 1316 2347 1355 2406; x_wconf 92' lang='lat' dir='ltr'><strong>et</strong></span> <span class='ocrx_word' id='word_1_155' title='bbox 1395 2332 1505 2406; x_wconf 88' lang='lat' dir='ltr'><strong>inane</strong></span> <span class='ocrx_word' id='word_1_156' title='bbox 1533 2330 1635 2428; x_wconf 91' lang='lat' dir='ltr'><strong>quid·</strong></span> 
     </span>
     <span class='ocr_line' id='line_1_19' title="bbox 129 2454 1636 2554; baseline 0.002 -26"><span class='ocrx_word' id='word_1_157' title='bbox 129 2455 222 2550; x_wconf 92' lang='lat' dir='ltr'><strong>quid</strong></span> <span class='ocrx_word' id='word_1_158' title='bbox 250 2456 286 2528; x_wconf 93' lang='lat' dir='ltr'><strong>in</strong></span> <span class='ocrx_word' id='word_1_159' title='bbox 314 2456 538 2530; x_wconf 86' lang='lat' dir='ltr'><strong>contrarium</strong></span> <span class='ocrx_word' id='word_1_160' title='bbox 566 2481 589 2529; x_wconf 89' lang='lat' dir='ltr'><strong>a</strong></span> <span class='ocrx_word' id='word_1_161' title='bbox 617 2480 820 2554; x_wconf 88' lang='lat' dir='ltr'><strong>quoquam,</strong></span> <span class='ocrx_word' id='word_1_162' title='bbox 842 2457 976 2554; x_wconf 90' lang='lat' dir='ltr'><strong>quavis</strong></span> <span class='ocrx_word' id='word_1_163' title='bbox 1003 2458 1237 2542; x_wconf 89' lang='lat' dir='ltr'><strong>auctoritate,</strong></span> <span class='ocrx_word' id='word_1_164' title='bbox 1260 2456 1420 2530; x_wconf 91' lang='lat' dir='ltr'><strong>scienter</strong></span> <span class='ocrx_word' id='word_1_165' title='bbox 1447 2454 1506 2529; x_wconf 87' lang='lat' dir='ltr'><strong>vel</strong></span> <span class='ocrx_word' id='word_1_166' title='bbox 1534 2455 1636 2554; x_wconf 85' lang='lat' dir='ltr'><strong>igno·</strong></span> 
     </span>
     <span class='ocr_line' id='line_1_20' title="bbox 129 2580 788 2678; baseline 0.006 -26"><span class='ocrx_word' id='word_1_167' title='bbox 129 2597 267 2664; x_wconf 89' lang='lat' dir='ltr'><strong>ranter,</strong></span> <span class='ocrx_word' id='word_1_168' title='bbox 297 2580 534 2678; x_wconf 86' lang='lat' dir='ltr'><strong>contingeret</strong></span> <span class='ocrx_word' id='word_1_169' title='bbox 559 2583 788 2678; x_wconf 84' lang='lat' dir='ltr'><strong>attemptari.</strong></span> 
     </span>
    </p>

    <p class='ocr_par' dir='ltr' id='par_1_3' title="bbox 126 2703 1635 3924">
     <span class='ocr_line' id='line_1_21' title="bbox 211 2703 1634 2804; baseline -0.001 -26"><span class='ocrx_word' id='word_1_170' title='bbox 211 2703 272 2780; x_wconf 91' lang='lat' dir='ltr'><strong>Ne</strong></span> <span class='ocrx_word' id='word_1_171' title='bbox 298 2720 436 2793; x_wconf 89' lang='lat' dir='ltr'><strong>autem,</strong></span> <span class='ocrx_word' id='word_1_172' title='bbox 466 2727 538 2802; x_wconf 92' lang='lat' dir='ltr'><strong>pro</strong></span> <span class='ocrx_word' id='word_1_173' title='bbox 570 2706 749 2803; x_wconf 90' lang='lat' dir='ltr'><strong>eoquod</strong></span> <span class='ocrx_word' id='word_1_174' title='bbox 778 2707 865 2782; x_wconf 91' lang='lat' dir='ltr'><strong>dicti</strong></span> <span class='ocrx_word' id='word_1_175' title='bbox 893 2707 1176 2804; x_wconf 88' lang='lat' dir='ltr'><strong>predecessoris</strong></span> <span class='ocrx_word' id='word_1_176' title='bbox 1203 2705 1491 2802; x_wconf 88' lang='lat' dir='ltr'><strong>superveniente</strong></span> <span class='ocrx_word' id='word_1_177' title='bbox 1531 2705 1634 2779; x_wconf 90' lang='lat' dir='ltr'><strong>obitu</strong></span> 
     </span>
     <span class='ocr_line' id='line_1_22' title="bbox 128 2829 1635 2928; baseline 0 -26"><span class='ocrx_word' id='word_1_178' title='bbox 128 2829 253 2904; x_wconf 87' lang='lat' dir='ltr'><strong>littere</strong></span> <span class='ocrx_word' id='word_1_179' title='bbox 292 2830 499 2928; x_wconf 89' lang='lat' dir='ltr'><strong>apostolice</strong></span> <span class='ocrx_word' id='word_1_180' title='bbox 526 2856 640 2928; x_wconf 88' lang='lat' dir='ltr'><strong>super</strong></span> <span class='ocrx_word' id='word_1_181' title='bbox 666 2831 859 2907; x_wconf 90' lang='lat' dir='ltr'><strong>voluntate</strong></span> <span class='ocrx_word' id='word_1_182' title='bbox 886 2849 925 2907; x_wconf 90' lang='lat' dir='ltr'><strong>et</strong></span> <span class='ocrx_word' id='word_1_183' title='bbox 953 2832 1196 2908; x_wconf 86' lang='lat' dir='ltr'><strong>concessione</strong></span> <span class='ocrx_word' id='word_1_184' title='bbox 1224 2831 1436 2906; x_wconf 89' lang='lat' dir='ltr'><strong>huiusmodi</strong></span> <span class='ocrx_word' id='word_1_185' title='bbox 1468 2829 1635 2905; x_wconf 82' lang='lat' dir='ltr'><strong>coniecte</strong></span> 
     </span>
     <span class='ocr_line' id='line_1_23' title="bbox 128 2955 1630 3052; baseline 0.001 -25"><span class='ocrx_word' id='word_1_186' title='bbox 128 2977 205 3028; x_wconf 92' lang='lat' dir='ltr'><strong>non</strong></span> <span class='ocrx_word' id='word_1_187' title='bbox 240 2955 399 3042; x_wconf 85' lang='lat' dir='ltr'><strong>suerunt,</strong></span> <span class='ocrx_word' id='word_1_188' title='bbox 430 2955 478 3030; x_wconf 91' lang='lat' dir='ltr'><strong>de</strong></span> <span class='ocrx_word' id='word_1_189' title='bbox 514 2955 718 3030; x_wconf 87' lang='lat' dir='ltr'><strong>voluntatis</strong></span> <span class='ocrx_word' id='word_1_190' title='bbox 754 2970 794 3030; x_wconf 91' lang='lat' dir='ltr'><strong>et</strong></span> <span class='ocrx_word' id='word_1_191' title='bbox 820 2958 1075 3032; x_wconf 90' lang='lat' dir='ltr'><strong>concessionis</strong></span> <span class='ocrx_word' id='word_1_192' title='bbox 1101 2955 1319 3031; x_wconf 90' lang='lat' dir='ltr'><strong>earumdem</strong></span> <span class='ocrx_word' id='word_1_193' title='bbox 1348 2955 1486 3030; x_wconf 88' lang='lat' dir='ltr'><strong>viribus</strong></span> <span class='ocrx_word' id='word_1_194' title='bbox 1520 2955 1630 3052; x_wconf 90' lang='lat' dir='ltr'><strong>impo-</strong></span> 
     </span>
     <span class='ocr_line' id='line_1_24' title="bbox 129 3079 1631 3179; baseline 0.001 -26"><span class='ocrx_word' id='word_1_195' title='bbox 129 3097 273 3154; x_wconf 92' lang='lat' dir='ltr'><strong>sterum</strong></span> <span class='ocrx_word' id='word_1_196' title='bbox 301 3080 426 3154; x_wconf 85' lang='lat' dir='ltr'><strong>valeat</strong></span> <span class='ocrx_word' id='word_1_197' title='bbox 457 3079 622 3170; x_wconf 88' lang='lat' dir='ltr'><strong>hesitari,</strong></span> <span class='ocrx_word' id='word_1_198' title='bbox 650 3081 824 3155; x_wconf 88' lang='lat' dir='ltr'><strong>volumus</strong></span> <span class='ocrx_word' id='word_1_199' title='bbox 846 3097 896 3168; x_wconf 91' lang='lat' dir='ltr'><strong>et,</strong></span> <span class='ocrx_word' id='word_1_200' title='bbox 927 3083 1149 3158; x_wconf 86' lang='lat' dir='ltr'><strong>auctoritate</strong></span> <span class='ocrx_word' id='word_1_201' title='bbox 1178 3081 1356 3179; x_wconf 88' lang='lat' dir='ltr'><strong>predicta,</strong></span> <span class='ocrx_word' id='word_1_202' title='bbox 1387 3079 1631 3165; x_wconf 87' lang='lat' dir='ltr'><strong>decernimus,</strong></span> 
     </span>
     <span class='ocr_line' id='line_1_25' title="bbox 129 3203 1633 3305; baseline 0 -29"><span class='ocrx_word' id='word_1_203' title='bbox 129 3204 234 3300; x_wconf 90' lang='lat' dir='ltr'><strong>quod</strong></span> <span class='ocrx_word' id='word_1_204' title='bbox 261 3205 434 3278; x_wconf 88' lang='lat' dir='ltr'><strong>voluntas</strong></span> <span class='ocrx_word' id='word_1_205' title='bbox 470 3221 510 3280; x_wconf 89' lang='lat' dir='ltr'><strong>et</strong></span> <span class='ocrx_word' id='word_1_206' title='bbox 546 3207 741 3281; x_wconf 85' lang='lat' dir='ltr'><strong>concessio</strong></span> <span class='ocrx_word' id='word_1_207' title='bbox 778 3206 945 3304; x_wconf 88' lang='lat' dir='ltr'><strong>predicte</strong></span> <span class='ocrx_word' id='word_1_208' title='bbox 977 3208 1134 3304; x_wconf 87' lang='lat' dir='ltr'><strong>perinde</strong></span> <span class='ocrx_word' id='word_1_209' title='bbox 1170 3232 1193 3280; x_wconf 88' lang='lat' dir='ltr'><strong>a</strong></span> <span class='ocrx_word' id='word_1_210' title='bbox 1224 3205 1323 3305; x_wconf 80' lang='lat' dir='ltr'><strong>dicta</strong></span> <span class='ocrx_word' id='word_1_211' title='bbox 1360 3205 1431 3290; x_wconf 89' lang='lat' dir='ltr'><strong>die,</strong></span> <span class='ocrx_word' id='word_1_212' title='bbox 1461 3203 1633 3279; x_wconf 87' lang='lat' dir='ltr'><strong>videlicet</strong></span> 
     </span>
     <span class='ocr_line' id='line_1_26' title="bbox 128 3327 1635 3428; baseline 0.001 -27"><span class='ocrx_word' id='word_1_213' title='bbox 128 3329 237 3404; x_wconf 92' lang='lat' dir='ltr'><strong>nonis</strong></span> <span class='ocrx_word' id='word_1_214' title='bbox 263 3327 347 3415; x_wconf 91' lang='lat' dir='ltr'><strong>iulii,</strong></span> <span class='ocrx_word' id='word_1_215' title='bbox 378 3353 487 3404; x_wconf 91' lang='lat' dir='ltr'><strong>suum</strong></span> <span class='ocrx_word' id='word_1_216' title='bbox 516 3330 719 3404; x_wconf 90' lang='lat' dir='ltr'><strong>sortiantur</strong></span> <span class='ocrx_word' id='word_1_217' title='bbox 745 3329 919 3405; x_wconf 82' lang='lat' dir='ltr'><strong>effectum</strong></span> <span class='ocrx_word' id='word_1_218' title='bbox 948 3355 991 3406; x_wconf 90' lang='lat' dir='ltr'><strong>ac</strong></span> <span class='ocrx_word' id='word_1_219' title='bbox 1020 3331 1052 3406; x_wconf 93' lang='lat' dir='ltr'><strong>si</strong></span> <span class='ocrx_word' id='word_1_220' title='bbox 1079 3355 1193 3428; x_wconf 91' lang='lat' dir='ltr'><strong>super</strong></span> <span class='ocrx_word' id='word_1_221' title='bbox 1224 3331 1278 3406; x_wconf 90' lang='lat' dir='ltr'><strong>eis</strong></span> <span class='ocrx_word' id='word_1_222' title='bbox 1306 3329 1473 3403; x_wconf 90' lang='lat' dir='ltr'><strong>eiusdem</strong></span> <span class='ocrx_word' id='word_1_223' title='bbox 1499 3327 1635 3424; x_wconf 89' lang='lat' dir='ltr'><strong>prede-</strong></span> 
     </span>
     <span class='ocr_line' id='line_1_27' title="bbox 129 3452 1632 3551; baseline 0.001 -26"><span class='ocrx_word' id='word_1_224' title='bbox 129 3453 291 3526; x_wconf 89' lang='lat' dir='ltr'><strong>cessoris</strong></span> <span class='ocrx_word' id='word_1_225' title='bbox 316 3452 438 3527; x_wconf 89' lang='lat' dir='ltr'><strong>littere</strong></span> <span class='ocrx_word' id='word_1_226' title='bbox 465 3455 537 3528; x_wconf 92' lang='lat' dir='ltr'><strong>sub</strong></span> <span class='ocrx_word' id='word_1_227' title='bbox 565 3454 683 3551; x_wconf 91' lang='lat' dir='ltr'><strong>ipsius</strong></span> <span class='ocrx_word' id='word_1_228' title='bbox 710 3454 782 3528; x_wconf 93' lang='lat' dir='ltr'><strong>diei</strong></span> <span class='ocrx_word' id='word_1_229' title='bbox 810 3457 899 3530; x_wconf 84' lang='lat' dir='ltr'><strong>data</strong></span> <span class='ocrx_word' id='word_1_230' title='bbox 926 3455 1094 3530; x_wconf 84' lang='lat' dir='ltr'><strong>conlecte</strong></span> <span class='ocrx_word' id='word_1_231' title='bbox 1122 3456 1288 3542; x_wconf 85' lang='lat' dir='ltr'><strong>luissent,</strong></span> <span class='ocrx_word' id='word_1_232' title='bbox 1318 3469 1432 3551; x_wconf 91' lang='lat' dir='ltr'><strong>prout</strong></span> <span class='ocrx_word' id='word_1_233' title='bbox 1459 3454 1632 3550; x_wconf 90' lang='lat' dir='ltr'><strong>superius</strong></span> 
     </span>
     <span class='ocr_line' id='line_1_28' title="bbox 128 3577 1630 3678; baseline 0.001 -28"><span class='ocrx_word' id='word_1_234' title='bbox 128 3591 340 3654; x_wconf 88' lang='lat' dir='ltr'><strong>enarratur:</strong></span> <span class='ocrx_word' id='word_1_235' title='bbox 375 3579 554 3676; x_wconf 91' lang='lat' dir='ltr'><strong>quodque</strong></span> <span class='ocrx_word' id='word_1_236' title='bbox 582 3595 780 3675; x_wconf 89' lang='lat' dir='ltr'><strong>presentes</strong></span> <span class='ocrx_word' id='word_1_237' title='bbox 807 3580 930 3654; x_wconf 87' lang='lat' dir='ltr'><strong>littere</strong></span> <span class='ocrx_word' id='word_1_238' title='bbox 948 3580 997 3654; x_wconf 92' lang='lat' dir='ltr'><strong>ad</strong></span> <span class='ocrx_word' id='word_1_239' title='bbox 1016 3579 1252 3678; x_wconf 87' lang='lat' dir='ltr'><strong>probandum</strong></span> <span class='ocrx_word' id='word_1_240' title='bbox 1271 3578 1381 3677; x_wconf 92' lang='lat' dir='ltr'><strong>plene</strong></span> <span class='ocrx_word' id='word_1_241' title='bbox 1400 3577 1630 3652; x_wconf 88' lang='lat' dir='ltr'><strong>voluntatem</strong></span> 
     </span>
     <span class='ocr_line' id='line_1_29' title="bbox 126 3702 1631 3801; baseline 0.001 -26"><span class='ocrx_word' id='word_1_242' title='bbox 126 3719 165 3776; x_wconf 89' lang='lat' dir='ltr'><strong>et</strong></span> <span class='ocrx_word' id='word_1_243' title='bbox 206 3702 487 3778; x_wconf 89' lang='lat' dir='ltr'><strong>concessionem</strong></span> <span class='ocrx_word' id='word_1_244' title='bbox 524 3705 733 3780; x_wconf 88' lang='lat' dir='ltr'><strong>antedictas</strong></span> <span class='ocrx_word' id='word_1_245' title='bbox 761 3705 899 3801; x_wconf 91' lang='lat' dir='ltr'><strong>ubique</strong></span> <span class='ocrx_word' id='word_1_246' title='bbox 931 3704 1117 3778; x_wconf 86' lang='lat' dir='ltr'><strong>sufficiant</strong></span> <span class='ocrx_word' id='word_1_247' title='bbox 1149 3729 1216 3780; x_wconf 90' lang='lat' dir='ltr'><strong>nec</strong></span> <span class='ocrx_word' id='word_1_248' title='bbox 1251 3703 1302 3779; x_wconf 89' lang='lat' dir='ltr'><strong>ad</strong></span> <span class='ocrx_word' id='word_1_249' title='bbox 1337 3702 1375 3778; x_wconf 90' lang='lat' dir='ltr'><strong>id</strong></span> <span class='ocrx_word' id='word_1_250' title='bbox 1403 3703 1631 3800; x_wconf 89' lang='lat' dir='ltr'><strong>probationis</strong></span> 
     </span>
     <span class='ocr_line' id='line_1_30' title="bbox 126 3825 836 3924; baseline 0.006 -26"><span class='ocrx_word' id='word_1_251' title='bbox 126 3825 282 3900; x_wconf 89' lang='lat' dir='ltr'><strong>alterius</strong></span> <span class='ocrx_word' id='word_1_252' title='bbox 320 3825 583 3902; x_wconf 91' lang='lat' dir='ltr'><strong>adminiculum</strong></span> <span class='ocrx_word' id='word_1_253' title='bbox 609 3829 836 3924; x_wconf 91' lang='lat' dir='ltr'><strong>acquiratur.</strong></span> 
     </span>
    </p>

    <p class='ocr_par' dir='ltr' id='par_1_4' title="bbox 124 3947 1732 4426">
     <span class='ocr_line' id='line_1_31' title="bbox 208 3947 1629 4051; baseline 0.001 -29"><span class='ocrx_word' id='word_1_254' title='bbox 208 3947 308 4026; x_wconf 90' lang='lat' dir='ltr'><strong>Nulli</strong></span> <span class='ocrx_word' id='word_1_255' title='bbox 333 3975 428 4049; x_wconf 85' lang='lat' dir='ltr'><strong>ergo</strong></span> <span class='ocrx_word' id='word_1_256' title='bbox 455 3951 607 4026; x_wconf 91' lang='lat' dir='ltr'><strong>omnino</strong></span> <span class='ocrx_word' id='word_1_257' title='bbox 634 3953 825 4027; x_wconf 91' lang='lat' dir='ltr'><strong>hominum</strong></span> <span class='ocrx_word' id='word_1_258' title='bbox 857 3952 967 4029; x_wconf 89' lang='lat' dir='ltr'><strong>liccat</strong></span> <span class='ocrx_word' id='word_1_259' title='bbox 998 3953 1094 4028; x_wconf 86' lang='lat' dir='ltr'><strong>banc</strong></span> <span class='ocrx_word' id='word_1_260' title='bbox 1130 3953 1305 4051; x_wconf 84' lang='lat' dir='ltr'><strong>paginam</strong></span> <span class='ocrx_word' id='word_1_261' title='bbox 1338 3969 1466 4026; x_wconf 91' lang='lat' dir='ltr'><strong>nostre</strong></span> <span class='ocrx_word' id='word_1_262' title='bbox 1501 3951 1629 4026; x_wconf 86' lang='lat' dir='ltr'><strong>volun-</strong></span> 
     </span>
     <span class='ocr_line' id='line_1_32' title="bbox 127 4073 1628 4177; baseline 0.002 -27"><span class='ocrx_word' id='word_1_263' title='bbox 127 4073 215 4150; x_wconf 87' lang='lat' dir='ltr'><strong>tatis</strong></span> <span class='ocrx_word' id='word_1_264' title='bbox 256 4091 296 4149; x_wconf 91' lang='lat' dir='ltr'><strong>et</strong></span> <span class='ocrx_word' id='word_1_265' title='bbox 334 4077 610 4151; x_wconf 90' lang='lat' dir='ltr'><strong>constitutionis</strong></span> <span class='ocrx_word' id='word_1_266' title='bbox 651 4076 860 4177; x_wconf 77' lang='lat' dir='ltr'><strong>infringere,</strong></span> <span class='ocrx_word' id='word_1_267' title='bbox 900 4077 960 4152; x_wconf 92' lang='lat' dir='ltr'><strong>vel</strong></span> <span class='ocrx_word' id='word_1_268' title='bbox 989 4079 1035 4165; x_wconf 91' lang='lat' dir='ltr'><strong>ei,</strong></span> <span class='ocrx_word' id='word_1_269' title='bbox 1067 4103 1163 4153; x_wconf 89' lang='lat' dir='ltr'><strong>ausu</strong></span> <span class='ocrx_word' id='word_1_270' title='bbox 1188 4079 1397 4166; x_wconf 75' lang='lat' dir='ltr'><strong>temerario</strong></span> <span class='ocrx_word' id='word_1_271' title='bbox 1425 4077 1628 4152; x_wconf 89' lang='lat' dir='ltr'><strong>contraire:</strong></span> 
     </span>
     <span class='ocr_line' id='line_1_33' title="bbox 124 4201 1732 4300; baseline 0.002 -28"><span class='ocrx_word' id='word_1_272' title='bbox 124 4201 156 4274; x_wconf 91' lang='lat' dir='ltr'><strong>si</strong></span> <span class='ocrx_word' id='word_1_273' title='bbox 183 4201 270 4298; x_wconf 89' lang='lat' dir='ltr'><strong>quis</strong></span> <span class='ocrx_word' id='word_1_274' title='bbox 297 4216 422 4275; x_wconf 91' lang='lat' dir='ltr'><strong>autem</strong></span> <span class='ocrx_word' id='word_1_275' title='bbox 451 4201 522 4274; x_wconf 92' lang='lat' dir='ltr'><strong>hoc</strong></span> <span class='ocrx_word' id='word_1_276' title='bbox 550 4217 779 4299; x_wconf 88' lang='lat' dir='ltr'><strong>attemptare</strong></span> <span class='ocrx_word' id='word_1_277' title='bbox 806 4205 1093 4300; x_wconf 89' lang='lat' dir='ltr'><strong>presumpserit,</strong></span> <span class='ocrx_word' id='word_1_278' title='bbox 1124 4202 1417 4300; x_wconf 86' lang='lat' dir='ltr'><strong>indignationem</strong></span> <span class='ocrx_word' id='word_1_279' title='bbox 1451 4201 1628 4299; x_wconf 91' lang='lat' dir='ltr'><strong>Omnipo·</strong></span> <span class='ocrx_word' id='word_1_280' title='bbox 1729 4235 1732 4240; x_wconf 95' lang='lat'>·</span> 
     </span>
     <span class='ocr_line' id='line_1_34' title="bbox 124 4325 1630 4426; baseline -0.001 -27"><span class='ocrx_word' id='word_1_281' title='bbox 124 4327 239 4400; x_wconf 90' lang='lat' dir='ltr'><strong>tentis</strong></span> <span class='ocrx_word' id='word_1_282' title='bbox 267 4325 340 4400; x_wconf 91' lang='lat' dir='ltr'><strong>Dei</strong></span> <span class='ocrx_word' id='word_1_283' title='bbox 367 4341 407 4400; x_wconf 90' lang='lat' dir='ltr'><strong>et</strong></span> <span class='ocrx_word' id='word_1_284' title='bbox 434 4325 631 4402; x_wconf 86' lang='lat' dir='ltr'><strong>beatorum</strong></span> <span class='ocrx_word' id='word_1_285' title='bbox 661 4327 760 4402; x_wconf 89' lang='lat' dir='ltr'><strong>Petri</strong></span> <span class='ocrx_word' id='word_1_286' title='bbox 791 4346 831 4402; x_wconf 91' lang='lat' dir='ltr'><strong>et</strong></span> <span class='ocrx_word' id='word_1_287' title='bbox 861 4327 963 4403; x_wconf 91' lang='lat' dir='ltr'><strong>Pauli</strong></span> <span class='ocrx_word' id='word_1_288' title='bbox 992 4328 1266 4426; x_wconf 84' lang='lat' dir='ltr'><strong>Apostolorum</strong></span> <span class='ocrx_word' id='word_1_289' title='bbox 1294 4329 1375 4404; x_wconf 85' lang='lat' dir='ltr'><strong>eius</strong></span> <span class='ocrx_word' id='word_1_290' title='bbox 1408 4353 1449 4402; x_wconf 92' lang='lat' dir='ltr'><strong>se</strong></span> <span class='ocrx_word' id='word_1_291' title='bbox 1485 4327 1630 4402; x_wconf 88' lang='lat' dir='ltr'><strong>noverit</strong></span> 
     </span>
    </p>
   </div>
   <div class='ocr_carea' id='block_1_3' title="bbox 25 4453 1065 4530">
    <p class='ocr_par' dir='ltr' id='par_1_5' title="bbox 25 4453 1065 4530">
     <span class='ocr_line' id='line_1_35' title="bbox 25 4453 1065 4530; baseline 0 -4"><span class='ocrx_word' id='word_1_292' title='bbox 25 4485 31 4502; x_wconf 92' lang='lat'><strong>·</strong></span> <span class='ocrx_word' id='word_1_293' title='bbox 125 4453 370 4530; x_wconf 89' lang='lat' dir='ltr'><strong>incursurum.</strong></span> <span class='ocrx_word' id='word_1_294' title='bbox 1061 4486 1065 4526; x_wconf 88' lang='grc' dir='ltr'>ι</span> 
     </span>
    </p>
   </div>
   <div class='ocr_carea' id='block_1_4' title="bbox 204 4576 1545 4676">
    <p class='ocr_par' dir='ltr' id='par_1_6' title="bbox 204 4576 1545 4676">
     <span class='ocr_line' id='line_1_36' title="bbox 204 4576 1545 4676; baseline 0 -24"><span class='ocrx_word' id='word_1_295' title='bbox 204 4578 294 4654; x_wconf 89' lang='lat' dir='ltr'><strong>Dat.</strong></span> <span class='ocrx_word' id='word_1_296' title='bbox 326 4579 504 4666; x_wconf 89' lang='lat' dir='ltr'><strong>Bononie,</strong></span> <span class='ocrx_word' id='word_1_297' title='bbox 534 4601 604 4652; x_wconf 88' lang='lat' dir='ltr'><strong>vr11</strong></span> <span class='ocrx_word' id='word_1_298' title='bbox 631 4577 704 4651; x_wconf 90' lang='lat' dir='ltr'><strong>kal.</strong></span> <span class='ocrx_word' id='word_1_299' title='bbox 734 4576 840 4673; x_wconf 89' lang='lat' dir='ltr'><strong>Junii,</strong></span> <span class='ocrx_word' id='word_1_300' title='bbox 874 4579 1113 4676; x_wconf 88' lang='lat' dir='ltr'><strong>pontificatus</strong></span> <span class='ocrx_word' id='word_1_301' title='bbox 1140 4581 1258 4654; x_wconf 92' lang='lat' dir='ltr'><strong>nostri</strong></span> <span class='ocrx_word' id='word_1_302' title='bbox 1286 4601 1384 4653; x_wconf 87' lang='lat' dir='ltr'><strong>anno</strong></span> <span class='ocrx_word' id='word_1_303' title='bbox 1412 4577 1545 4674; x_wconf 91' lang='lat' dir='ltr'><strong>primo.</strong></span> 
     </span>
    </p>
   </div>
   <div class='ocr_carea' id='block_1_5' title="bbox 0 0 1858 5918">
    <p class='ocr_par' dir='ltr' id='par_1_7' title="bbox 0 0 1858 5918">
     <span class='ocr_line' id='line_1_37' title="bbox 0 0 1858 5918; baseline 0 4"><span class='ocrx_word' id='word_1_304' title='bbox 0 0 1858 5918; x_wconf 95' lang='lat' dir='ltr'><strong> </strong></span> 
     </span>
    </p>
   </div>
  </div>
 </body>
</html>
