<?xml version="1.0" encoding="UTF-8"?>
<!DOCTYPE html PUBLIC "-//W3C//DTD XHTML 1.0 Transitional//EN"
    "http://www.w3.org/TR/xhtml1/DTD/xhtml1-transitional.dtd">
<html xmlns="http://www.w3.org/1999/xhtml" xml:lang="en" lang="en">
 <head>
  <title>
</title>
<meta http-equiv="Content-Type" content="text/html;charset=utf-8" />
  <meta name='ocr-system' content='tesseract 3.04.00' />
  <meta name='ocr-capabilities' content='ocr_page ocr_carea ocr_par ocr_line ocrx_word'/>
</head>
<body>
  <div class='ocr_page' id='page_1' title='image "./capellanipapaee00cercgoog_0685.png"; bbox 0 0 3684 5920; ppageno 0'>
   <div class='ocr_carea' id='block_1_1' title="bbox 719 339 984 414">
    <p class='ocr_par' dir='ltr' id='par_1_1' title="bbox 719 339 984 414">
     <span class='ocr_line' id='line_1_1' title="bbox 719 339 984 414; baseline 0 -14"><span class='ocrx_word' id='word_1_1' title='bbox 719 341 877 414; x_wconf 77' lang='lat' dir='ltr'><em>Gregorio</em></span> <span class='ocrx_word' id='word_1_2' title='bbox 897 339 928 398; x_wconf 82' lang='lat' dir='ltr'><em>X</em></span> <span class='ocrx_word' id='word_1_3' title='bbox 937 340 984 400; x_wconf 89' lang='lat' dir='ltr'>VI</span> 
     </span>
    </p>
   </div>
   <div class='ocr_carea' id='block_1_2' title="bbox 807 692 898 771">
    <p class='ocr_par' dir='ltr' id='par_1_2' title="bbox 807 692 898 771">
     <span class='ocr_line' id='line_1_2' title="bbox 807 692 898 771; baseline -0.011 0"><span class='ocrx_word' id='word_1_4' title='bbox 807 692 898 771; x_wconf 81' lang='lat'><strong>532.</strong></span> 
     </span>
    </p>
   </div>
   <div class='ocr_carea' id='block_1_3' title="bbox 102 835 1599 1052">
    <p class='ocr_par' dir='ltr' id='par_1_3' title="bbox 102 835 1599 1052">
     <span class='ocr_line' id='line_1_3' title="bbox 102 835 1599 938; baseline -0.005 -23"><span class='ocrx_word' id='word_1_5' title='bbox 102 841 253 915; x_wconf 82' lang='lat' dir='ltr'>Abolitz&#39;s</span> <span class='ocrx_word' id='word_1_6' title='bbox 272 840 446 938; x_wconf 74' lang='lat' dir='ltr'>propioris</span> <span class='ocrx_word' id='word_1_7' title='bbox 473 849 508 912; x_wconf 79' lang='lat' dir='ltr'>ct</span> <span class='ocrx_word' id='word_1_8' title='bbox 532 837 717 936; x_wconf 82' lang='lat' dir='ltr'>sportulis,</span> <span class='ocrx_word' id='word_1_9' title='bbox 739 861 919 934; x_wconf 79' lang='lat' dir='ltr'><em>quaenam</em></span> <span class='ocrx_word' id='word_1_10' title='bbox 947 839 1064 911; x_wconf 78' lang='lat' dir='ltr'>Rotae</span> <span class='ocrx_word' id='word_1_11' title='bbox 1092 835 1335 910; x_wconf 79' lang='lat' dir='ltr'>Auditorz‘bus</span> <span class='ocrx_word' id='word_1_12' title='bbox 1362 835 1599 910; x_wconf 76' lang='lat' dir='ltr'>emolumento</span> 
     </span>
     <span class='ocr_line' id='line_1_4' title="bbox 176 965 494 1052; baseline -0.003 -13"><span class='ocrx_word' id='word_1_13' title='bbox 176 974 314 1040; x_wconf 81' lang='lat' dir='ltr'>statuto</span> <span class='ocrx_word' id='word_1_14' title='bbox 340 965 494 1052; x_wconf 81' lang='lat' dir='ltr'>fucrmt.</span> 
     </span>
    </p>
   </div>
   <div class='ocr_carea' id='block_1_4' title="bbox 174 1117 1135 1194">
    <p class='ocr_par' dir='ltr' id='par_1_4' title="bbox 174 1117 1135 1194">
     <span class='ocr_line' id='line_1_5' title="bbox 174 1117 1135 1194; baseline -0.003 -13"><span class='ocrx_word' id='word_1_15' title='bbox 174 1123 290 1194; x_wconf 76' lang='lat' dir='ltr'>(Anca.</span> <span class='ocrx_word' id='word_1_16' title='bbox 308 1123 395 1194; x_wconf 83' lang='lat' dir='ltr'>Ror,</span> <span class='ocrx_word' id='word_1_17' title='bbox 420 1118 546 1179; x_wconf 79' lang='lat' dir='ltr'>«Liber</span> <span class='ocrx_word' id='word_1_18' title='bbox 564 1119 598 1178; x_wconf 84' lang='lat' dir='ltr'>S.</span> <span class='ocrx_word' id='word_1_19' title='bbox 616 1119 722 1178; x_wconf 86' lang='lat' dir='ltr'>Rotae</span> <span class='ocrx_word' id='word_1_20' title='bbox 740 1135 773 1176; x_wconf 89' lang='lat' dir='ltr'>n.</span> <span class='ocrx_word' id='word_1_21' title='bbox 792 1118 854 1193; x_wconf 74' lang='grc' dir='ltr'>4ι,</span> <span class='ocrx_word' id='word_1_22' title='bbox 873 1125 950 1194; x_wconf 79' lang='lat' dir='ltr'>pag.</span> <span class='ocrx_word' id='word_1_23' title='bbox 965 1117 1135 1191; x_wconf 79' lang='lat'><em>271-272).</em></span> 
     </span>
    </p>
   </div>
   <div class='ocr_carea' id='block_1_5' title="bbox 587 1320 1109 1413">
    <p class='ocr_par' dir='ltr' id='par_1_5' title="bbox 587 1320 1109 1413">
     <span class='ocr_line' id='line_1_6' title="bbox 587 1320 1109 1413; baseline -0.002 -19"><span class='ocrx_word' id='word_1_24' title='bbox 587 1321 658 1394; x_wconf 92' lang='lat' dir='ltr'>Die</span> <span class='ocrx_word' id='word_1_25' title='bbox 690 1343 708 1413; x_wconf 91' lang='lat'>5</span> <span class='ocrx_word' id='word_1_26' title='bbox 743 1320 964 1394; x_wconf 85' lang='lat' dir='ltr'>Decembris</span> <span class='ocrx_word' id='word_1_27' title='bbox 999 1323 1109 1413; x_wconf 85' lang='lat'>1831.</span> 
     </span>
    </p>
   </div>
   <div class='ocr_carea' id='block_1_6' title="bbox 95 1479 1605 2947">
    <p class='ocr_par' dir='ltr' id='par_1_6' title="bbox 95 1479 1605 2947">
     <span class='ocr_line' id='line_1_7' title="bbox 176 1479 1601 1578; baseline -0.004 -23"><span class='ocrx_word' id='word_1_28' title='bbox 176 1482 406 1578; x_wconf 84' lang='lat' dir='ltr'>Temporum</span> <span class='ocrx_word' id='word_1_29' title='bbox 434 1479 721 1566; x_wconf 53' lang='lat' dir='ltr'>vicissitudinem</span> <span class='ocrx_word' id='word_1_30' title='bbox 747 1503 845 1574; x_wconf 89' lang='lat' dir='ltr'>quae</span> <span class='ocrx_word' id='word_1_31' title='bbox 873 1480 1068 1576; x_wconf 82' lang='lat' dir='ltr'>graviores</span> <span class='ocrx_word' id='word_1_32' title='bbox 1088 1479 1122 1551; x_wconf 93' lang='lat' dir='ltr'>in</span> <span class='ocrx_word' id='word_1_33' title='bbox 1144 1479 1241 1552; x_wconf 92' lang='lat' dir='ltr'>diem</span> <span class='ocrx_word' id='word_1_34' title='bbox 1262 1480 1478 1564; x_wconf 78' lang='lat' dir='ltr'>evaderunt,</span> <span class='ocrx_word' id='word_1_35' title='bbox 1499 1503 1601 1551; x_wconf 90' lang='lat' dir='ltr'>com-</span> 
     </span>
     <span class='ocr_line' id='line_1_8' title="bbox 98 1601 1601 1703; baseline -0.002 -25"><span class='ocrx_word' id='word_1_36' title='bbox 98 1606 287 1701; x_wconf 84' lang='lat' dir='ltr'>pellebant</span> <span class='ocrx_word' id='word_1_37' title='bbox 314 1605 608 1703; x_wconf 90' lang='lat' dir='ltr'>quodammodo,</span> <span class='ocrx_word' id='word_1_38' title='bbox 639 1617 680 1676; x_wconf 89' lang='lat' dir='ltr'>ut</span> <span class='ocrx_word' id='word_1_39' title='bbox 707 1629 805 1700; x_wconf 89' lang='lat' dir='ltr'>quos</span> <span class='ocrx_word' id='word_1_40' title='bbox 832 1620 983 1676; x_wconf 87' lang='lat' dir='ltr'>veteres</span> <span class='ocrx_word' id='word_1_41' title='bbox 1010 1601 1224 1677; x_wconf 86' lang='lat' dir='ltr'>sanctiones</span> <span class='ocrx_word' id='word_1_42' title='bbox 1252 1630 1299 1676; x_wconf 90' lang='lat' dir='ltr'>ex</span> <span class='ocrx_word' id='word_1_43' title='bbox 1317 1603 1486 1676; x_wconf 91' lang='lat' dir='ltr'>Subditis</span> <span class='ocrx_word' id='word_1_44' title='bbox 1507 1604 1601 1676; x_wconf 93' lang='lat' dir='ltr'>Pon-</span> 
     </span>
     <span class='ocr_line' id='line_1_9' title="bbox 97 1726 1601 1826; baseline -0.002 -23"><span class='ocrx_word' id='word_1_45' title='bbox 97 1730 214 1805; x_wconf 88' lang='lat' dir='ltr'>tificiis</span> <span class='ocrx_word' id='word_1_46' title='bbox 241 1729 390 1826; x_wconf 88' lang='lat' dir='ltr'><strong>plurimi</strong></span> <span class='ocrx_word' id='word_1_47' title='bbox 421 1729 691 1815; x_wconf 89' lang='lat' dir='ltr'>lastidiverant,</span> <span class='ocrx_word' id='word_1_48' title='bbox 722 1730 757 1800; x_wconf 94' lang='lat' dir='ltr'>in</span> <span class='ocrx_word' id='word_1_49' title='bbox 786 1728 918 1802; x_wconf 90' lang='lat' dir='ltr'>melius</span> <span class='ocrx_word' id='word_1_50' title='bbox 956 1726 1130 1824; x_wconf 89' lang='lat' dir='ltr'>Princeps</span> <span class='ocrx_word' id='word_1_51' title='bbox 1164 1729 1418 1826; x_wconf 85' lang='lat' dir='ltr'>corrigeret</span> <span class='ocrx_word' id='word_1_52' title='bbox 1447 1728 1601 1822; x_wconf 80' lang='lat' dir='ltr'>Sacrum</span> 
     </span>
     <span class='ocr_line' id='line_1_10' title="bbox 98 1852 1601 1950; baseline 0 -24"><span class='ocrx_word' id='word_1_53' title='bbox 98 1872 267 1928; x_wconf 89' lang='lat' dir='ltr'>nostrum</span> <span class='ocrx_word' id='word_1_54' title='bbox 296 1878 449 1950; x_wconf 88' lang='lat' dir='ltr'>quoque</span> <span class='ocrx_word' id='word_1_55' title='bbox 477 1853 657 1927; x_wconf 87' lang='lat' dir='ltr'>Tribunal</span> <span class='ocrx_word' id='word_1_56' title='bbox 740 1853 918 1948; x_wconf 87' lang='lat' dir='ltr'>plurimas</span> <span class='ocrx_word' id='word_1_57' title='bbox 938 1853 1034 1924; x_wconf 86' lang='lat' dir='ltr'>serre</span> <span class='ocrx_word' id='word_1_58' title='bbox 1054 1852 1184 1927; x_wconf 87' lang='lat' dir='ltr'>debuit</span> <span class='ocrx_word' id='word_1_59' title='bbox 1200 1852 1465 1926; x_wconf 86' lang='lat' dir='ltr'>substantiales</span> <span class='ocrx_word' id='word_1_60' title='bbox 1485 1869 1601 1926; x_wconf 87' lang='lat' dir='ltr'>muta-</span> 
     </span>
     <span class='ocr_line' id='line_1_11' title="bbox 98 1977 1603 2074; baseline -0.001 -23"><span class='ocrx_word' id='word_1_61' title='bbox 98 1980 216 2053; x_wconf 89' lang='lat' dir='ltr'>tiones</span> <span class='ocrx_word' id='word_1_62' title='bbox 244 1980 283 2053; x_wconf 92' lang='lat' dir='ltr'>in</span> <span class='ocrx_word' id='word_1_63' title='bbox 313 1978 504 2052; x_wconf 87' lang='lat' dir='ltr'>Methodis</span> <span class='ocrx_word' id='word_1_64' title='bbox 533 1979 604 2051; x_wconf 92' lang='lat' dir='ltr'>huc</span> <span class='ocrx_word' id='word_1_65' title='bbox 633 2002 754 2073; x_wconf 90' lang='lat' dir='ltr'>usque</span> <span class='ocrx_word' id='word_1_66' title='bbox 783 1977 994 2052; x_wconf 87' lang='lat' dir='ltr'>servatis</span> <span class='ocrx_word' id='word_1_67' title='bbox 1015 1978 1116 2049; x_wconf 85' lang='lat' dir='ltr'>Inter</span> <span class='ocrx_word' id='word_1_68' title='bbox 1144 2000 1262 2050; x_wconf 92' lang='lat' dir='ltr'>novas</span> <span class='ocrx_word' id='word_1_69' title='bbox 1290 1977 1603 2074; x_wconf 88' lang='lat' dir='ltr'>praescriptiones</span> 
     </span>
     <span class='ocr_line' id='line_1_12' title="bbox 96 2100 1602 2200; baseline -0.001 -22"><span class='ocrx_word' id='word_1_70' title='bbox 96 2121 221 2178; x_wconf 87' lang='lat' dir='ltr'>autem</span> <span class='ocrx_word' id='word_1_71' title='bbox 252 2129 343 2200; x_wconf 88' lang='lat' dir='ltr'>prae</span> <span class='ocrx_word' id='word_1_72' title='bbox 371 2105 500 2200; x_wconf 89' lang='lat' dir='ltr'>primis</span> <span class='ocrx_word' id='word_1_73' title='bbox 536 2103 705 2188; x_wconf 89' lang='lat' dir='ltr'>habetur,</span> <span class='ocrx_word' id='word_1_74' title='bbox 736 2104 841 2198; x_wconf 89' lang='lat' dir='ltr'>quod</span> <span class='ocrx_word' id='word_1_75' title='bbox 877 2100 1035 2175; x_wconf 91' lang='lat' dir='ltr'>aboletis</span> <span class='ocrx_word' id='word_1_76' title='bbox 1072 2101 1267 2198; x_wconf 88' lang='lat' dir='ltr'>Sportulis,</span> <span class='ocrx_word' id='word_1_77' title='bbox 1306 2103 1385 2176; x_wconf 91' lang='lat' dir='ltr'>sive</span> <span class='ocrx_word' id='word_1_78' title='bbox 1421 2104 1602 2198; x_wconf 91' lang='lat' dir='ltr'>propinis‚</span> 
     </span>
     <span class='ocr_line' id='line_1_13' title="bbox 96 2215 1603 2324; baseline -0.001 -24"><span class='ocrx_word' id='word_1_79' title='bbox 96 2253 193 2324; x_wconf 88' lang='lat' dir='ltr'>quae</span> <span class='ocrx_word' id='word_1_80' title='bbox 222 2228 460 2303; x_wconf 89' lang='lat' dir='ltr'>habebantur</span> <span class='ocrx_word' id='word_1_81' title='bbox 488 2228 523 2299; x_wconf 92' lang='lat' dir='ltr'>in</span> <span class='ocrx_word' id='word_1_82' title='bbox 552 2215 804 2322; x_wconf 74' lang='lat' dir='ltr'>Expeditione</span> <span class='ocrx_word' id='word_1_83' title='bbox 833 2226 1057 2312; x_wconf 88' lang='lat' dir='ltr'>Causarum,</span> <span class='ocrx_word' id='word_1_84' title='bbox 1087 2250 1262 2321; x_wconf 91' lang='lat' dir='ltr'>quaeque</span> <span class='ocrx_word' id='word_1_85' title='bbox 1291 2225 1351 2298; x_wconf 87' lang='lat' dir='ltr'>vix</span> <span class='ocrx_word' id='word_1_86' title='bbox 1389 2227 1603 2300; x_wconf 89' lang='lat' dir='ltr'>universum</span> 
     </span>
     <span class='ocr_line' id='line_1_14' title="bbox 96 2331 1605 2449; baseline -0.001 -25"><span class='ocrx_word' id='word_1_87' title='bbox 96 2349 337 2426; x_wconf 91' lang='lat' dir='ltr'>honorarium</span> <span class='ocrx_word' id='word_1_88' title='bbox 368 2331 437 2446; x_wconf 85' lang='lat' dir='ltr'>pro</span> <span class='ocrx_word' id='word_1_89' title='bbox 464 2350 709 2425; x_wconf 83' lang='lat' dir='ltr'>Auditoribus</span> <span class='ocrx_word' id='word_1_90' title='bbox 737 2352 862 2426; x_wconf 87' lang='lat' dir='ltr'>Rotae</span> <span class='ocrx_word' id='word_1_91' title='bbox 893 2350 1183 2437; x_wconf 85' lang='lat' dir='ltr'>constituebant,</span> <span class='ocrx_word' id='word_1_92' title='bbox 1211 2352 1459 2449; x_wconf 85' lang='lat' dir='ltr'>subrogatum</span> <span class='ocrx_word' id='word_1_93' title='bbox 1496 2353 1605 2426; x_wconf 88' lang='lat' dir='ltr'>suerit</span> 
     </span>
     <span class='ocr_line' id='line_1_15' title="bbox 97 2474 1605 2572; baseline 0.001 -24"><span class='ocrx_word' id='word_1_94' title='bbox 97 2475 321 2551; x_wconf 89' lang='lat' dir='ltr'>Mandatum</span> <span class='ocrx_word' id='word_1_95' title='bbox 364 2493 556 2549; x_wconf 90' lang='lat' dir='ltr'>scutorum</span> <span class='ocrx_word' id='word_1_96' title='bbox 599 2474 696 2548; x_wconf 89' lang='lat' dir='ltr'>mille</span> <span class='ocrx_word' id='word_1_97' title='bbox 737 2501 815 2572; x_wconf 82' lang='lat' dir='ltr'>pro</span> <span class='ocrx_word' id='word_1_98' title='bbox 849 2474 1016 2571; x_wconf 90' lang='lat' dir='ltr'>quolibet</span> <span class='ocrx_word' id='word_1_99' title='bbox 1054 2475 1187 2549; x_wconf 89' lang='lat' dir='ltr'>Mense</span> <span class='ocrx_word' id='word_1_100' title='bbox 1225 2476 1465 2548; x_wconf 89' lang='lat' dir='ltr'>dividendum</span> <span class='ocrx_word' id='word_1_101' title='bbox 1507 2477 1605 2549; x_wconf 91' lang='lat' dir='ltr'>inter</span> 
     </span>
     <span class='ocr_line' id='line_1_16' title="bbox 95 2599 1603 2700; baseline -0.001 -26"><span class='ocrx_word' id='word_1_102' title='bbox 95 2601 264 2675; x_wconf 89' lang='lat' dir='ltr'>actuales</span> <span class='ocrx_word' id='word_1_103' title='bbox 293 2601 448 2685; x_wconf 88' lang='lat' dir='ltr'>ludices,</span> <span class='ocrx_word' id='word_1_104' title='bbox 478 2601 568 2696; x_wconf 90' lang='lat' dir='ltr'>quin</span> <span class='ocrx_word' id='word_1_105' title='bbox 595 2616 722 2675; x_wconf 89' lang='lat' dir='ltr'>tamen</span> <span class='ocrx_word' id='word_1_106' title='bbox 759 2627 842 2674; x_wconf 93' lang='lat' dir='ltr'>cum</span> <span class='ocrx_word' id='word_1_107' title='bbox 877 2599 961 2697; x_wconf 86' lang='lat' dir='ltr'>ipso</span> <span class='ocrx_word' id='word_1_108' title='bbox 999 2599 1181 2674; x_wconf 88' lang='lat' dir='ltr'>Mandato</span> <span class='ocrx_word' id='word_1_109' title='bbox 1216 2599 1265 2673; x_wconf 90' lang='lat' dir='ltr'>sit</span> <span class='ocrx_word' id='word_1_110' title='bbox 1301 2601 1603 2700; x_wconf 88' lang='lat' dir='ltr'>confundendum</span> 
     </span>
     <span class='ocr_line' id='line_1_17' title="bbox 95 2723 1603 2822; baseline 0.003 -26"><span class='ocrx_word' id='word_1_111' title='bbox 95 2724 270 2812; x_wconf 91' lang='lat' dir='ltr'>alterum,</span> <span class='ocrx_word' id='word_1_112' title='bbox 299 2726 403 2822; x_wconf 92' lang='lat' dir='ltr'>quod</span> <span class='ocrx_word' id='word_1_113' title='bbox 431 2724 502 2820; x_wconf 90' lang='lat' dir='ltr'>ipsi</span> <span class='ocrx_word' id='word_1_114' title='bbox 531 2726 612 2800; x_wconf 92' lang='lat' dir='ltr'>RR.</span> <span class='ocrx_word' id='word_1_115' title='bbox 646 2726 713 2799; x_wconf 91' lang='grc' dir='ltr'>ΡΡ.</span> <span class='ocrx_word' id='word_1_116' title='bbox 746 2724 833 2799; x_wconf 89' lang='lat' dir='ltr'>DD.</span> <span class='ocrx_word' id='word_1_117' title='bbox 864 2723 1033 2821; x_wconf 88' lang='lat' dir='ltr'>quolibet</span> <span class='ocrx_word' id='word_1_118' title='bbox 1062 2725 1196 2800; x_wconf 87' lang='lat' dir='ltr'>Mense</span> <span class='ocrx_word' id='word_1_119' title='bbox 1232 2725 1371 2799; x_wconf 89' lang='lat' dir='ltr'>habent</span> <span class='ocrx_word' id='word_1_120' title='bbox 1405 2725 1441 2798; x_wconf 91' lang='lat' dir='ltr'>in</span> <span class='ocrx_word' id='word_1_121' title='bbox 1480 2726 1603 2800; x_wconf 91' lang='lat' dir='ltr'>Scutis</span> 
     </span>
     <span class='ocr_line' id='line_1_18' title="bbox 95 2848 1603 2947; baseline 0.001 -25"><span class='ocrx_word' id='word_1_122' title='bbox 95 2875 160 2924; x_wconf 87' lang='lat' dir='ltr'>sex</span> <span class='ocrx_word' id='word_1_123' title='bbox 190 2849 358 2926; x_wconf 89' lang='lat' dir='ltr'>Centum</span> <span class='ocrx_word' id='word_1_124' title='bbox 388 2865 520 2947; x_wconf 90' lang='lat' dir='ltr'>utpote</span> <span class='ocrx_word' id='word_1_125' title='bbox 549 2849 771 2947; x_wconf 90' lang='lat' dir='ltr'>Cappellani</span> <span class='ocrx_word' id='word_1_126' title='bbox 799 2849 1015 2924; x_wconf 87' lang='lat' dir='ltr'>Sanctitatis</span> <span class='ocrx_word' id='word_1_127' title='bbox 1045 2848 1154 2936; x_wconf 89' lang='lat' dir='ltr'>Suae,</span> <span class='ocrx_word' id='word_1_128' title='bbox 1176 2865 1216 2922; x_wconf 89' lang='lat' dir='ltr'>et</span> <span class='ocrx_word' id='word_1_129' title='bbox 1235 2874 1303 2946; x_wconf 91' lang='lat' dir='ltr'>pro</span> <span class='ocrx_word' id='word_1_130' title='bbox 1323 2849 1476 2924; x_wconf 89' lang='lat' dir='ltr'>servitio</span> <span class='ocrx_word' id='word_1_131' title='bbox 1494 2874 1603 2947; x_wconf 89' lang='lat' dir='ltr'>prae-</span> 
     </span>
    </p>
   </div>
   <div class='ocr_carea' id='block_1_7' title="bbox 95 2971 761 3072">
    <p class='ocr_par' dir='ltr' id='par_1_7' title="bbox 95 2971 761 3072">
     <span class='ocr_line' id='line_1_19' title="bbox 95 2971 761 3072; baseline 0.002 -24"><span class='ocrx_word' id='word_1_132' title='bbox 95 2977 234 3052; x_wconf 87' lang='lat' dir='ltr'>stando</span> <span class='ocrx_word' id='word_1_133' title='bbox 265 2971 304 3048; x_wconf 89' lang='lat' dir='ltr'>iri</span> <span class='ocrx_word' id='word_1_134' title='bbox 331 2973 530 3048; x_wconf 88' lang='lat' dir='ltr'>Pontificiis</span> <span class='ocrx_word' id='word_1_135' title='bbox 559 2973 761 3072; x_wconf 91' lang='lat' dir='ltr'>Cappellis.</span> 
     </span>
    </p>
   </div>
   <div class='ocr_carea' id='block_1_8' title="bbox 98 3273 1606 3643">
    <p class='ocr_par' dir='ltr' id='par_1_8' title="bbox 98 3273 1606 3643">
     <span class='ocr_line' id='line_1_20' title="bbox 804 3273 894 3353; baseline 0 0"><span class='ocrx_word' id='word_1_136' title='bbox 804 3273 894 3353; x_wconf 87' lang='grc'><strong>533.</strong></span> 
     </span>
     <span class='ocr_line' id='line_1_21' title="bbox 98 3415 1606 3518; baseline -0.001 -24"><span class='ocrx_word' id='word_1_137' title='bbox 98 3421 151 3494; x_wconf 87' lang='lat' dir='ltr'>Ob</span> <span class='ocrx_word' id='word_1_138' title='bbox 180 3419 459 3516; x_wconf 77' lang='lat' dir='ltr'>abrogatimum</span> <span class='ocrx_word' id='word_1_139' title='bbox 480 3419 732 3518; x_wconf 70' lang='lat' dir='ltr'>propinarem</span> <span class='ocrx_word' id='word_1_140' title='bbox 758 3427 794 3492; x_wconf 78' lang='lat' dir='ltr'>et</span> <span class='ocrx_word' id='word_1_141' title='bbox 818 3419 1074 3518; x_wconf 81' lang='lat' dir='ltr'>sportularum</span> <span class='ocrx_word' id='word_1_142' title='bbox 1102 3417 1141 3493; x_wconf 90' lang='lat' dir='ltr'>S.</span> <span class='ocrx_word' id='word_1_143' title='bbox 1172 3415 1282 3491; x_wconf 72' lang='lat' dir='ltr'>Sedes</span> <span class='ocrx_word' id='word_1_144' title='bbox 1301 3419 1417 3492; x_wconf 78' lang='lat' dir='ltr'>Rotae</span> <span class='ocrx_word' id='word_1_145' title='bbox 1435 3419 1606 3517; x_wconf 78' lang='lat' dir='ltr'>indulget</span> 
     </span>
     <span class='ocr_line' id='line_1_22' title="bbox 176 3545 513 3643; baseline -0.006 -23"><span class='ocrx_word' id='word_1_146' title='bbox 176 3545 513 3643; x_wconf 71' lang='lat' dir='ltr'>compensationem.</span> 
     </span>
    </p>
   </div>
   <div class='ocr_carea' id='block_1_9' title="bbox 176 3697 865 3772">
    <p class='ocr_par' dir='ltr' id='par_1_9' title="bbox 176 3697 865 3772">
     <span class='ocr_line' id='line_1_23' title="bbox 176 3697 865 3772; baseline -0.006 -12"><span class='ocrx_word' id='word_1_147' title='bbox 176 3701 300 3772; x_wconf 73' lang='lat' dir='ltr'>(Aaou.</span> <span class='ocrx_word' id='word_1_148' title='bbox 318 3698 405 3767; x_wconf 80' lang='lat' dir='ltr'>Ror,</span> <span class='ocrx_word' id='word_1_149' title='bbox 431 3697 620 3758; x_wconf 81' lang='lat' dir='ltr'>‹Diarr&#39;um</span> <span class='ocrx_word' id='word_1_150' title='bbox 641 3697 817 3757; x_wconf 74' lang='lat' dir='ltr'>Camerata</span> <span class='ocrx_word' id='word_1_151' title='bbox 830 3700 865 3771; x_wconf 85' lang='lat'>»).</span> 
     </span>
    </p>
   </div>
   <div class='ocr_carea' id='block_1_10' title="bbox 672 3895 1042 3990">
    <p class='ocr_par' dir='ltr' id='par_1_10' title="bbox 672 3895 1042 3990">
     <span class='ocr_line' id='line_1_24' title="bbox 672 3895 1042 3990; baseline 0.003 -20"><span class='ocrx_word' id='word_1_152' title='bbox 672 3895 895 3970; x_wconf 87' lang='lat' dir='ltr'>Decembris</span> <span class='ocrx_word' id='word_1_153' title='bbox 929 3900 1042 3990; x_wconf 88' lang='lat'>1831.</span> 
     </span>
    </p>
   </div>
   <div class='ocr_carea' id='block_1_11' title="bbox 90 4145 1607 4624">
    <p class='ocr_par' dir='ltr' id='par_1_11' title="bbox 90 4145 1607 4624">
     <span class='ocr_line' id='line_1_25' title="bbox 178 4145 1604 4244; baseline -0.001 -21"><span class='ocrx_word' id='word_1_154' title='bbox 178 4149 272 4223; x_wconf 87' lang='lat' dir='ltr'>Hoc</span> <span class='ocrx_word' id='word_1_155' title='bbox 302 4171 411 4220; x_wconf 88' lang='lat' dir='ltr'>mane</span> <span class='ocrx_word' id='word_1_156' title='bbox 439 4172 593 4244; x_wconf 90' lang='lat' dir='ltr'>quoque</span> <span class='ocrx_word' id='word_1_157' title='bbox 622 4145 720 4233; x_wconf 91' lang='lat' dir='ltr'>mihi,</span> <span class='ocrx_word' id='word_1_158' title='bbox 752 4145 804 4220; x_wconf 91' lang='lat' dir='ltr'>uti</span> <span class='ocrx_word' id='word_1_159' title='bbox 834 4147 1061 4232; x_wconf 87' lang='lat' dir='ltr'>Camerario,</span> <span class='ocrx_word' id='word_1_160' title='bbox 1092 4161 1132 4219; x_wconf 90' lang='lat' dir='ltr'>et</span> <span class='ocrx_word' id='word_1_161' title='bbox 1173 4145 1271 4221; x_wconf 77' lang='lat' dir='ltr'>Rmo</span> <span class='ocrx_word' id='word_1_162' title='bbox 1315 4147 1471 4224; x_wconf 89' lang='lat' dir='ltr'>Decano</span> <span class='ocrx_word' id='word_1_163' title='bbox 1508 4174 1604 4224; x_wconf 90' lang='lat' dir='ltr'>com·</span> 
     </span>
     <span class='ocr_line' id='line_1_26' title="bbox 93 4269 1606 4368; baseline 0 -21"><span class='ocrx_word' id='word_1_164' title='bbox 93 4275 261 4347; x_wconf 89' lang='lat' dir='ltr'>missum</span> <span class='ocrx_word' id='word_1_165' title='bbox 291 4272 360 4345; x_wconf 88' lang='lat' dir='ltr'>suit</span> <span class='ocrx_word' id='word_1_166' title='bbox 386 4287 428 4346; x_wconf 92' lang='lat' dir='ltr'>ut</span> <span class='ocrx_word' id='word_1_167' title='bbox 457 4271 565 4344; x_wconf 93' lang='lat' dir='ltr'>simul</span> <span class='ocrx_word' id='word_1_168' title='bbox 593 4295 749 4367; x_wconf 89' lang='lat' dir='ltr'>operam</span> <span class='ocrx_word' id='word_1_169' title='bbox 769 4271 946 4344; x_wconf 89' lang='lat' dir='ltr'>daremus</span> <span class='ocrx_word' id='word_1_170' title='bbox 965 4273 1014 4344; x_wconf 90' lang='lat' dir='ltr'>ad</span> <span class='ocrx_word' id='word_1_171' title='bbox 1033 4269 1311 4368; x_wconf 89' lang='lat' dir='ltr'>assequendam</span> <span class='ocrx_word' id='word_1_172' title='bbox 1331 4297 1445 4368; x_wconf 91' lang='lat' dir='ltr'>quam</span> <span class='ocrx_word' id='word_1_173' title='bbox 1464 4275 1539 4347; x_wconf 92' lang='lat' dir='ltr'>cito</span> <span class='ocrx_word' id='word_1_174' title='bbox 1558 4277 1606 4347; x_wconf 89' lang='lat' dir='ltr'>ab</span> 
     </span>
     <span class='ocr_line' id='line_1_27' title="bbox 92 4394 1607 4493; baseline -0.001 -20"><span class='ocrx_word' id='word_1_175' title='bbox 92 4401 195 4473; x_wconf 74' lang='lat' dir='ltr'>Effro</span> <span class='ocrx_word' id='word_1_176' title='bbox 227 4423 253 4470; x_wconf 91' lang='lat' dir='ltr'>a</span> <span class='ocrx_word' id='word_1_177' title='bbox 282 4395 444 4470; x_wconf 88' lang='lat' dir='ltr'>Secretis</span> <span class='ocrx_word' id='word_1_178' title='bbox 464 4396 594 4469; x_wconf 87' lang='lat' dir='ltr'>Status</span> <span class='ocrx_word' id='word_1_179' title='bbox 626 4396 972 4493; x_wconf 88' lang='lat' dir='ltr'>compensationem</span> <span class='ocrx_word' id='word_1_180' title='bbox 992 4395 1030 4471; x_wconf 87' lang='lat' dir='ltr'>S.</span> <span class='ocrx_word' id='word_1_181' title='bbox 1054 4395 1186 4469; x_wconf 89' lang='lat' dir='ltr'>Ordini</span> <span class='ocrx_word' id='word_1_182' title='bbox 1206 4394 1406 4491; x_wconf 86' lang='lat' dir='ltr'>pollicitam</span> <span class='ocrx_word' id='word_1_183' title='bbox 1427 4401 1476 4473; x_wconf 93' lang='lat' dir='ltr'>ob</span> <span class='ocrx_word' id='word_1_184' title='bbox 1495 4402 1607 4473; x_wconf 90' lang='lat' dir='ltr'>abro-</span> 
     </span>
     <span class='ocr_line' id='line_1_28' title="bbox 90 4503 994 4624; baseline -0.003 -25"><span class='ocrx_word' id='word_1_185' title='bbox 90 4525 297 4624; x_wconf 85' lang='lat' dir='ltr'>gationem</span> <span class='ocrx_word' id='word_1_186' title='bbox 324 4503 661 4595; x_wconf 84' lang='lat' dir='ltr'>emolumentorum</span> <span class='ocrx_word' id='word_1_187' title='bbox 689 4521 804 4620; x_wconf 88' lang='lat' dir='ltr'>vulgo</span> <span class='ocrx_word' id='word_1_188' title='bbox 829 4522 994 4620; x_wconf 75' lang='lat' dir='ltr'>propriu.</span> 
     </span>
    </p>
   </div>
   <div class='ocr_carea' id='block_1_12' title="bbox 0 0 1846 5920">
    <p class='ocr_par' dir='ltr' id='par_1_12' title="bbox 0 0 1846 5920">
     <span class='ocr_line' id='line_1_29' title="bbox 0 0 1846 5920; baseline 0 1"><span class='ocrx_word' id='word_1_189' title='bbox 0 0 1846 5920; x_wconf 95' lang='lat' dir='ltr'> </span> 
     </span>
    </p>
   </div>
  </div>
 </body>
</html>
