3718 5918
772 347 937 408 Clemente
955 345 989 407 X

836 712 926 792 320.

531 874 643 949 Mars
668 882 713 970 et,
727 877 901 974 exequiae
928 875 1069 952 danim·
1092 875 1228 954 Prioli.

212 1028 330 1101 (Anca.
349 1027 437 1102 Rom,
462 1027 650 1090 «Dian'um
678 1029 881 1090 Vicecomr'tis
897 1031 929 1104 ι).

735 1238 779 1306 16
809 1233 895 1305 maii
929 1239 1040 1327 1674.

214 1391 314 1487 de.
347 1392 489 1468 Priolus
516 1394 610 1468 hora
637 1395 746 1468 tertia
779 1395 900 1469 noctis
927 1395 1019 1471 obiit
1044 1414 1085 1472 et
1115 1398 1260 1472 vacavit
1297 1397 1410 1474 sedes
1438 1399 1633 1474 Auditoris

132 1516 274 1594 veneti:
304 1517 454 1592 suerunt
489 1519 700 1594 celebratae
735 1521 771 1593 in
806 1519 975 1594 Ecclesia
1002 1519 1041 1594 S.
1076 1521 1194 1596 Marci
1229 1522 1417 1598 solemnes
1449 1525 1633 1622 exequiae

131 1641 466 1718 intervenientibus
502 1645 675 1720 omnibus
713 1643 897 1732 Dominis,
928 1643 1101 1744 Collegio
1132 1648 1415 1724 Advocatorum
1452 1650 1631 1726 consisto·

133 1764 289 1854 rialium,
318 1767 474 1864 aliisque
502 1769 713 1844 curialibus.
1416 1795 1418 1800 ·

837 2109 928 2190 321.

341 2267 428 2342 Mas
454 2269 624 2344 sumendi
639 2272 803 2368 patzenis
829 2269 943 2346 alteias
969 2273 1113 2346 radices
1138 2272 1227 2348 aaa
1251 2277 1292 2348 ia
1319 2276 1429 2352 Rata.

215 2421 330 2494 (Asea.
348 2421 436 2496 Rue,
459 2421 648 2484 ‹Drarium
676 2424 927 2499 vicecomitum).

218 2624 253 2697 A
280 2623 340 2697 die
358 2649 381 2721 9
400 2625 493 2698 maii
513 2627 744 2722 retroscripti
763 2625 896 2725 (1674)
915 2653 983 2723 per
1002 2645 1123 2703 toturn
1143 2656 1311 2706 mensem
1331 2655 1406 2707 non
1434 2633 1502 2708 fuit
1521 2635 1632 2724 Rota,

135 2749 225 2846 quia
253 2749 404 2823 Domini
432 2763 674 2845 sumpserunt
701 2753 885 2847 potiones
917 2771 956 2826 et
983 2753 1047 2850 qui
1075 2779 1148 2828 non
1176 2771 1405 2855 potaverunt
1433 2783 1475 2834 se
1503 2779 1634 2834 contu-

132 2871 260 2946 lerunt
286 2873 323 2947 in
351 2872 485 2959 viliam,
507 2888 547 2947 et
574 2875 746 2970 quamvis
765 2875 880 2974 aliqui
907 2895 1240 2978 congregarentur,
1262 2903 1337 2954 non
1364 2895 1491 2956 tamen
1517 2883 1636 2960 adsuit

134 3021 314 3072 numerus
334 2997 519 3072 sufficiens
537 2999 586 3071 ad
606 2998 897 3098 suffragandum,
919 2978 1080 3097 ideoque
1108 3001 1230 3078 nullae
1250 3004 1399 3080 fuerunt
1426 3031 1496 3104 per
1513 3023 1634 3082 totum

134 3121 277 3195 dictum
306 3147 473 3196 mensem
503 3121 586 3195 maii
614 3123 833 3220 propositae
862 3150 1010 3206 causae.

879 3317 899 3361 1Ιέ

848 3379 927 3424 *ss

228 3480 312 3554 Van.
342 3503 393 3576 24
410 3480 505 3554 maii
527 3479 632 3576 1675.
664 3479 932 3556 Convenerunt
952 3483 1033 3560 RR.
1066 3483 1133 3556 ΡΡ.
1166 3485 1254 3562 DD.
1278 3463 1390 3583 Taya
1412 3501 1451 3561 et
1470 3487 1632 3571 Emerix,

133 3603 297 3678 coeteris
326 3604 496 3700 patribus
524 3603 583 3678 vel
612 3605 913 3681 rusticationibus
940 3607 999 3680 vel
1027 3609 1242 3704 potionibus
1270 3609 1469 3707 impeditis.

841 3961 931 4040 322.

136 4119 325 4194 Dominus
359 4117 585 4219 Beailacqua
621 4131 766 4195 creatus
802 4088 1034 4197 Patriarcita
1068 4123 1357 4200 Alexandrinus
1396 4133 1432 4198 el
1465 4126 1638 4200 Nuaaits

219 4245 457 4344 Apostolicus,
482 4247 652 4344 gratiam
678 4247 809 4322 obtinet
832 4247 987 4348 optandi
1011 4247 1242 4323 Decanalum
1268 4250 1338 4324 elsi
1362 4249 1631 4336 Locumieneas,

218 4373 294 4456 etsi,
324 4363 532 4447 occurrerite
559 4371 772 4446 Decanatas
798 4375 992 4461 vacatione,
1015 4373 1143 4448 absens
1159 4375 1268 4471 foret
1290 4402 1316 4448 a
1346 4374 1474 4449 Carta.

220 4527 336 4597 (Anca.
355 4525 442 4601 Rom,
465 4525 654 4586 ‹Drarium
671 4525 784 4588 iacobi
799 4527 940 4588 Emerix
953 4531 989 4604 »).

534 4729 663 4804 Lunae
690 4732 860 4806 eiusdem
890 4730 1066 4805 Octobris
1094 4735 1241 4830 (1675).

221 4895 284 4988 83.
306 4891 393 4965 Fuit
411 4891 512 4966 Rota
530 4892 566 4964 in
595 4916 670 4988 qua
690 4892 809 4966 Rrirus
830 4893 878 4968 D.
901 4894 1079 4968 Decanus
1099 4893 1320 4994 significavit
1339 4895 1476 4968 Rnum
1497 4895 1546 4970 D.
1569 4897 1635 4970 Be·

135 5017 320 5114 vilaequa,
351 5033 517 5090 creatum
556 5015 741 5091 Nuncium
776 5018 1108 5092 extraordinarium
1142 5019 1190 5092 ad
1226 5017 1378 5094 Sacram
1409 5018 1637 5095 Caesaream

137 5143 379 5218 Maiestatem
398 5166 468 5238 pro
487 5142 717 5216 concilianda
740 5143 834 5216 Pace
848 5141 944 5216 inter
963 5143 1150 5241 Principes
1171 5143 1398 5232 Catholicos‚
1420 5161 1460 5218 et
1479 5145 1638 5220 Patriar·

136 5269 249 5343 cham
277 5266 583 5354 Alexandrinum,
623 5267 830 5342 obtinuisse
863 5268 984 5342 Breve
1013 5269 1272 5365 Apostolicum
1310 5294 1387 5366 qno
1424 5271 1496 5368 ipsi
1522 5269 1637 5343 indul-

137 5409 264 5494 getur,
299 5411 342 5470 ut
373 5391 570 5467 eveniente
606 5417 696 5466 casu
732 5393 936 5468 vacationis
980 5391 1147 5468 Decatos
1183 5395 1305 5491 possit
1341 5410 1473 5492 optare
1514 5393 1638 5469 locum
