3720 5916
757 352 887 413 Urbano
907 352 990 415 VIII
1269 361 1272 364 ’
1533 371 1534 374 ’
1561 354 1617 414 359

119 545 207 618 ldeo
234 569 368 622 omnes
394 545 553 642 praesati
581 563 803 644 praesentes
831 549 1048 623 obtulerunt
1075 573 1117 622 se
1144 546 1403 645 paratissimos
1421 549 1555 622 sistere
1575 574 1615 622 se

110 669 152 740 'in
180 669 393 744 huiusmodi
421 671 664 766 processione
692 696 798 746 more
827 673 948 759 solito,
975 672 1128 768 quilibet
1155 699 1240 747 cum
1268 697 1338 746 suo
1365 672 1555 759 intortitio,
1577 687 1617 746 et

118 793 203 867 licet
230 793 405 868 credatur
433 796 617 869 neminem
644 797 858 871 abluturum
886 821 909 870 a
937 814 1013 871 tam
1041 799 1104 895 pio
1131 822 1259 894 opere,
1290 814 1417 871 tamen
1434 823 1481 872 ex
1500 798 1617 871 abun-

119 918 246 992 dantia
274 919 340 993 luit
367 921 579 994 ordinatum
605 939 648 996 ut
682 938 869 1019 quatenus
903 922 1036 1020 aliquis
1075 923 1224 996 deficiat
1257 923 1338 996 sine
1371 923 1469 996 iusta
1501 945 1615 996 causa

118 1047 327 1118 mensarius
356 1044 502 1118 delerat
530 1046 629 1120 illum
659 1048 695 1120 in
723 1048 820 1122 lista.

198 1169 330 1267 (verso)
351 1169 518 1244 Decreta
539 1170 637 1244 sacta
660 1196 729 1268 per
753 1172 949 1246 Notarium
971 1173 1092 1246 Rotae
1107 1173 1142 1245 in
1159 1171 1465 1271 Congregatione
1489 1172 1616 1246 habita

119 1293 177 1368 die
213 1319 255 1368 12
288 1295 372 1368 maii
407 1303 516 1389 1643.

824 1580 912 1659 223.

122 1737 210 1811 Cum
244 1737 318 1812 duo
348 1739 407 1814 vel
427 1741 561 1837 plures
596 1743 711 1816 simul
745 1751 862 1815 essent
897 1743 938 1816 in
975 1743 1177 1816 Auditores
1212 1743 1420 1842 recipiendi,
1458 1743 1615 1817 Camere

196 1863 412 1938 Recluttum
452 1875 488 1939 et
529 1866 693 1966 Cappam
733 1868 927 1964 unicuique
965 1867 1186 1964 singillatim
1226 1867 1411 1942 tradebat:
1453 1869 1563 1954 Rota,
1596 1894 1616 1941 e

194 1995 334 2072 contra,
364 2013 422 2062 eos
449 1990 642 2088 recipiebat
666 1991 788 2077 sztnul,
807 2002 842 2064 ct
863 2015 960 2064 unus
969 2003 1046 2090 pro
1064 1991 1227 2064 omnr'bus
1243 1993 1492 2065 iuramentum
1503 2003 1614 2089 prae·

195 2113 326 2186 suebat.
356 2157 382 2167 -
410 2113 510 2188 Rota
536 2115 665 2214 incipit
689 2116 858 2213 inpetere
885 2117 944 2188 ius
984 2114 1158 2190 cameras
1189 2115 1309 2190 dandi
1333 2115 1547 2190 Rocluttum
1582 2125 1617 2190 et

163 2227 167 2238 ¹
198 2237 364 2336 Cappam
391 2241 494 2312 novis
521 2240 775 2315 Auditoribus.

194 2394 304 2466 (Aaou
323 2393 409 2467 Ror,
433 2418 446 2444 ι
457 2393 656 2454 Extractum
675 2393 1033 2466 Dmri1·0tth0oon2·»).

331 2595 445 2669 Anno
474 2594 627 2668 Domini
661 2602 772 2687 1643.
804 2595 876 2668 Die
906 2595 1065 2670 Veneris
1100 2619 1143 2688 13
1173 2596 1397 2672 novembris.

197 2779 261 2849 30.
295 2755 380 2852 Ego
414 2755 548 2828 Petrus
586 2753 816 2828 Othobonus
852 2754 1023 2828 Venetus
1064 2756 1113 2828 lui
1156 2769 1332 2852 receptus
1368 2755 1404 2828 in
1445 2755 1614 2829 ordinem

118 2881 343 2954 Auditorum
382 2880 419 2954 S.
452 2877 591 2966 Palatii,
622 2896 661 2952 et
697 2903 807 2952 mane
844 2881 972 2976 accepi
1008 2879 1255 2953 Rocchettum
1290 2895 1330 2952 et
1366 2880 1538 2976 Cappam
1566 2879 1614 2956 de

118 3030 219 3079 more
255 3031 277 3078 e
315 3005 486 3080 manibus
525 3005 569 3078 R.
606 3005 642 3079 P.
680 3005 727 3080 D.
769 3005 921 3078 Bonvisi
962 3005 1100 3078 Lucen.
1145 3004 1328 3078 Carnerae
1370 3005 1614 3101 Apostolicae

119 3128 280 3216 Decani;
307 3130 407 3202 idern
436 3130 517 3226 egit
544 3145 633 3224 post
661 3153 720 3201 me
750 3131 795 3203 R.
827 3130 864 3203 P.
897 3128 945 3204 D.
985 3129 1141 3203 lacobus
1176 3128 1368 3201 Corradus
1404 3128 1611 3218 Ferrarien,

118 3270 156 3326 et
182 3254 230 3329 illi
265 3257 313 3329 de
347 3255 508 3328 Camera
543 3251 742 3328 voluerunt
775 3272 816 3328 ut
853 3256 1054 3352 separatim
1088 3253 1334 3328 Rocchettum
1370 3270 1407 3327 et
1440 3254 1617 3352 Cappam⁸

118 3380 390 3476 acciperemus:
421 3379 572 3454 Domini
600 3377 648 3452 de
677 3380 777 3454 Rota
805 3395 1030 3475 receperunt
1058 3403 1127 3453 nos
1156 3357 1275 3462 simul,
1305 3395 1343 3452 et
1371 3403 1445 3476 ego
1466 3381 1613 3454 nomine

117 3503 225 3577 etiam
256 3503 305 3579 D.
338 3502 495 3577 Corradi
523 3505 692 3600 praestiti
721 3505 756 3577 in
788 3507 886 3578 Rota
915 3504 1174 3578 iuramentum.

196 3654 258 3724 31.
275 3630 337 3702 lus
351 3654 443 3702 vero
458 3628 641 3702 Camerae
656 3629 770 3702 dandi
785 3628 955 3725 Cappam
971 3643 1011 3700 et
1026 3628 1272 3702 Rocchettum
1291 3629 1535 3704 Auditoribus
1553 3647 1613 3704 est

117 3755 239 3848 potius
269 3755 464 3850 usurpatio
492 3779 606 3850 quam
634 3755 696 3828 lus
724 3768 766 3827 ut
794 3769 954 3828 testatur
974 3752 1185 3827 Bonisacius
1205 3754 1252 3827 de
1271 3752 1442 3828 Vitaliuis
1462 3757 1526 3851 qui
1546 3756 1614 3828 luit

117 3877 237 3952 Rotae
280 3877 453 3962 Auditor,
497 3877 533 3950 in
576 3877 799 3953 Clementin.
832 3878 1048 3952 Multorum.
1087 3901 1121 3950 n.
1159 3899 1242 3971 152.
1274 3877 1321 3951 de
1363 3878 1514 3953 heretic.
1545 3903 1614 3975 per

118 4004 313 4099 sequentia
341 4003 477 4078 verba:
505 4003 717 4077 «Notarius
736 4018 862 4076 autem
882 4003 920 4076 S.
943 4003 987 4078 R.
1006 4003 1062 4088 E,
1083 4003 1131 4074 de
1151 4027 1311 4098 quorum
1332 4028 1510 4077 numerus
1530 4027 1612 4076 sum

117 4151 223 4214 unus,
253 4129 378 4202 iurare
405 4151 480 4201 non
509 4143 661 4201 tenetur
687 4143 728 4200 et
755 4127 857 4200 solus
885 4142 946 4200 est
973 4125 1150 4211 officialis,
1172 4127 1235 4223 qui
1264 4151 1337 4202 non
1358 4127 1466 4214 iurat,
1488 4145 1613 4201 tamen

117 4253 226 4325 ceteri
254 4276 386 4326 omnes
414 4252 547 4337 iurant,
578 4253 690 4325 etiam
719 4251 810 4324 Vice
831 4249 1104 4338 Cancellarius;
1133 4267 1173 4325 et
1202 4252 1253 4324 sic
1281 4277 1355 4350 ego
1384 4275 1458 4324 non
1483 4251 1609 4336 iuravi,

117 4375 200 4450 licet
226 4377 366 4473 plures,
397 4378 461 4473 qui
498 4401 569 4472 pro
607 4393 778 4475 tempore
815 4375 976 4462 fuerunt,
1006 4400 1081 4450 non
1115 4391 1291 4450 curantes
1320 4377 1388 4450 sibi
1416 4376 1613 4450 attendere

117 4501 331 4576 iuraverunt
358 4502 582 4599 simpliciter,
614 4516 728 4599 prout
754 4502 970 4598 simpliciter
1009 4501 1203 4598 Capeliani
1240 4501 1473 4598 recipientes
1509 4500 1613 4596 quod

117 4625 280 4700 deterius
308 4643 378 4713 est,
411 4627 583 4724 Cappam
611 4643 651 4700 et
679 4627 929 4700 Rocchettum
957 4628 1005 4700 de
1032 4627 1204 4701 manibus
1242 4626 1445 4700 Camerarii
1473 4627 1608 4722 Papae,

117 4773 198 4823 cum
226 4768 403 4826 tamena
432 4777 473 4825 se
501 4753 592 4848 ipsis
621 4753 787 4849 recipere
816 4752 1022 4838 debuerint,
1053 4753 1142 4849 quia
1169 4778 1216 4825 ex
1243 4752 1324 4824 sola
1342 4737 1531 4824 creatione
1550 4751 1611 4824 lus

117 4874 170 4946 eis
196 4877 390 4972 quaeritur
407 4877 552 4974 absque
571 4877 695 4973 aliqua
714 4877 963 4963 solemnitate,
983 4876 1068 4950 licet
1085 4876 1338 4950 emolumenta
1357 4901 1431 4949 non
1449 4876 1607 4973 capiant,

116 5015 154 5070 et
180 4999 251 5074 hoe
279 5001 406 5075 lavore
437 5000 689 5100 Collegarum,
721 5003 791 5075 nisi
818 5018 1019 5099 postquam
1051 5001 1211 5074 Auditor
1229 5001 1340 5074 suerit
1358 5001 1556 5098 inscriptus
1574 5002 1611 5074 in

117 5123 227 5199 Libro
242 5125 495 5201 Cancellariae
506 5153 542 5202 a.
