3686 5916
855 311 993 372 Saeculo
1010 310 1043 371 X
1052 310 1137 370 VIII

943 637 1033 716 423.

435 801 624 874 Admissio
650 825 826 874 novorum
853 823 1053 872 causarum
1081 799 1119 874 S.
1141 799 1187 872 P.
1209 797 1259 871 A.
1282 797 1547 872 Patronorum.

317 957 432 1030 (Anca.
452 957 539 1030 Rus.
563 955 753 1014 ‹Diam'um
774 954 947 1014 Camerata
960 955 997 1027 »).

712 1152 785 1227 Die
819 1175 863 1246 13
894 1153 1120 1251 septembris
1155 1174 1265 1247 1749.

319 1319 398 1392 Sub
426 1317 495 1390 hac
522 1313 582 1389 die
611 1314 708 1388 sacta
736 1313 802 1386 fuit
830 1314 866 1386 in
894 1312 1051 1387 aedibus
1079 1313 1165 1388 Rrini
1194 1313 1254 1386 De
1283 1311 1374 1387 Vais
1395 1313 1538 1387 Decani
1558 1313 1741 1388 solemnis

236 1443 415 1517 admissio
442 1444 492 1516 ad
512 1440 724 1538 Collegium
745 1440 881 1515 Curiae
901 1439 1110 1514 Causarum
1130 1438 1168 1514 S.
1191 1437 1320 1512 Palatii
1339 1439 1551 1537 Apostolici
1569 1439 1740 1536 quinque

237 1593 436 1642 causarum
465 1567 711 1640 Patronorum
723 1624 837 1641 .....
869 1565 934 1660 qui
962 1566 1035 1638 iam
1063 1562 1336 1662 praecedenter
1352 1565 1423 1638 sub
1442 1564 1502 1637 die
1522 1588 1546 1657 4
1565 1563 1739 1639 eiusdem

237 1693 376 1768 mensis
396 1693 578 1764 sueranta
597 1691 767 1788 praefato
787 1688 958 1786 Collegio
977 1691 1086 1763 electi
1105 1689 1207 1762 iuxta
1226 1687 1394 1763 eiusdem
1415 1687 1573 1786 collegii
1593 1713 1740 1763 morem

237 1819 272 1890 in
302 1816 615 1916 Archigymnasio
653 1813 767 1890 Urbis
802 1829 842 1888 et
872 1832 1009 1910 postea
1046 1815 1116 1888 sub
1144 1813 1205 1888 die
1240 1839 1278 1886 11
1314 1814 1349 1885 in
1377 1815 1534 1887 aedibus
1566 1813 1741 1887 eiusdem

239 1943 323 2015 Rni
351 1939 497 2017 Decani
524 1940 722 2014 examinati
750 1965 772 2012 a
802 1939 971 2037 Philippo
1001 1931 1145 2012 Butteri
1173 1953 1212 2011 et
1240 1939 1441 2012 Laurentio
1471 1937 1672 2012 Bondaeca
1689 1962 1741 2012 ex

238 2067 445 2142 senioribus
473 2065 643 2140 eiusdem
672 2063 896 2164 collegii...
916 2125 923 2139 .

940 2399 1031 2479 424.

237 2565 369 2638 Notus
396 2563 513 2638 Rotae
540 2564 705 2639 Auditor
731 2565 888 2640 assumit
913 2564 1144 2639 Rocchettum
1171 2565 1211 2638 in
1233 2565 1400 2652 Camera,
1421 2565 1552 2639 emissa
1571 2576 1739 2638 consueta

310 2689 582 2788 protestatione.

316 2847 432 2920 (Anca
450 2845 538 2918 Rom,
562 2845 750 2906 ‹Diam'um
772 2845 995 2918 cameratam.

735 3048 894 3123 Veneris
928 3073 970 3122 12
1002 3047 1094 3122 Iunii
1127 3069 1237 3144 1750.

319 3211 404 3285 Hoc
432 3233 541 3284 mane
571 3210 616 3285 R.
647 3209 685 3284 P.
716 3208 764 3284 D.
795 3208 990 3284 Amadeus
1017 3209 1108 3282 adiit
1136 3209 1285 3306 plenam
1315 3208 1513 3282 Cameram
1534 3233 1606 3306 pro
1634 3234 1737 3282 assu·
1832 3191 1833 3196 ἵ

237 3336 374 3410 mendo
402 3335 622 3420 Rocchett0‚
653 3335 792 3409 emissa
819 3333 870 3407 ad
898 3334 1113 3409 instantiam
1142 3335 1225 3410 Sac.
1257 3333 1380 3408 Rotae
1408 3332 1520 3407 solita
1548 3349 1738 3430 protesta·

238 3463 350 3538 tione.

908 3775 912 3784 ·
942 3741 1032 3820 425.

240 3902 456 3976 Benedictus
485 3900 593 3976 XIV
616 3901 768 3976 ordmat
796 3902 1017 4001 mandatque
1050 3901 1218 3976 unionem
1251 3901 1453 3998 officiorum
1487 3903 1737 3976 Notariorum
1832 3967 1833 3970 ,

320 4025 433 4098 Rotae
449 4023 548 4119 fieri
571 4035 606 4098 et
632 4025 802 4099 Massam
829 4051 1050 4101 communem
1076 4025 1409 4102 emolumentorum.

313 4179 429 4252 (Aleti.
448 4179 535 4254 Rom,
560 4179 819 4241 «Ordinationes
831 4206 859 4256 υ,
876 4186 962 4258 part.
980 4178 1027 4255 II,
1045 4198 1077 4240 n·
1098 4179 1130 4239 X
1138 4180 1236 4254 VIII).

1242 4355 1321 4429 17⁴9,
1339 4354 1522 4415 decembris
1537 4353 1584 4426 30,
1602 4355 1737 4418 Romae.

316 4487 541 4585 Monsignor
568 4486 667 4560 Gian
695 4487 905 4562 Francesco
935 4487 1129 4562 Banchieri
1148 4486 1292 4562 Nostro
1312 4485 1512 4562 Tesoriere
1535 4487 1734 4562 Generale.

316 4611 512 4686 Avendoci
539 4608 612 4686 Voi
640 4626 927 4708 rappresentato
955 4613 1095 4687 essersi
1123 4611 1173 4684 da
1199 4635 1295 4709 gran
1328 4628 1457 4707 tempo
1487 4613 1736 4687 riconosciuto

229 4721 331 4812 ¹nelle
360 4735 660 4835 Congregazioni
687 4735 746 4810 de’
764 4734 902 4810 residui
930 4751 1059 4811 tenute
1086 4738 1213 4811 avanti
1241 4737 1279 4810 di
1297 4737 1381 4822 V0i‚
1412 4737 1482 4811 che
1507 4735 1630 4811 alcuni
1651 4737 1737 4812 delli

236 4862 350 4938 Notai
378 4860 475 4935 della
500 4875 629 4934 nostra
649 4861 775 4936 Ruota
795 4861 936 4936 restino
956 4860 1116 4937 debitori
1134 4863 1172 4934 di
1190 4885 1328 4960 grossa
1346 4885 1492 4936 somma
1512 4877 1618 4936 tanto
1638 4861 1736 4937 delta

236 5001 365 5061 nostra
382 4985 543 5060 Camera
556 5011 626 5082 per
644 4982 804 5061 l'Affitto
819 4987 868 5059 da
885 4986 961 5060 essi
982 4987 1146 5061 ritenuto
1161 4987 1259 5060 della
1276 5004 1379 5060 terza
1397 5001 1505 5082 parte
1519 4984 1736 5084 degl’Emd
1832 5061 1833 5094 3

235 5108 389 5184 lumenti
426 5109 474 5182 de
505 5109 591 5198 loro
627 5109 736 5184 Offizi
775 5109 926 5186 Ruotali
963 5125 1155 5207 spettante
1192 5135 1216 5184 a
1252 5110 1356 5186 detta
1394 5127 1523 5186 nostra
1561 5111 1732 5198 Carnem,
1832 5135 1833 5156 ¹

235 5249 378 5331 quanto
405 5233 443 5307 di
469 5232 575 5306 detta
603 5249 732 5307 nostra
761 5234 897 5320 Ruota,
927 5235 997 5308 che
1024 5235 1207 5331 pretende
1234 5259 1340 5310 esser
1359 5235 1508 5333 poziore
1536 5233 1634 5308 nella
1661 5233 1734 5308 esi·
1832 5239 1833 5326 ζ

234 5383 353 5456 genza
380 5358 417 5433 di
445 5359 558 5432 annui
586 5359 691 5432 scudi
719 5355 818 5434 mille
845 5376 957 5433 cento
984 5359 1259 5457 cinquantadue
1279 5385 1392 5457 sopra
1420 5359 1733 5458 gl'Emolumenti
1832 5339 1833 5368 ³
