3708 5918
762 319 928 378 Clemente
947 318 969 378 I
973 319 1002 378 V
1589 321 1624 380 51

129 512 278 586 ecclesie
306 512 528 586 canonicatu
557 509 769 584 huiusmodi
796 510 1020 586 auctoritate
1048 509 1221 606 providit,
1242 511 1382 586 faciens
1408 511 1570 587 eundem
1590 513 1626 587 in

130 637 183 710 illa
210 636 247 708 in
276 637 496 711 canonicum
524 636 639 732 recipi
666 653 706 711 et
733 636 770 708 iu
797 635 960 712 fratrem.
992 635 1166 732 Cumque
1193 636 1293 710 idem
1321 635 1495 712 dominus
1521 663 1626 712 man-

129 765 252 836 dasset
280 763 330 836 de
357 761 443 858 ipso
469 762 715 836 Avinionensi
742 758 898 836 ecclesie
926 760 1114 857 provideri
1144 759 1322 836 beneficia
1339 761 1457 857 ipsius
1476 779 1626 858 aposto-

5 963 10 992 ,
129 886 190 960 lice
220 886 412 961 donationi
440 909 651 971 reservans,
672 909 720 960 eo
739 886 893 959 tandem
912 885 948 958 in
967 885 1262 960 Avinionensem
1281 889 1500 983 episcopum
1522 888 1626 962 iuxta

131 1010 338 1085 huiusmodi
366 1009 586 1084 mandatum
614 1023 801 1105 promoto,
832 1009 868 1082 in
897 1010 1036 1084 dictum
1065 1010 1287 1108 magistrum
1307 1011 1559 1086 Raimuudum
1578 1013 1626 1086 de

131 1134 258 1210 Crosis
285 1135 476 1209 transtulit
504 1159 615 1209 omne
644 1134 701 1207 ius
729 1133 834 1230 quod
852 1133 951 1208 idem
969 1135 1172 1232 episcopus
1191 1135 1455 1210 Avinionensis
1473 1137 1509 1210 iu
1527 1137 1626 1211 dicta

131 1258 364 1334 Narbonensi
383 1259 540 1334 ecclesia
554 1276 642 1333 tunc
662 1259 844 1355 temporis
857 1256 1067 1350 obtinebat3
1087 1259 1139 1332 ita
1152 1261 1256 1354 quod
1279 1260 1377 1334 idem
1393 1261 1626 1336 Raimundus

130 1399 264 1458 extunc
295 1409 365 1480 pro
394 1384 630 1460 Narbonensi
658 1383 837 1458 canonico
865 1383 1078 1470 haberetur,
1107 1399 1148 1456 et
1174 1385 1223 1458 de
1251 1387 1442 1481 prebenda
1474 1388 1522 1460 de
1550 1411 1626 1483 qua

130 1508 197 1606 ipsi
223 1509 407 1605 episcopo
434 1509 624 1605 provideri
652 1524 804 1604 poterat
830 1507 1092 1604 provideretur
1120 1509 1254 1596 eidem,
1275 1511 1387 1584 certis
1415 1510 1483 1584 sibi
1512 1535 1628 1607 super

129 1633 197 1708 hoc
225 1633 325 1708 datis
353 1633 618 1707 executoribus
645 1634 708 1729 qui
736 1657 822 1706 eum
851 1633 1004 1706 indicta
1024 1615 1262 1708 Narbonensi
1284 1635 1442 1726 ecclesia
1460 1635 1626 1709 lecerunt

130 1758 241 1856 recipi
270 1758 305 1831 in
334 1758 551 1832 canonicum
580 1773 620 1831 et
648 1758 684 1831 in
711 1757 877 1832 fratrem.

208 1882 454 1957 Postmodum
482 1881 594 1955 etiam
623 1881 723 1955 idem
751 1882 924 1955 dominus
953 1896 1084 1955 noster
1112 1880 1290 1956 Clemens
1318 1907 1388 1979 per
1417 1881 1509 1957 alias
1538 1909 1626 1957 suas

125 2009 270 2082 litteras
297 2007 484 2082 concessit
511 2006 612 2081 dicto
646 2007 828 2104 magistro
857 2005 1080 2092 Raimundo,
1112 2022 1153 2079 ut
1190 2029 1264 2080 non
1299 2009 1470 2082 obstaret
1504 2008 1626 2083 eidem

128 2132 232 2228 quod
259 2131 424 2229 provisio
453 2131 550 2205 lacta
578 2131 678 2205 dicto
700 2133 881 2228 episcopo
900 2153 975 2204 non
993 2129 1157 2204 valuisse
1176 2131 1374 2207 videbatur
1391 2157 1439 2206 ex
1457 2158 1505 2207 eo
1523 2133 1627 2230 quod

127 2256 227 2330 idem
255 2257 469 2351 episcopus,
499 2271 672 2352 tempore
700 2255 925 2352 provisionis
944 2254 1167 2339 huiusmodi,
1189 2256 1265 2330 duo
1284 2280 1368 2329 curn
1388 2281 1477 2330 cura
1499 2273 1539 2331 et
1555 2258 1627 2334 alia

128 2383 209 2454 sine
230 2406 320 2454 cura
348 2379 526 2455 beneficia
554 2381 759 2464 obtinebat,
780 2395 938 2476 propter
964 2379 1069 2474 quod
1095 2379 1319 2456 credebatur
1346 2383 1450 2478 quod
1477 2407 1546 2479 per
1572 2383 1628 2457 lit·

126 2522 230 2580 teras
263 2504 450 2580 facultatis
486 2504 639 2580 domino
672 2521 803 2580 nostro
841 2502 1036 2588 Clementi,
1065 2520 1108 2578 ut
1145 2505 1381 2602 premittitur,
1410 2507 1460 2580 ab
1491 2507 1627 2581 eodem
1735 2537 1738 2552 ·

128 2630 286 2704 Urbano
313 2653 524 2715 concessas,
545 2629 617 2727 ipsi
645 2628 888 2703 Avinionensi
916 2628 1098 2724 episcopo
1121 2651 1195 2704 non
1223 2646 1400 2726 potuerat
1427 2631 1626 2729 provideri.

125 2757 197 2828 Per
224 2753 380 2828 easdem
408 2777 560 2852 quoque
587 2753 731 2828 litteras
760 2769 969 2828 memorato
992 2754 1176 2853 magistro
1195 2753 1407 2829 Raimundo
1426 2780 1627 2831 concessas

124 2879 278 2955 dicebat
305 2879 404 2954 idem
434 2878 667 2952 Raimundus
695 2857 947 2974 provisionem
975 2878 1045 2952 sibi
1073 2877 1220 2961 factam,
1241 2879 1353 2965 omni,
1375 2880 1512 2976 siquod
1531 2881 1628 2955 lorte

125 3005 261 3092 suerat,
291 3004 559 3101 impedimento
586 3019 625 3077 et
652 3003 801 3078 delectu
834 3003 993 3090 sublato,
1023 3001 1172 3100 plenam
1200 3003 1371 3078 obtinere
1399 3005 1544 3080 roboris
1571 3007 1627 3080 fir·

124 3131 308 3204 mitatem.
340 3129 440 3204 Sane
466 3128 599 3202 litteris
626 3143 666 3202 et
693 3128 833 3201 iuribus
862 3127 1094 3226 singulorum
1126 3127 1300 3202 exhibitis
1337 3145 1377 3204 et
1411 3155 1525 3229 super
1556 3131 1627 3206 illis

124 3255 240 3332 variis
268 3254 621 3352 interrogationibus
649 3270 689 3327 et
716 3253 1024 3349 responsionibus
1051 3252 1158 3326 lactis
1193 3255 1243 3327 ad
1274 3277 1352 3338 eas,
1382 3280 1452 3352 per
1483 3255 1628 3330 coufes-

121 3380 254 3454 siones
281 3379 449 3453 constitit
475 3378 696 3453 eorumdem
724 3377 845 3452 dictos
880 3377 1075 3452 officialem
1111 3379 1370 3454 canonicatum
1403 3381 1439 3454 in
1471 3379 1627 3456 ecclesia

118 3503 246 3578 sancti
274 3503 464 3578 Afsrodisii
495 3501 709 3590 Biterrensi,
738 3503 775 3575 in
803 3527 879 3601 qua
907 3503 1018 3576 etiam
1046 3505 1278 3600 prebendam
1306 3507 1550 3602 postmodum
1569 3521 1629 3580 est

118 3629 300 3724 adeptus,
330 3642 371 3703 et
398 3626 604 3714 ecclesiam,
634 3626 682 3701 de
710 3627 854 3713 Sirano,
877 3626 1135 3702 Narbonensis
1153 3628 1323 3714 diocesis,
1345 3655 1473 3702 curam
1492 3631 1628 3706 anima·

121 3779 210 3828 rum
239 3753 442 3827 habentem
468 3775 664 3838 annexam,
696 3779 780 3826 cum
815 3749 981 3826 ecclesiis
1018 3755 1129 3827 beate
1167 3751 1287 3827 Marie
1323 3754 1372 3827 de
1408 3753 1562 3828 Sintillis
1590 3771 1629 3828 et

120 3878 249 3952 sancti
279 3877 378 3952 Petri
405 3878 453 3953 de
481 3877 664 3965 Ovilibus,
695 3902 770 3973 que
797 3876 971 3952 dicuntur
997 3878 1046 3952 ab
1072 3877 1207 3952 eadem
1236 3878 1284 3953 de
1313 3878 1446 3953 Sirano
1472 3878 1630 3954 ecclesia

121 4003 366 4100 dependere;
397 4003 616 4100 magistrum
645 4027 736 4076 vero
764 4000 1006 4076 Guillelmum
1024 4027 1136 4075 unam
1156 4000 1338 4098 capellam
1357 4021 1396 4079 et
1415 4021 1493 4078 tres
1511 4003 1630 4078 eccle-

121 4127 216 4210 sias,
249 4151 408 4224 quarum
435 4128 498 4201 uni
525 4150 614 4200 cura
642 4124 770 4201 similis
797 4127 1002 4213 imminere,
1031 4151 1176 4200 necnon
1212 4143 1252 4200 et
1288 4153 1364 4202 una
1398 4130 1448 4202 de
1478 4127 1630 4225 reliquis

123 4253 279 4326 duabus
307 4249 474 4325 ecclesiis
501 4253 555 4324 sic
582 4251 652 4325 sibi
678 4251 873 4326 dicebatur
891 4250 1005 4336 unita,
1027 4251 1131 4346 quod
1149 4249 1269 4326 altera
1286 4253 1335 4327 ab
1353 4251 1471 4326 altera
1490 4254 1633 4351 depen-

122 4379 267 4462 debat;
297 4376 519 4474 magistrum
547 4375 699 4473 insuper
727 4375 954 4450 Aimericum
974 4377 1008 4448 in
1028 4400 1163 4450 novem
1182 4377 1349 4451 ecclesiis
1368 4401 1503 4451 novem
1522 4381 1632 4452 bene·

122 4503 221 4586 ficia,
251 4501 426 4575 videlicet
453 4502 550 4576 duas
576 4515 705 4596 partes
733 4501 972 4588 decimarum,
1003 4526 1100 4597 quas
1128 4517 1253 4576 tamen
1273 4520 1494 4598 procurator
1511 4503 1630 4600 ipsius

122 4630 242 4704 variis
271 4653 387 4724 super
414 4627 485 4702 hoc
512 4643 552 4701 et
579 4627 660 4702 aliis
696 4627 746 4700 ad
777 4627 895 4724 ipsius
923 4627 1178 4702 defensionem
1216 4629 1384 4704 formatis
1420 4644 1461 4703 et
1495 4629 1630 4704 oblatis

121 4751 294 4828 articulis
326 4752 504 4827 beneficia
540 4750 793 4826 ecclesiastica
827 4775 914 4826 esse
952 4754 1125 4850 negabat,
1156 4753 1427 4848 impetrationis
1460 4769 1631 4850 tempore

123 4879 327 4966 habuisse;
358 4876 538 4974 quodque
566 4877 760 4953 incorum
787 4875 921 4952 litteris
948 4877 1020 4953 alia
1048 4877 1096 4951 de
1124 4877 1193 4950 hiis
1221 4878 1363 4951 mentio
1397 4901 1471 4952 non
1505 4878 1629 4966 fiebat,

123 5005 199 5079 nisi
226 5005 332 5101 quod
360 5001 422 5076 illa
449 5001 634 5088 clausula;
664 5027 738 5076 non
767 5003 944 5077 obstante
972 5001 1074 5096 quod
1102 5001 1193 5074 alias
1221 4997 1464 5074 beneficiatus
1482 5001 1628 5091 existat,

123 5130 396 5205 continebatur
422 5125 459 5200 in
487 5126 643 5225 singulis
671 5127 888 5200 earumdem
901 5156 909 5213 ;
938 5138 1097 5222 propter
1123 5125 1225 5219 quod
1254 5124 1472 5200 dicebantur
1497 5126 1632 5201 cedern

122 5257 247 5333 littere
267 5273 456 5350 tanquam
474 5250 674 5346 obreptitie
693 5275 768 5324 non
784 5249 919 5336 valere,
937 5266 976 5324 et
990 5273 1191 5347 processus
1211 5247 1360 5323 habitus
1378 5273 1448 5348 per
1464 5249 1626 5347 easdem,

122 5405 362 5484 quamquam
382 5375 471 5452 dicti
488 5375 654 5451 officialis
672 5400 716 5451 ac
735 5374 904 5475 magistri
919 5373 1129 5448 Aimericus
1148 5388 1188 5447 et
1202 5373 1424 5450 Guillelmus
1438 5374 1509 5448 hoc
1522 5399 1626 5489 excpc
