3718 5918
722 290 890 352 Clemente
909 289 983 352 XII
1547 291 1602 354 493

184 487 254 560 Pro
282 500 413 560 tenore
433 483 683 580 expeditionis
702 485 965 580 Appositionis
985 483 1182 580 Sequestri
1201 508 1267 558 seu
1288 482 1473 560 Economi
1491 485 1604 558 etiam

106 636 186 686 cum
213 609 526 708 subdelegatione
555 609 691 684 iudicis
731 665 1345 684 ..........
1403 633 1453 686 sc.
1485 651 1535 666 -
1554 631 1600 704 75

184 735 253 810 Pro
283 751 413 810 tenore
441 737 689 833 expeditionis
718 736 1071 820 revocationisseu
1092 735 1309 812 remotionis
1327 736 1516 830 sequestri
1536 760 1603 809 seu

107 860 284 934 Economi
311 861 424 936 etiam
452 886 536 936 eum
565 860 879 960 subdelegatione
907 860 1041 937 iudicis
1068 917 1344 936 .....
1403 885 1454 935 sc.
1484 903 1537 916 -
1554 881 1603 953 50

178 985 228 1058 Et
242 1009 310 1081 pro
325 1000 456 1059 tenore
471 985 700 1060 consecutivi
715 983 881 1060 mandati
896 987 944 1062 de
960 985 1195 1060 restituendo
1208 985 1362 1062 fructus.
1400 1010 1453 1060 sc.
1482 1027 1536 1058 .-
1553 1006 1572 1078 7
1579 1008 1598 1079 5

181 1109 253 1187 Pro
282 1127 413 1186 tenore
440 1112 722 1208 expeditionum
751 1110 1039 1206 praedictarum,
1068 1127 1111 1184 et
1137 1127 1178 1184 ut
1207 1133 1320 1207 supra
1350 1110 1600 1184 reiaxatarum

103 1233 193 1310 siin
224 1233 339 1310 Curia
368 1235 479 1322 Nihii,
510 1252 671 1332 excepto
700 1253 832 1310 tenore
863 1235 1053 1310 Munitorii
1083 1251 1268 1330 utsupra
1296 1250 1435 1310 taxato.

181 1357 255 1435 Pro
269 1377 400 1436 teuore
417 1361 669 1458 expeditionis
687 1361 924 1458 purgationis
943 1373 1214 1434 attentaturum
1235 1385 1317 1435 cum
1339 1377 1470 1436 tenore
1485 1361 1602 1434 cnius-

103 1507 261 1580 cumque
291 1487 466 1572 mandati,
496 1486 601 1580 quod
629 1485 927 1574 contextuaiiter‚
961 1499 1001 1561 et
1033 1485 1163 1558 unitim
1195 1484 1366 1581 expediri
1402 1485 1603 1584 contigerit

102 1631 170 1702 pro
199 1631 438 1705 quocumque
465 1609 602 1688 effectu
630 1609 866 1708 purgationis
894 1611 1114 1686 eorumdem
1134 1625 1406 1688 attentatorum
1432 1613 1466 1684 si
1493 1627 1601 1684 extra

102 1731 250 1810 Statum
271 1791 1352 1812 ..................
1409 1760 1462 1810 sc.
1494 1759 1529 1810 2.
1549 1777 1599 1794 -

182 1859 222 1934 Si
251 1860 286 1932 in
314 1860 425 1935 Statu
475 1917 1353 1938 ..............
1412 1887 1465 1937 sc.
1500 1886 1531 1936 1.
1550 1883 1600 1954 50

179 1983 219 2058 Si
248 1985 284 2059 in
313 1983 427 2071 Curia
471 2038 1355 2062 ..............
1412 2011 1463 2060 sc.
1494 2007 1595 2080 -75

179 2108 251 2182 Pro
289 2123 421 2184 tenore
457 2107 706 2206 expeditionis
742 2109 949 2184 litterarum
989 2108 1309 2186 Remissoriaiium
1344 2110 1393 2184 ed
1426 2109 1599 2186 effectum

101 2234 336 2308 examinandi
364 2233 513 2320 Testes,
543 2235 656 2310 etiam
684 2260 768 2308 cum
799 2233 1062 2328 Compuisoria
1089 2236 1219 2310 unita.
1280 2291 1288 2308 .
1348 2293 1355 2311 .
1412 2260 1463 2310 sc.
1498 2259 1530 2307 1.
1550 2257 1599 2328 50

179 2357 251 2432 Pro
280 2373 410 2434 tenore
437 2359 687 2458 expeditionis
715 2360 1006 2460 prorogationis,
1029 2361 1106 2434 sive
1135 2360 1386 2437 concessionis
1411 2361 1498 2434 novi
1525 2376 1601 2434 ter-

101 2483 187 2556 mini
206 2485 256 2556 ad
276 2485 594 2580 prosequendum,
614 2500 654 2560 et
680 2485 956 2562 terminandum
978 2484 1199 2560 Processum
1220 2483 1535 2572 Remissoriaiem,
1560 2499 1601 2560 et

100 2605 148 2679 ad
176 2605 272 2681 alios
299 2632 562 2705 quoscumque
588 2609 744 2684 eiiectns
771 2611 820 2684 ad
850 2611 981 2684 Partes
1008 2609 1162 2706 expedit
1212 2668 1221 2685 .
1278 2667 1287 2686 .
1346 2667 1353 2686 .
1412 2637 1463 2686 sc.
1497 2633 1599 2703 -30

180 2733 253 2808 Pro
281 2751 413 2808 tenore
440 2734 682 2810 instrumenti
710 2735 926 2810 Sententiae
963 2753 1040 2808 tam
1077 2734 1125 2808 ad
1160 2734 1333 2810 effectum
1362 2736 1597 2824 ostendendi,

100 2883 212 2954 quam
241 2857 291 2932 ad
319 2858 495 2934 effectum
522 2860 733 2957 exequendi
744 2916 1355 2937 ..........
1412 2887 1463 2936 sc.
1493 2883 1596 2954 -15

179 2983 251 3058 Pro
290 2998 422 3058 tenore
458 2985 708 3080 expeditionis
754 2986 1036 3082 cuiuscumque·
1058 2984 1236 3072 mandati,
1266 3009 1333 3060 seu
1370 2985 1599 3060 Litterarum

100 3107 431 3192 Executoriaiium,
461 3108 492 3182 si
519 3125 627 3184 extra
655 3108 802 3184 Statum
808 3165 1353 3186 ..........
1411 3136 1464 3184 sc.
1495 3135 1529 3186 2.
1547 3151 1597 3167 -

179 3233 220 3309 Si
249 3236 287 3309 in
315 3233 425 3308 Statu
454 3251 494 3308 et
521 3235 557 3306 in
586 3235 700 3308 Curia
742 3288 1353 3310 ..........
1412 3260 1462 3310 sc.
1500 3260 1529 3310 1.
1549 3256 1599 3328 50

176 3359 250 3434 Pro
280 3375 410 3433 tenore
438 3359 678 3434 instrumenti
706 3357 922 3438 Sententiae
951 3359 1232 3446 declaratoriae,
1251 3358 1423 3454 iiiiusque
1451 3359 1600 3456 expedi-

98 3482 206 3557 tionis
237 3499 345 3558 extra
374 3485 585 3558 Romanam
614 3485 776 3572 Curiam,
808 3500 847 3558 et
873 3484 922 3559 ad
951 3485 1081 3558 Partes
1145 3544 1153 3561 .
1213 3545 1221 3558 .
1278 3544 1286 3559 .
1344 3543 1353 3560 .
1411 3509 1463 3558 sc.
1493 3491 1599 3558 -60

178 3609 252 3682 Pro
280 3623 413 3684 tenore
443 3608 694 3706 expeditionis
723 3609 971 3684 Gravatoriae
998 3610 1048 3684 ob
1079 3633 1153 3682 non
1182 3607 1405 3704 petitionem
1432 3609 1481 3682 ad
1512 3609 1599 3682 Par-

100 3744 157 3806 tes
201 3794 209 3808 .
274 3792 815 3810 .........
837 3785 843 3798 -
874 3789 1350 3810 .........
1409 3757 1459 3808 sc.
1490 3775 1541 3792 -··
1547 3745 1598 3828 50

177 3861 251 3934 Pro
282 3874 414 3932 tenore
442 3859 691 3956 expeditionis
720 3859 1070 3958 Reaggravatoriae
1080 3918 1354 3934 .....
1413 3883 1462 3934 sc.
1493 3881 1598 3952 -50

176 3985 250 4058 Pro
279 3997 412 4058 tenore
441 3983 586 4058 Brachii
616 3984 802 4058 Secularis
820 4038 1352 4062 .........
1411 4009 1461 4058 sc.
1499 4007 1528 4058 r.
1546 4025 1598 4039 -

174 4109 251 4182 Pro
281 4124 413 4182 tenore
440 4109 690 4206 expeditionis
718 4109 978 4184 Absolutionis
1005 4133 1028 4182 a
1058 4108 1238 4182 Censuris
1267 4108 1422 4182 incursis
1450 4109 1499 4181 ob
1524 4131 1597 4182 non

93 4235 321 4328 paritionem
351 4235 430 4307 sive
458 4259 542 4308 cum
570 4234 821 4320 reincidentia,
852 4235 930 4308 sive
959 4233 1152 4310 absolute.
1212 4295 1219 4308 .
1278 4291 1286 4306 .
1345 4291 1354 4308 .
1410 4257 1461 4308 sc.
1492 4254 1598 4327 -50

174 4358 227 4431 Et
256 4381 327 4454 pro
364 4372 499 4433 tenore
531 4358 779 4454 expeditionis
816 4358 1057 4432 instrumenti
1093 4357 1381 4432 renunciationis
1418 4357 1504 4443 litis,
1539 4358 1599 4432 vei

91 4482 250 4558 alterius
279 4483 547 4580 cuiuscumque
582 4483 831 4580 expeditionis
857 4482 908 4556 ad
937 4483 1067 4557 Partes
1094 4483 1153 4558 hic
1180 4507 1255 4556 non
1282 4507 1499 4580 expressae,
1528 4506 1598 4579 pro

91 4609 266 4704 qualibet
269 4665 1347 4684 .................
1407 4633 1458 4684 sc.
1490 4631 1596 4701 -30

177 4733 253 4807 Pro
282 4734 407 4830 rogitu
436 4735 703 4830 cuiuscumque
731 4733 937 4808 Possessus
962 4733 1099 4808 obuios
1136 4733 1420 4832 quinquaginta.
1450 4749 1525 4808 tam
1563 4734 1598 4806 in

91 4856 128 4930 in
159 4857 280 4944 Urbe,
310 4881 423 4953 quam
451 4870 559 4932 extra
610 4915 1351 4934 ............
1410 4883 1460 4932 sc.
1493 4879 1597 4950 -50

173 4963 255 5056 Pro
279 4983 501 5076 repetitione
520 4982 790 5080 cuiuscumque
816 4983 1056 5057 instrumenti
1083 4983 1120 5055 in
1147 4982 1241 5056 actis
1273 4985 1395 5082 rogati
1416 4984 1598 5082 (exceptis

89 5107 358 5183 instrumentis
388 5106 726 5182 Renunciationum
745 5106 830 5194 iitis,
851 5123 891 5182 et
908 5107 1204 5203 possessionum,
1225 5131 1297 5203 pro
1315 5131 1473 5202 quorum
1493 5131 1597 5202 repe·

89 5234 225 5309 titione
256 5233 343 5306 nihii
372 5229 598 5334 recipiatur),
630 5247 802 5306 servetur
829 5231 936 5306 Taxa
964 5231 1206 5306 Notariorum
1236 5232 1373 5306 Curiae
1402 5231 1597 5328 Capitolii:

89 5375 207 5456 prout
237 5383 390 5454 quoque
410 5357 543 5432 eadem
571 5357 678 5432 Taxa
707 5357 947 5463 Notariorum
977 5355 1151 5453 Capitolii
1180 5375 1352 5432 servetur
1380 5357 1476 5431 circa
1503 5358 1597 5432 aiios
