3688 5924
229 328 266 388 36
854 325 991 386 Soeculo
1011 325 1101 386 XIII

229 522 319 595 dum
345 538 386 596 et
403 523 623 617 pensionem
643 521 806 596 dandam
834 547 901 597 seu
929 521 1208 596 concedendam
1228 537 1267 596 et
1294 520 1540 597 ordinandam
1568 521 1731 617 speciale

230 671 305 723 non
332 647 520 721 habebant
538 647 766 730 mandatum,
788 647 959 742 quamvis
978 646 1070 720 alias
1089 670 1158 742 pro
1178 646 1350 722 omnibus
1370 645 1531 744 negotiis
1549 663 1589 720 et
1607 647 1730 720 causis

227 772 396 846 eiusdem
426 769 644 845 Monasterii
673 769 919 844 sufficientem
946 787 986 845 et
1002 771 1189 867 ydoneam
1209 770 1511 869 procurationem
1536 770 1727 852 haberent,

226 895 331 968 cuius
356 909 464 968 tenor
491 893 539 966 de
567 895 683 968 verbo
715 893 765 968 ad
793 895 949 968 verbum
976 893 1127 968 inferius
1155 909 1369 968 annotatur.
1409 893 1609 991 Expensas
1638 917 1731 968 vero

227 1043 359 1093 omnes
377 1020 497 1093 abbas
514 994 553 1092 et
568 1034 791 1103 conventus
819 1018 976 1114 predicti
995 1018 1226 1117 integraliter
1244 1017 1381 1094 sacient
1408 1019 1444 1093 in
1464 1019 1731 1116 prosecutione

229 1143 501 1240 prosecutionis
529 1142 708 1240 predicte,
739 1167 949 1239 quousque,
979 1159 1021 1216 ut
1049 1143 1188 1218 dictum
1220 1161 1289 1230 est,
1321 1143 1492 1240 predicto
1520 1143 1673 1218 domino
1702 1144 1728 1216 1.

227 1267 418 1364 provisum
446 1265 557 1341 suerit
583 1280 622 1340 et
649 1267 685 1340 in
725 1266 876 1364 pacifica
903 1267 1146 1362 possessione
1182 1267 1347 1342 extiterit
1378 1267 1601 1366 provisionis
1639 1268 1732 1341 iam·

228 1391 337 1474 dicte,
367 1407 407 1465 et
433 1392 575 1465 fructus
595 1392 805 1488 perceperit
833 1417 880 1465 ex
907 1392 1053 1480 eadem,
1084 1392 1152 1466 nisi
1171 1392 1322 1490 questio
1349 1393 1474 1490 aliqua
1501 1393 1588 1466 inde
1607 1417 1731 1466 emer-

227 1531 347 1616 geret,
363 1533 403 1590 et
423 1516 614 1615 negotium
635 1515 686 1590 ad
706 1515 858 1590 Curiam
882 1517 1087 1602 deveniret,
1108 1518 1143 1590 in
1163 1518 1267 1591 cuius
1287 1517 1551 1614 prosecutione
1570 1517 1728 1616 negocii,

227 1642 317 1714 dum
345 1641 381 1713 in
420 1641 535 1716 Curia
567 1656 757 1738 ageretur,
793 1641 881 1716 dicti
918 1643 1037 1716 abbas
1064 1656 1103 1715 et
1139 1657 1346 1716 conventus
1382 1667 1570 1738 expensas
1607 1641 1732 1716 lacere

227 1765 375 1840 minime
395 1781 604 1843 teneantur.
636 1764 860 1840 Pensionem
880 1781 1007 1839 tamen
1028 1765 1174 1863 prelato
1194 1765 1401 1862 Capeliano
1428 1767 1619 1840 annuatim
1639 1767 1734 1840 inte-

227 1889 383 1988 graliter
410 1913 560 1986 semper
583 1889 743 1976 solvant,
774 1891 905 1977 donec,
937 1906 979 1964 ut
997 1891 1170 1987 superius
1189 1905 1249 1965 est
1267 1917 1499 1988 expressum,
1521 1893 1557 1965 in
1577 1891 1732 1988 pacifica

226 2015 468 2112 possessione
487 2013 599 2088 luerit
616 2015 840 2110 provisionis
861 2015 1034 2090 iamdicte
1053 2030 1092 2088 et
1120 2016 1263 2090 fructus
1282 2017 1493 2113 perceperit
1511 2041 1558 2090 ex
1581 2017 1728 2090 eadem.
1838 2055 1839 2104 ῃ

228 2139 268 2215 Si
295 2155 422 2214 autem
450 2139 637 2236 prefatum
666 2140 860 2215 dominum
888 2141 1091 2216 Iohannem
1119 2140 1169 2214 ad
1196 2141 1453 2239 episcopalem
1472 2140 1531 2215 vel
1549 2141 1733 2239 archiepi-

226 2263 416 2362 scopalem
444 2263 666 2363 dignitatem
694 2265 841 2339 interim
861 2265 1060 2365 contigerit
1087 2266 1311 2363 promoveri,
1341 2267 1412 2352 vel,
1435 2267 1530 2342 sicut
1558 2266 1731 2364 superius

225 2406 286 2464 est
313 2405 516 2476 narratum,
545 2390 656 2464 fuerit
684 2392 717 2464 ei
744 2391 946 2486 provisum,
978 2407 1016 2464 et
1045 2392 1081 2464 in
1113 2391 1266 2488 pacifica
1294 2392 1537 2490 possessione
1565 2392 1731 2466 extiterit

227 2515 450 2612 provisionis
479 2515 605 2612 ipsius,
637 2533 675 2588 et
702 2513 845 2590 fructus
873 2515 1083 2613 perceperit
1115 2541 1162 2588 ex
1194 2517 1339 2602 eadem,
1378 2518 1575 2590 memorati
1611 2517 1731 2590 abbas

226 2656 267 2714 et
285 2640 505 2714 Conventus
527 2643 577 2715 ab
595 2640 728 2715 eadem
744 2641 925 2737 pensione
945 2665 1010 2714 seu
1031 2640 1245 2737 provisione
1264 2642 1337 2715 sint
1355 2640 1460 2716 liberi
1474 2657 1514 2716 et
1532 2641 1729 2714 immunes.

227 2765 352 2862 Super
379 2765 512 2840 eadem
540 2781 667 2839 autem
695 2764 852 2840 ecclesia
881 2766 929 2840 de
958 2765 1136 2852 Lenham,
1167 2765 1358 2862 predictos
1390 2768 1550 2841 abbates
1580 2765 1662 2866 (sic)
1691 2782 1731 2838 et

227 2889 466 2965 Conventum
486 2889 675 2964 diffinitive
693 2889 923 2966 absolvimus
941 2916 964 2964 a
988 2891 1169 2986 petitione
1196 2889 1337 2965 domini
1356 2891 1529 2966 Iohannis
1557 2891 1727 2987 predicti,

225 3040 310 3087 cum
330 3015 436 3089 nobis
465 3015 673 3089 constiterit
700 3016 896 3090 evidenter
915 3040 984 3112 per
1012 3013 1262 3114 indulgentias
1291 3015 1548 3090 Romanorum
1579 3015 1730 3090 Pontifi-

225 3166 320 3222 cum,
342 3140 468 3214 abbati
496 3155 535 3214 et
556 3139 768 3214 Conventui
796 3141 1012 3216 monasterii
1033 3140 1203 3239 prelibati
1222 3143 1343 3240 ipsam
1362 3140 1558 3216 ecclesiam
1581 3143 1616 3214 in
1636 3167 1730 3216 usus

227 3265 400 3362 proprios
429 3265 544 3340 luisse
571 3290 802 3351 concessam,
832 3267 956 3341 eidem
975 3267 1126 3341 domino
1155 3267 1180 3341 1.
1211 3291 1327 3364 super
1353 3267 1435 3362 ipsa
1463 3265 1620 3342 ecelesia
1646 3291 1732 3363 per·

229 3403 384 3485 petuum
413 3387 598 3461 silentium
626 3389 864 3485 imponendo.

312 3512 447 3587 Dictus
484 3528 612 3587 autem
640 3513 814 3588 dominus
846 3515 872 3587 1.
901 3515 938 3588 in
965 3529 1094 3589 nostra
1123 3517 1310 3611 presentia
1339 3530 1474 3611 sponte
1507 3515 1733 3589 renuntiavit

224 3639 398 3712 omnibus
425 3635 558 3711 litteris
586 3653 625 3712 et
654 3639 894 3736 indulgentiis
922 3640 1131 3736 impetratis
1159 3655 1197 3713 et
1230 3640 1485 3736 impetrandis,
1516 3641 1729 3736 exquibus

227 3761 348 3858 possit
376 3761 444 3835 sibi
471 3761 623 3858 aliquod
659 3762 921 3837 adminiculum
949 3763 1124 3850 exhiberi,
1165 3765 1269 3860 quod
1304 3765 1391 3837 dicti
1418 3764 1537 3839 abbas
1564 3778 1604 3838 et
1632 3763 1730 3837 Con·

226 3901 360 3960 ventus
389 3885 458 3958 sibi
487 3885 692 3980 predictam
721 3885 939 3982 pensionem
973 3887 1119 3961 solvere
1148 3904 1374 3973 tenerentur,
1406 3903 1609 3984 postquam
1639 3910 1728 3961 eum

226 4010 292 4084 ad⁴
308 4009 560 4104 episcopalem
599 4009 656 4082 vel
698 4010 1054 4108 archiepiscopalem
1097 4011 1319 4109 dignitatem
1361 4011 1598 4110 contingeret
1639 4036 1729 4108 pro-

231 4137 385 4209 moveri.

308 4259 437 4336 Tenor
462 4278 589 4335 autem
619 4261 891 4357 procurationis
919 4262 1172 4357 predictorum
1202 4237 1469 4335 monachorum
1494 4259 1578 4335 talis
1598 4277 1673 4336 est:

1230 4485 1309 4554 12:02,
1328 4486 1438 4546 martii
1458 4487 1500 4557 17,
1518 4484 1726 4548 cantuariae.

307 4634 551 4709 Sanctissimo
579 4636 738 4731 patriae
757 4636 908 4709 domino
928 4635 1153 4722 Innocentio,
1174 4636 1298 4710 divina
1318 4635 1554 4732 providentia
1581 4659 1728 4712 summo
1834 4605 1835 4634 ³

227 4759 402 4843 Pontifici,
433 4785 501 4834 sue
519 4760 729 4834 sanctitatis
758 4759 818 4832 filii
837 4760 965 4834 devoti
1043 4761 1157 4845 Prior,
1178 4777 1217 4835 et
1242 4761 1465 4836 Conventus
1483 4759 1727 4861 [monasterii]

229 4885 346 4960 sancti
382 4885 585 4982 Augustini
622 4885 914 4970 Cantuariensis,
947 4885 1051 4981 quod
1087 4886 1136 4958 ad
1174 4887 1304 4959 sedem
1341 4885 1588 4982 apostolicam
1626 4884 1729 4961 nullo

228 5009 391 5107 pertinet
426 5009 622 5096 mediante,
664 5010 802 5106 pedum
839 5009 970 5084 oscula
1005 5010 1215 5086 beatorum.
1250 5010 1289 5082 ln
1326 5011 1501 5085 omnibus
1537 5009 1661 5084 causis
1688 5025 1728 5084 et

228 5135 394 5234 negociis
432 5135 468 5206 in
508 5134 622 5208 Curia
668 5151 795 5208 vestre
843 5135 1052 5209 sanctitatis
1094 5135 1367 5210 Monasterium
1408 5137 1722 5233 contingentibus,

227 5258 383 5333 dilectos
410 5258 545 5333 iratres
572 5275 611 5332 et
638 5261 928 5334 commonachos
957 5274 1107 5335 nostros
1135 5260 1379 5359 Roggerium,
1411 5259 1724 5344 elemosinarium,

225 5397 264 5456 et
292 5383 417 5456 Adam
445 5384 493 5457 de
521 5383 662 5458 Sancto
700 5383 860 5472 Albano,
892 5400 1159 5480 procuratores
1188 5399 1350 5472 nostros,
1379 5385 1640 5462 constituimus
1677 5386 1727 5458 ad
