3684 5920
840 666 929 745 495.

248 813 385 886 Petrus
413 811 647 896 Paraccianz',
679 811 853 894 Auditor,
873 809 929 904 fit
955 811 1101 907 Regem
1129 809 1167 887 S.
1198 809 1517 883 Poenz'tentzirriae.

206 967 320 1040 (Auen.
338 966 425 1041 Rom,
449 965 640 1025 ‹Diarium
661 965 836 1025 Camerale
848 969 889 1060 »).Ι

1425 1087 1548 1146 Eadem
1566 1086 1629 1145 die.

210 1235 324 1330 Quod
354 1250 502 1332 spectat
530 1233 579 1308 ad
607 1259 744 1307 munus
773 1235 956 1334 Regentis
984 1234 1022 1310 S.
1053 1234 1375 1324 Poenitentiariae‚
1411 1233 1461 1307 ob
1493 1232 1628 1306 malam

126 1361 224 1435 illius
252 1362 502 1438 valetudinem
534 1361 742 1436 Coadiutor
769 1361 804 1434 b.
833 1387 882 1436 m.
914 1360 1035 1457 Origo
1063 1359 1098 1431 in
1136 1359 1205 1433 hoc
1242 1384 1396 1432 munere
1434 1358 1571 1432 iamdiu
1609 1383 1631 1429 a

128 1485 251 1560 SSri'ro
281 1487 329 1563 D.
362 1488 407 1562 N.
440 1487 503 1561 Pio
532 1485 582 1558 VI
612 1487 723 1560 datus
752 1487 873 1560 suerat
902 1485 946 1560 R.
979 1485 1017 1560 P.
1049 1484 1097 1560 D.
1129 1485 1262 1558 Petrus
1292 1485 1545 1571 Paraccianus,
1568 1485 1631 1581 qui

127 1615 180 1685 ob
208 1613 370 1686 coadiuti
398 1614 540 1686 obitum
568 1611 723 1708 Regens
752 1611 790 1686 S.
822 1611 1131 1685 Poenitentiariae
1159 1611 1240 1706 ipse
1269 1609 1390 1684 evasit

842 1926 933 2005 496.

131 2071 298 2146 Auditor
325 2071 443 2145 Rotae
468 2071 602 2145 solebat
635 2071 751 2166 officio
776 2071 900 2167 fungi
933 2071 1221 2145 Locumtcnentir
1259 2071 1474 2145 Cardz'nalis
1510 2071 1632 2146 Came-

214 2197 318 2270 rarzi'
341 2198 381 2269 in
408 2195 610 2294 Sapientia.

214 2353 330 2426 (Anca.
349 2351 436 2426 Rom,
461 2350 650 2410 «Dr'arium
670 2350 845 2410 Camerale
857 2354 893 2425 »).

1306 2477 1310 2484 ·
1432 2459 1555 2520 Eadem
1573 2460 1634 2520 die.

217 2579 381 2679 Demum
409 2605 512 2702 quod
541 2623 689 2701 spectat
716 2608 765 2680 ad
794 2631 929 2694 munus
963 2606 1267 2681 Locumtenentis
1305 2606 1387 2679 Emi
1416 2607 1465 2680 D.
1506 2607 1638 2681 Cardi-

133 2727 230 2802 nalis
259 2729 474 2814 Camerarii‚
504 2731 574 2805 hoc
602 2732 651 2804 ab
679 2728 775 2804 Emo
796 2731 842 2806 D.
875 2731 1014 2804 Carolo
1042 2731 1259 2816 Rezzonic0,
1274 2731 1354 2805 viro
1381 2733 1545 2805 omnium
1566 2732 1640 2805 vir-

133 2867 258 2926 tutum
294 2880 435 2951 genere
471 2855 796 2952 praestantissimo
831 2873 871 2928 et
905 2857 954 2929 ad
991 2880 1174 2951 praesens
1208 2854 1246 2930 S.
1277 2857 1322 2932 R.
1354 2857 1396 2931 E.
1434 2859 1639 2932 camerario

134 2977 386 3065 meritissimo
418 2979 592 3053 collatum
621 2981 689 3054 fuit
717 2982 752 3054 in
781 2981 826 3056 R.
849 2980 888 3055 P.
910 2981 958 3053 D.
981 2979 1219 3054 Franciscum
1239 2980 1417 3055 Caesarei
1436 3008 1508 3078 ope
1529 2985 1640 3057 urba-

136 3101 280 3176 nissimi
305 3104 469 3200 epistolii
497 3105 601 3199 quod
628 3129 703 3201 ego
730 3105 841 3200 posui
868 3105 904 3176 in
934 3122 1080 3178 secreto
1108 3120 1239 3178 nostro
1263 3105 1440 3179 Archivio
1458 3105 1640 3198 Quirinali

138 3228 320 3323 quodque
357 3229 457 3303 hisce
489 3247 713 3325 conceptum
748 3245 831 3303 erat
871 3230 1014 3303 verbis:
1052 3229 1193 3302 «Casa
1233 3255 1281 3321 24
1314 3255 1439 3304 marzo
1474 3254 1583 3324 1792.
1613 3275 1640 3288 —

146 3351 359 3426 ‹Essendo
385 3369 542 3427 vacante
570 3378 638 3449 per
666 3371 786 3427 morte
813 3355 850 3427 di
880 3353 1060 3452 Monsig.r
1089 3354 1211 3450 Origo
1239 3355 1430 3452 l'impiego
1466 3355 1504 3429 di
1541 3357 1641 3430 Luo-

145 3491 389 3574 ‹gotenente
417 3478 477 3553 del
507 3478 705 3553 Cardinale
735 3478 985 3576 Camerlengo
1013 3505 1083 3576 per
1109 3479 1143 3553 le
1172 3480 1317 3554 Lauree
1348 3480 1535 3554 Dottorali
1563 3481 1641 3554 nel-

145 3627 167 3670 «
186 3597 427 3676 l’Universita
454 3601 551 3675 della
580 3603 772 3698 sapienia,
802 3602 826 3675 il
855 3603 1031 3676 Cardinal
1060 3603 1240 3676 suddetto
1268 3627 1386 3701 prega
1412 3603 1456 3679 V.
1479 3604 1517 3679 S.
1539 3603 1641 3677 Illma

147 3751 167 3794 c
185 3724 254 3798 che
282 3726 407 3822 voglia
435 3726 542 3826 iargli
568 3727 712 3802 l’onore
739 3728 777 3800 di
805 3750 999 3801 assumere
1020 3726 1101 3802 Ella
1120 3728 1143 3800 il
1162 3728 1270 3801 detto
1288 3728 1454 3825 impiego
1472 3745 1640 3803 vacante.

147 3847 279 3923 «Sari
307 3867 444 3945 questo
473 3877 541 3946 per
573 3851 608 3923 lo
637 3851 821 3924 scrivente
850 3877 900 3923 un
927 3870 1151 3948 argomento
1187 3852 1225 3925 di
1256 3850 1515 3948 obbligazione
1546 3878 1568 3926 e
1605 3847 1668 3930 di.

149 3975 362 4072 «maggior
397 3990 672 4049 attaccamento
708 4001 820 4050 verso
855 3976 879 4049 il
916 3976 1049 4050 merito
1086 3976 1124 4050 di
1152 3977 1197 4051 V.
1226 3976 1265 4051 S.
1294 3977 1408 4062 filma,
1437 4001 1460 4050 a
1488 3981 1544 4050 cui
1572 4000 1642 4051 con

148 4098 340 4172 ‹distinta
368 4099 478 4172 stima
506 4115 619 4186 resta,
649 4100 831 4174 baciando
859 4101 895 4174 di
923 4125 1013 4176 vero
1041 4126 1154 4176 cuore
1181 4099 1216 4175 le
1243 4103 1352 4188 mani,
1382 4116 1453 4178 etc.
1474 4128 1511 4178 r.

849 4413 940 4494 497.

142 4555 290 4630 Munus
317 4555 551 4656 Deposr'tarir'
574 4557 612 4633 S.
643 4559 760 4632 Rotas
785 4585 858 4632 non
884 4560 1084 4634 necessario
1103 4560 1368 4654 fcmcfirmdum
1394 4570 1478 4634 erat
1502 4561 1573 4634 uni
1596 4587 1645 4634 ex

232 4681 404 4754 Patronis
431 4682 476 4755 de
504 4681 673 4779 Collegio.

227 4836 341 4908 (Aaou.
359 4835 447 4912 Rom,
471 4835 659 4896 ‹Drorr'rrm
681 4836 856 4898 Camerata
869 4843 906 4908 »).

575 5018 734 5092 Veneris
770 5040 812 5113 17
844 5019 1066 5094 Decembris
1101 5041 1213 5114 1792.

106 5197 111 5216 ·
228 5161 367 5235 Munus
397 5161 626 5257 Depositarii
653 5161 690 5237 S.
722 5162 853 5236 Nostri
879 5163 1090 5237 Tribunalis
1117 5163 1221 5260 quod
1248 5181 1448 5239 vacaverat
1475 5190 1542 5261 per
1568 5167 1646 5240 obi·

143 5305 225 5362 tum
254 5289 289 5361 b.
320 5313 367 5362 m.
400 5285 585 5360 Generosi
615 5287 798 5374 Petrarca,
830 5288 940 5362 hodie
969 5287 1145 5361 collatum
1173 5305 1232 5362 est
1260 5288 1440 5364 Severino
1473 5291 1646 5363 Petrarca

143 5413 314 5488 eiusdem
344 5412 529 5486 Generosi
558 5410 632 5488 filio
659 5413 734 5509 qui,
764 5413 933 5488 doctrina
956 5428 995 5487 et
1023 5413 1221 5488 honestate
1249 5415 1409 5490 maxime
1436 5431 1644 5513 praestans,
