<?xml version="1.0" encoding="UTF-8"?>
<!DOCTYPE html PUBLIC "-//W3C//DTD XHTML 1.0 Transitional//EN"
    "http://www.w3.org/TR/xhtml1/DTD/xhtml1-transitional.dtd">
<html xmlns="http://www.w3.org/1999/xhtml" xml:lang="en" lang="en">
 <head>
  <title>
</title>
<meta http-equiv="Content-Type" content="text/html;charset=utf-8" />
  <meta name='ocr-system' content='tesseract 3.04.00' />
  <meta name='ocr-capabilities' content='ocr_page ocr_carea ocr_par ocr_line ocrx_word'/>
</head>
<body>
  <div class='ocr_page' id='page_1' title='image "./capellanipapaee00cercgoog_0429.png"; bbox 0 0 3720 5916; ppageno 0'>
   <div class='ocr_carea' id='block_1_1' title="bbox 768 315 1011 376">
    <p class='ocr_par' dir='ltr' id='par_1_1' title="bbox 768 315 1011 376">
     <span class='ocr_line' id='line_1_1' title="bbox 768 315 1011 376; baseline 0 0"><span class='ocrx_word' id='word_1_1' title='bbox 768 316 960 376; x_wconf 84' lang='lat' dir='ltr'><em>Innocentio</em></span> <span class='ocrx_word' id='word_1_2' title='bbox 978 315 1011 376; x_wconf 86' lang='lat' dir='ltr'><em>X</em></span> 
     </span>
    </p>
   </div>
   <div class='ocr_carea' id='block_1_2' title="bbox 848 661 938 741">
    <p class='ocr_par' dir='ltr' id='par_1_2' title="bbox 848 661 938 741">
     <span class='ocr_line' id='line_1_2' title="bbox 848 661 938 741; baseline 0.022 -2"><span class='ocrx_word' id='word_1_3' title='bbox 848 661 938 741; x_wconf 84' lang='lat'>265.</span> 
     </span>
    </p>
   </div>
   <div class='ocr_carea' id='block_1_3' title="bbox 134 821 1637 1024">
    <p class='ocr_par' dir='ltr' id='par_1_3' title="bbox 134 821 1637 1024">
     <span class='ocr_line' id='line_1_3' title="bbox 134 821 1637 922; baseline 0 -26"><span class='ocrx_word' id='word_1_4' title='bbox 134 823 343 922; x_wconf 78' lang='lat' dir='ltr'>Aliquoties</span> <span class='ocrx_word' id='word_1_5' title='bbox 369 848 394 897; x_wconf 88' lang='lat' dir='ltr'><em>o</em></span> <span class='ocrx_word' id='word_1_6' title='bbox 426 821 555 897; x_wconf 84' lang='lat' dir='ltr'>Sacris</span> <span class='ocrx_word' id='word_1_7' title='bbox 584 822 763 898; x_wconf 82' lang='lat' dir='ltr'>Romanis</span> <span class='ocrx_word' id='word_1_8' title='bbox 792 821 1140 921; x_wconf 72' lang='lat' dir='ltr'>Congregotionrbns</span> <span class='ocrx_word' id='word_1_9' title='bbox 1166 847 1298 896; x_wconf 81' lang='lat' dir='ltr'>consae</span> <span class='ocrx_word' id='word_1_10' title='bbox 1328 823 1637 898; x_wconf 68' lang='lat' dir='ltr'><em>committebantur</em></span> 
     </span>
     <span class='ocr_line' id='line_1_4' title="bbox 221 948 351 1024; baseline 0.008 -1"><span class='ocrx_word' id='word_1_11' title='bbox 221 948 351 1024; x_wconf 84' lang='lat' dir='ltr'>Rotae.</span> 
     </span>
    </p>
   </div>
   <div class='ocr_carea' id='block_1_4' title="bbox 219 1103 808 1178">
    <p class='ocr_par' dir='ltr' id='par_1_4' title="bbox 219 1103 808 1178">
     <span class='ocr_line' id='line_1_5' title="bbox 219 1103 808 1178; baseline 0.002 -15"><span class='ocrx_word' id='word_1_12' title='bbox 219 1104 333 1176; x_wconf 78' lang='lat' dir='ltr'>(Anca.</span> <span class='ocrx_word' id='word_1_13' title='bbox 352 1103 439 1178; x_wconf 80' lang='lat' dir='ltr'>Ron,</span> <span class='ocrx_word' id='word_1_14' title='bbox 463 1103 652 1164; x_wconf 59' lang='lat' dir='ltr'>«Dumium</span> <span class='ocrx_word' id='word_1_15' title='bbox 672 1103 808 1176; x_wconf 66' lang='lat' dir='ltr'>Celsen.</span> 
     </span>
    </p>
   </div>
   <div class='ocr_carea' id='block_1_5' title="bbox 513 1305 1173 1404">
    <p class='ocr_par' dir='ltr' id='par_1_5' title="bbox 513 1305 1173 1404">
     <span class='ocr_line' id='line_1_6' title="bbox 513 1305 1173 1404; baseline 0.003 -24"><span class='ocrx_word' id='word_1_16' title='bbox 513 1312 517 1320; x_wconf 90' lang='lat'>&#39;</span> <span class='ocrx_word' id='word_1_17' title='bbox 602 1307 775 1381; x_wconf 86' lang='lat' dir='ltr'>Mercurii</span> <span class='ocrx_word' id='word_1_18' title='bbox 807 1331 855 1400; x_wconf 86' lang='lat'>29</span> <span class='ocrx_word' id='word_1_19' title='bbox 885 1305 1027 1404; x_wconf 84' lang='lat' dir='ltr'>Aprilis</span> <span class='ocrx_word' id='word_1_20' title='bbox 1063 1314 1173 1401; x_wconf 83' lang='lat'>1654.</span> 
     </span>
    </p>
   </div>
   <div class='ocr_carea' id='block_1_6' title="bbox 137 1465 1645 2816">
    <p class='ocr_par' dir='ltr' id='par_1_6' title="bbox 137 1465 1645 2816">
     <span class='ocr_line' id='line_1_7' title="bbox 223 1465 1639 1565; baseline 0 -23"><span class='ocrx_word' id='word_1_21' title='bbox 223 1524 231 1542; x_wconf 94' lang='lat'>.</span> <span class='ocrx_word' id='word_1_22' title='bbox 289 1526 295 1543; x_wconf 93' lang='lat'>.</span> <span class='ocrx_word' id='word_1_23' title='bbox 356 1526 364 1542; x_wconf 94' lang='lat'>.</span> <span class='ocrx_word' id='word_1_24' title='bbox 425 1528 431 1541; x_wconf 94' lang='lat'>.</span> <span class='ocrx_word' id='word_1_25' title='bbox 471 1465 556 1565; x_wconf 86' lang='lat' dir='ltr'>Ego</span> <span class='ocrx_word' id='word_1_26' title='bbox 584 1465 758 1564; x_wconf 85' lang='lat' dir='ltr'><strong>Angelus</strong></span> <span class='ocrx_word' id='word_1_27' title='bbox 789 1465 924 1540; x_wconf 90' lang='lat' dir='ltr'>Celsus</span> <span class='ocrx_word' id='word_1_28' title='bbox 954 1465 1074 1554; x_wconf 89' lang='lat' dir='ltr'>retuli,</span> <span class='ocrx_word' id='word_1_29' title='bbox 1105 1492 1165 1540; x_wconf 90' lang='lat' dir='ltr'>me</span> <span class='ocrx_word' id='word_1_30' title='bbox 1197 1467 1447 1563; x_wconf 78' lang='lat' dir='ltr'>proposuisse</span> <span class='ocrx_word' id='word_1_31' title='bbox 1475 1467 1514 1543; x_wconf 90' lang='lat' dir='ltr'>in</span> <span class='ocrx_word' id='word_1_32' title='bbox 1544 1467 1639 1542; x_wconf 90' lang='lat' dir='ltr'>Con-</span> 
     </span>
     <span class='ocr_line' id='line_1_8' title="bbox 137 1590 1641 1692; baseline 0.002 -27"><span class='ocrx_word' id='word_1_33' title='bbox 137 1591 363 1692; x_wconf 86' lang='lat' dir='ltr'>gregatione</span> <span class='ocrx_word' id='word_1_34' title='bbox 382 1591 630 1665; x_wconf 89' lang='lat' dir='ltr'>Immunltatis</span> <span class='ocrx_word' id='word_1_35' title='bbox 648 1615 801 1665; x_wconf 88' lang='lat' dir='ltr'>causam</span> <span class='ocrx_word' id='word_1_36' title='bbox 824 1591 1100 1689; x_wconf 89' lang='lat' dir='ltr'>Hydruntinam</span> <span class='ocrx_word' id='word_1_37' title='bbox 1121 1590 1302 1668; x_wconf 88' lang='lat' dir='ltr'>Decimae</span> <span class='ocrx_word' id='word_1_38' title='bbox 1325 1594 1421 1666; x_wconf 90' lang='lat' dir='ltr'>inter</span> <span class='ocrx_word' id='word_1_39' title='bbox 1440 1593 1641 1668; x_wconf 87' lang='lat' dir='ltr'>Ducissam</span> 
     </span>
     <span class='ocr_line' id='line_1_9' title="bbox 137 1713 1640 1815; baseline 0 -23"><span class='ocrx_word' id='word_1_40' title='bbox 137 1715 178 1792; x_wconf 90' lang='lat' dir='ltr'>S.</span> <span class='ocrx_word' id='word_1_41' title='bbox 203 1715 342 1790; x_wconf 87' lang='lat' dir='ltr'>Donati</span> <span class='ocrx_word' id='word_1_42' title='bbox 360 1741 408 1790; x_wconf 85' lang='lat' dir='ltr'>ex</span> <span class='ocrx_word' id='word_1_43' title='bbox 435 1739 520 1799; x_wconf 89' lang='lat' dir='ltr'>una,</span> <span class='ocrx_word' id='word_1_44' title='bbox 542 1730 581 1790; x_wconf 90' lang='lat' dir='ltr'>et</span> <span class='ocrx_word' id='word_1_45' title='bbox 608 1713 895 1790; x_wconf 89' lang='lat' dir='ltr'>Ecclesiasticos</span> <span class='ocrx_word' id='word_1_46' title='bbox 915 1742 962 1790; x_wconf 90' lang='lat' dir='ltr'>ex</span> <span class='ocrx_word' id='word_1_47' title='bbox 980 1716 1112 1804; x_wconf 89' lang='lat' dir='ltr'>altera,</span> <span class='ocrx_word' id='word_1_48' title='bbox 1133 1716 1168 1788; x_wconf 90' lang='lat' dir='ltr'>in</span> <span class='ocrx_word' id='word_1_49' title='bbox 1197 1740 1273 1812; x_wconf 83' lang='lat' dir='ltr'>qua</span> <span class='ocrx_word' id='word_1_50' title='bbox 1300 1734 1390 1814; x_wconf 90' lang='lat' dir='ltr'>post</span> <span class='ocrx_word' id='word_1_51' title='bbox 1416 1714 1524 1814; x_wconf 90' lang='lat' dir='ltr'>plura</span> <span class='ocrx_word' id='word_1_52' title='bbox 1542 1742 1640 1815; x_wconf 88' lang='lat' dir='ltr'>quae</span> 
     </span>
     <span class='ocr_line' id='line_1_10' title="bbox 138 1839 1645 1940; baseline 0.001 -25"><span class='ocrx_word' id='word_1_53' title='bbox 138 1842 223 1916; x_wconf 91' lang='lat' dir='ltr'>hinc</span> <span class='ocrx_word' id='word_1_54' title='bbox 251 1841 339 1915; x_wconf 88' lang='lat' dir='ltr'>inde</span> <span class='ocrx_word' id='word_1_55' title='bbox 357 1839 521 1915; x_wconf 87' lang='lat' dir='ltr'>deducta</span> <span class='ocrx_word' id='word_1_56' title='bbox 543 1839 702 1928; x_wconf 86' lang='lat' dir='ltr'>luerunt,</span> <span class='ocrx_word' id='word_1_57' title='bbox 726 1841 1018 1916; x_wconf 88' lang='lat' dir='ltr'>Eminentissimi</span> <span class='ocrx_word' id='word_1_58' title='bbox 1045 1841 1093 1915; x_wconf 89' lang='lat' dir='ltr'>de</span> <span class='ocrx_word' id='word_1_59' title='bbox 1122 1841 1431 1940; x_wconf 87' lang='lat' dir='ltr'>Congregatione</span> <span class='ocrx_word' id='word_1_60' title='bbox 1458 1861 1645 1917; x_wconf 88' lang='lat' dir='ltr'>venerunt</span> 
     </span>
     <span class='ocr_line' id='line_1_11' title="bbox 138 1965 1641 2064; baseline 0 -23"><span class='ocrx_word' id='word_1_61' title='bbox 138 1968 175 2041; x_wconf 90' lang='lat' dir='ltr'>in</span> <span class='ocrx_word' id='word_1_62' title='bbox 202 1967 427 2041; x_wconf 84' lang='lat' dir='ltr'>sententiam</span> <span class='ocrx_word' id='word_1_63' title='bbox 455 1966 559 2062; x_wconf 91' lang='lat' dir='ltr'>quod</span> <span class='ocrx_word' id='word_1_64' title='bbox 578 1991 692 2040; x_wconf 89' lang='lat' dir='ltr'>causa</span> <span class='ocrx_word' id='word_1_65' title='bbox 719 1983 1011 2064; x_wconf 85' lang='lat' dir='ltr'>cognosceretur</span> <span class='ocrx_word' id='word_1_66' title='bbox 1038 1965 1075 2039; x_wconf 93' lang='lat' dir='ltr'>in</span> <span class='ocrx_word' id='word_1_67' title='bbox 1098 1967 1209 2051; x_wconf 88' lang='lat' dir='ltr'>Rota,</span> <span class='ocrx_word' id='word_1_68' title='bbox 1235 1983 1275 2042; x_wconf 86' lang='lat' dir='ltr'>et</span> <span class='ocrx_word' id='word_1_69' title='bbox 1301 1967 1388 2041; x_wconf 85' lang='lat' dir='ltr'>ideo</span> <span class='ocrx_word' id='word_1_70' title='bbox 1415 1967 1641 2042; x_wconf 88' lang='lat' dir='ltr'>insteterunt</span> 
     </span>
     <span class='ocr_line' id='line_1_12' title="bbox 139 2073 1639 2192; baseline 0.002 -27"><span class='ocrx_word' id='word_1_71' title='bbox 139 2090 243 2189; x_wconf 93' lang='lat' dir='ltr'>quod</span> <span class='ocrx_word' id='word_1_72' title='bbox 270 2115 345 2190; x_wconf 88' lang='lat' dir='ltr'>ego</span> <span class='ocrx_word' id='word_1_73' title='bbox 374 2073 622 2188; x_wconf 76' lang='lat' dir='ltr'>supplicarem</span> <span class='ocrx_word' id='word_1_74' title='bbox 651 2091 837 2166; x_wconf 91' lang='lat' dir='ltr'>Dominos</span> <span class='ocrx_word' id='word_1_75' title='bbox 864 2092 913 2166; x_wconf 90' lang='lat' dir='ltr'>de</span> <span class='ocrx_word' id='word_1_76' title='bbox 940 2092 1052 2174; x_wconf 81' lang='lat' dir='ltr'>Rota,</span> <span class='ocrx_word' id='word_1_77' title='bbox 1083 2091 1186 2187; x_wconf 91' lang='lat' dir='ltr'>quod</span> <span class='ocrx_word' id='word_1_78' title='bbox 1218 2093 1255 2165; x_wconf 88' lang='lat' dir='ltr'>in</span> <span class='ocrx_word' id='word_1_79' title='bbox 1282 2093 1444 2192; x_wconf 85' lang='lat' dir='ltr'>gratiam</span> <span class='ocrx_word' id='word_1_80' title='bbox 1472 2093 1639 2190; x_wconf 87' lang='lat' dir='ltr'>ipsorum</span> 
     </span>
     <span class='ocr_line' id='line_1_13' title="bbox 142 2213 1638 2313; baseline 0 -22"><span class='ocrx_word' id='word_1_81' title='bbox 142 2214 394 2291; x_wconf 86' lang='lat' dir='ltr'>Cardinalium</span> <span class='ocrx_word' id='word_1_82' title='bbox 429 2213 677 2312; x_wconf 86' lang='lat' dir='ltr'>dignarentur</span> <span class='ocrx_word' id='word_1_83' title='bbox 712 2215 886 2291; x_wconf 88' lang='lat' dir='ltr'>decidere</span> <span class='ocrx_word' id='word_1_84' title='bbox 923 2213 1118 2290; x_wconf 90' lang='lat' dir='ltr'>articulum</span> <span class='ocrx_word' id='word_1_85' title='bbox 1155 2217 1301 2313; x_wconf 89' lang='lat' dir='ltr'>absque</span> <span class='ocrx_word' id='word_1_86' title='bbox 1328 2217 1403 2292; x_wconf 90' lang='lat' dir='ltr'>tela</span> <span class='ocrx_word' id='word_1_87' title='bbox 1440 2217 1638 2303; x_wconf 86' lang='lat' dir='ltr'>iudiciaria,</span> 
     </span>
     <span class='ocr_line' id='line_1_14' title="bbox 141 2338 1643 2439; baseline 0.001 -25"><span class='ocrx_word' id='word_1_88' title='bbox 141 2358 256 2439; x_wconf 90' lang='lat' dir='ltr'>prout</span> <span class='ocrx_word' id='word_1_89' title='bbox 283 2338 359 2414; x_wconf 88' lang='lat' dir='ltr'>tale</span> <span class='ocrx_word' id='word_1_90' title='bbox 385 2363 481 2413; x_wconf 90' lang='lat' dir='ltr'>onus</span> <span class='ocrx_word' id='word_1_91' title='bbox 509 2341 720 2438; x_wconf 79' lang='lat' dir='ltr'>acceptavi3</span> <span class='ocrx_word' id='word_1_92' title='bbox 750 2357 790 2416; x_wconf 86' lang='lat' dir='ltr'>et</span> <span class='ocrx_word' id='word_1_93' title='bbox 817 2341 905 2415; x_wconf 88' lang='lat' dir='ltr'>licet</span> <span class='ocrx_word' id='word_1_94' title='bbox 930 2339 1042 2414; x_wconf 90' lang='lat' dir='ltr'>iidem</span> <span class='ocrx_word' id='word_1_95' title='bbox 1073 2339 1224 2414; x_wconf 91' lang='lat' dir='ltr'>Domini</span> <span class='ocrx_word' id='word_1_96' title='bbox 1247 2366 1323 2417; x_wconf 92' lang='lat' dir='ltr'>non</span> <span class='ocrx_word' id='word_1_97' title='bbox 1350 2341 1643 2416; x_wconf 85' lang='lat' dir='ltr'>existimaverint</span> 
     </span>
     <span class='ocr_line' id='line_1_15' title="bbox 140 2464 1642 2566; baseline -0.001 -24"><span class='ocrx_word' id='word_1_98' title='bbox 140 2465 320 2562; x_wconf 89' lang='lat' dir='ltr'>expedire</span> <span class='ocrx_word' id='word_1_99' title='bbox 347 2465 452 2561; x_wconf 92' lang='lat' dir='ltr'>quod</span> <span class='ocrx_word' id='word_1_100' title='bbox 480 2465 693 2540; x_wconf 91' lang='lat' dir='ltr'>huiusmodi</span> <span class='ocrx_word' id='word_1_101' title='bbox 720 2491 857 2540; x_wconf 88' lang='lat' dir='ltr'>causae</span> <span class='ocrx_word' id='word_1_102' title='bbox 886 2490 984 2562; x_wconf 88' lang='lat' dir='ltr'>quae</span> <span class='ocrx_word' id='word_1_103' title='bbox 1012 2464 1298 2542; x_wconf 87' lang='lat' dir='ltr'>committuntur</span> <span class='ocrx_word' id='word_1_104' title='bbox 1323 2493 1347 2541; x_wconf 90' lang='lat' dir='ltr'>a</span> <span class='ocrx_word' id='word_1_105' title='bbox 1371 2467 1642 2566; x_wconf 83' lang='lat' dir='ltr'>Congregatio·</span> 
     </span>
     <span class='ocr_line' id='line_1_16' title="bbox 140 2589 1642 2690; baseline 0.001 -24"><span class='ocrx_word' id='word_1_106' title='bbox 140 2593 249 2666; x_wconf 87' lang='lat' dir='ltr'>nibus</span> <span class='ocrx_word' id='word_1_107' title='bbox 278 2607 574 2690; x_wconf 88' lang='lat' dir='ltr'>acceptarentur,</span> <span class='ocrx_word' id='word_1_108' title='bbox 605 2589 842 2666; x_wconf 89' lang='lat' dir='ltr'>nihilominus</span> <span class='ocrx_word' id='word_1_109' title='bbox 869 2592 1026 2666; x_wconf 90' lang='lat' dir='ltr'>attentis</span> <span class='ocrx_word' id='word_1_110' title='bbox 1053 2591 1339 2668; x_wconf 87' lang='lat' dir='ltr'>circumstantiis</span> <span class='ocrx_word' id='word_1_111' title='bbox 1362 2592 1449 2666; x_wconf 87' lang='lat' dir='ltr'>lacti</span> <span class='ocrx_word' id='word_1_112' title='bbox 1468 2593 1642 2669; x_wconf 84' lang='lat' dir='ltr'>dixerunt</span> 
     </span>
     <span class='ocr_line' id='line_1_17' title="bbox 138 2716 1187 2816; baseline 0.003 -25"><span class='ocrx_word' id='word_1_113' title='bbox 138 2717 245 2813; x_wconf 88' lang='lat' dir='ltr'>quod</span> <span class='ocrx_word' id='word_1_114' title='bbox 272 2740 426 2813; x_wconf 89' lang='lat' dir='ltr'>possem</span> <span class='ocrx_word' id='word_1_115' title='bbox 455 2716 554 2792; x_wconf 90' lang='lat' dir='ltr'>illam</span> <span class='ocrx_word' id='word_1_116' title='bbox 582 2717 898 2814; x_wconf 88' lang='lat' dir='ltr'>quandocumque</span> <span class='ocrx_word' id='word_1_117' title='bbox 926 2741 1187 2816; x_wconf 88' lang='lat' dir='ltr'>proponere...</span> 
     </span>
    </p>
   </div>
   <div class='ocr_carea' id='block_1_7' title="bbox 854 3051 944 3130">
    <p class='ocr_par' dir='ltr' id='par_1_7' title="bbox 854 3051 944 3130">
     <span class='ocr_line' id='line_1_18' title="bbox 854 3051 944 3130; baseline 0 0"><span class='ocrx_word' id='word_1_118' title='bbox 854 3051 944 3130; x_wconf 78' lang='lat'>266.</span> 
     </span>
    </p>
   </div>
   <div class='ocr_carea' id='block_1_8' title="bbox 137 3210 1642 3683">
    <p class='ocr_par' dir='ltr' id='par_1_8' title="bbox 137 3210 1642 3683">
     <span class='ocr_line' id='line_1_19' title="bbox 137 3210 1641 3318; baseline 0.001 -31"><span class='ocrx_word' id='word_1_119' title='bbox 137 3213 307 3311; x_wconf 77' lang='lat' dir='ltr'>Prosper</span> <span class='ocrx_word' id='word_1_120' title='bbox 324 3211 542 3309; x_wconf 80' lang='lat' dir='ltr'>Fognonus,</span> <span class='ocrx_word' id='word_1_121' title='bbox 562 3237 676 3318; x_wconf 80' lang='lat' dir='ltr'>novus</span> <span class='ocrx_word' id='word_1_122' title='bbox 694 3213 905 3286; x_wconf 81' lang='lat' dir='ltr'>Adoocatns</span> <span class='ocrx_word' id='word_1_123' title='bbox 937 3210 1219 3298; x_wconf 62' lang='lat' dir='ltr'>consonantis,</span> <span class='ocrx_word' id='word_1_124' title='bbox 1235 3212 1330 3288; x_wconf 78' lang='lat' dir='ltr'>diem</span> <span class='ocrx_word' id='word_1_125' title='bbox 1349 3213 1535 3312; x_wconf 72' lang='lat' dir='ltr'>praefigit</span> <span class='ocrx_word' id='word_1_126' title='bbox 1554 3239 1641 3288; x_wconf 77' lang='lat' dir='ltr'>suot</span> 
     </span>
     <span class='ocr_line' id='line_1_20' title="bbox 220 3335 1642 3438; baseline 0.002 -28"><span class='ocrx_word' id='word_1_127' title='bbox 220 3337 477 3438; x_wconf 71' lang='lat' dir='ltr'>disputononir</span> <span class='ocrx_word' id='word_1_128' title='bbox 503 3335 558 3410; x_wconf 87' lang='lat' dir='ltr'>oo&#39;</span> <span class='ocrx_word' id='word_1_129' title='bbox 580 3361 691 3436; x_wconf 82' lang='lat' dir='ltr'>quom</span> <span class='ocrx_word' id='word_1_130' title='bbox 710 3338 847 3412; x_wconf 82' lang='lat' dir='ltr'>Rotam</span> <span class='ocrx_word' id='word_1_131' title='bbox 873 3338 1027 3412; x_wconf 78' lang='lat' dir='ltr'>invitat:</span> <span class='ocrx_word' id='word_1_132' title='bbox 1046 3338 1144 3412; x_wconf 85' lang='lat' dir='ltr'>Rota</span> <span class='ocrx_word' id='word_1_133' title='bbox 1161 3337 1286 3434; x_wconf 82' lang='lat' dir='ltr'>firma</span> <span class='ocrx_word' id='word_1_134' title='bbox 1313 3340 1353 3412; x_wconf 84' lang='lat' dir='ltr'>in</span> <span class='ocrx_word' id='word_1_135' title='bbox 1379 3363 1449 3412; x_wconf 83' lang='lat' dir='ltr'>sno</span> <span class='ocrx_word' id='word_1_136' title='bbox 1470 3347 1642 3438; x_wconf 71' lang='lat' dir='ltr'>proenn</span> 
     </span>
     <span class='ocr_line' id='line_1_21' title="bbox 220 3461 1642 3562; baseline 0.001 -26"><span class='ocrx_word' id='word_1_137' title='bbox 220 3463 324 3546; x_wconf 67' lang='lat' dir='ltr'>tionn</span> <span class='ocrx_word' id='word_1_138' title='bbox 345 3461 515 3545; x_wconf 76' lang='lat' dir='ltr'>decernit,</span> <span class='ocrx_word' id='word_1_139' title='bbox 537 3461 744 3536; x_wconf 82' lang='lat' dir='ltr'>Advocatos</span> <span class='ocrx_word' id='word_1_140' title='bbox 764 3461 1041 3543; x_wconf 75' lang='lat' dir='ltr'>Consistortoles</span> <span class='ocrx_word' id='word_1_141' title='bbox 1050 3464 1210 3561; x_wconf 79' lang='lat' dir='ltr'>privare</span> <span class='ocrx_word' id='word_1_142' title='bbox 1227 3461 1440 3562; x_wconf 76' lang='lat' dir='ltr'>spectolz&#39;bns</span> <span class='ocrx_word' id='word_1_143' title='bbox 1467 3463 1642 3562; x_wconf 63' lang='lat' dir='ltr'>obsequele</span> 
     </span>
     <span class='ocr_line' id='line_1_22' title="bbox 220 3584 761 3683; baseline 0.004 -23"><span class='ocrx_word' id='word_1_144' title='bbox 220 3587 261 3660; x_wconf 81' lang='lat' dir='ltr'>in</span> <span class='ocrx_word' id='word_1_145' title='bbox 288 3584 412 3661; x_wconf 71' lang='lat' dir='ltr'>dubus</span> <span class='ocrx_word' id='word_1_146' title='bbox 439 3586 761 3683; x_wconf 76' lang='lat' dir='ltr'>lnfhrmotzonum.</span> 
     </span>
    </p>
   </div>
   <div class='ocr_carea' id='block_1_9' title="bbox 198 3739 898 3824">
    <p class='ocr_par' dir='ltr' id='par_1_9' title="bbox 198 3739 898 3824">
     <span class='ocr_line' id='line_1_23' title="bbox 198 3739 898 3824; baseline -0.004 -22"><span class='ocrx_word' id='word_1_147' title='bbox 198 3740 339 3824; x_wconf 40' lang='lat' dir='ltr'>⁰(Aaeu.</span> <span class='ocrx_word' id='word_1_148' title='bbox 359 3739 448 3816; x_wconf 68' lang='lat' dir='ltr'>Ros,</span> <span class='ocrx_word' id='word_1_149' title='bbox 471 3740 661 3800; x_wconf 73' lang='lat' dir='ltr'>«Dtbrr&#39;um</span> <span class='ocrx_word' id='word_1_150' title='bbox 682 3741 772 3802; x_wconf 75' lang='lat' dir='ltr'>Celsi</span> <span class='ocrx_word' id='word_1_151' title='bbox 782 3742 820 3814; x_wconf 72' lang='grc' dir='ltr'>ι).</span> <span class='ocrx_word' id='word_1_152' title='bbox 895 3759 898 3770; x_wconf 91' lang='grc'><em>·</em></span> 
     </span>
    </p>
   </div>
   <div class='ocr_carea' id='block_1_10' title="bbox 609 3938 1171 4035">
    <p class='ocr_par' dir='ltr' id='par_1_10' title="bbox 609 3938 1171 4035">
     <span class='ocr_line' id='line_1_24' title="bbox 609 3938 1171 4035; baseline 0.007 -24"><span class='ocrx_word' id='word_1_153' title='bbox 609 3938 737 4014; x_wconf 89' lang='lat' dir='ltr'>Lunae</span> <span class='ocrx_word' id='word_1_154' title='bbox 773 3964 814 4013; x_wconf 89' lang='lat'>12</span> <span class='ocrx_word' id='word_1_155' title='bbox 847 3939 1025 4014; x_wconf 92' lang='lat' dir='ltr'>Octobris</span> <span class='ocrx_word' id='word_1_156' title='bbox 1060 3945 1171 4035; x_wconf 85' lang='lat'>1654.</span> 
     </span>
    </p>
   </div>
   <div class='ocr_carea' id='block_1_11' title="bbox 135 4098 1643 5446">
    <p class='ocr_par' dir='ltr' id='par_1_11' title="bbox 135 4098 1643 5446">
     <span class='ocr_line' id='line_1_25' title="bbox 224 4098 1642 4200; baseline -0.001 -26"><span class='ocrx_word' id='word_1_157' title='bbox 224 4157 232 4174; x_wconf 92' lang='lat'>.</span> <span class='ocrx_word' id='word_1_158' title='bbox 292 4159 299 4174; x_wconf 92' lang='lat'>.</span> <span class='ocrx_word' id='word_1_159' title='bbox 358 4160 366 4176; x_wconf 95' lang='lat'>.</span> <span class='ocrx_word' id='word_1_160' title='bbox 399 4099 523 4175; x_wconf 90' lang='lat' dir='ltr'>Dubia</span> <span class='ocrx_word' id='word_1_161' title='bbox 543 4123 617 4174; x_wconf 89' lang='lat' dir='ltr'>non</span> <span class='ocrx_word' id='word_1_162' title='bbox 638 4098 787 4175; x_wconf 86' lang='lat' dir='ltr'>suerunt</span> <span class='ocrx_word' id='word_1_163' title='bbox 805 4102 1011 4198; x_wconf 89' lang='lat' dir='ltr'>proposita,</span> <span class='ocrx_word' id='word_1_164' title='bbox 1032 4116 1073 4175; x_wconf 90' lang='lat' dir='ltr'>et</span> <span class='ocrx_word' id='word_1_165' title='bbox 1090 4100 1240 4176; x_wconf 89' lang='lat' dir='ltr'>unicum</span> <span class='ocrx_word' id='word_1_166' title='bbox 1260 4117 1406 4176; x_wconf 90' lang='lat' dir='ltr'>tantum</span> <span class='ocrx_word' id='word_1_167' title='bbox 1426 4117 1642 4200; x_wconf 89' lang='lat' dir='ltr'>porrectum</span> 
     </span>
     <span class='ocr_line' id='line_1_26' title="bbox 137 4223 1643 4322; baseline 0 -24"><span class='ocrx_word' id='word_1_168' title='bbox 137 4223 376 4311; x_wconf 85' lang='lat' dir='ltr'>Memoriale,</span> <span class='ocrx_word' id='word_1_169' title='bbox 405 4223 640 4300; x_wconf 90' lang='lat' dir='ltr'>nihilominus</span> <span class='ocrx_word' id='word_1_170' title='bbox 669 4225 770 4300; x_wconf 86' lang='lat' dir='ltr'>Rota</span> <span class='ocrx_word' id='word_1_171' title='bbox 804 4225 954 4298; x_wconf 90' lang='lat' dir='ltr'>duravit</span> <span class='ocrx_word' id='word_1_172' title='bbox 988 4249 1055 4322; x_wconf 88' lang='lat' dir='ltr'>per</span> <span class='ocrx_word' id='word_1_173' title='bbox 1090 4227 1252 4322; x_wconf 90' lang='lat' dir='ltr'>spatium</span> <span class='ocrx_word' id='word_1_174' title='bbox 1287 4224 1558 4302; x_wconf 89' lang='lat' dir='ltr'>considerabile</span> <span class='ocrx_word' id='word_1_175' title='bbox 1595 4250 1643 4300; x_wconf 87' lang='lat' dir='ltr'>ex</span> 
     </span>
     <span class='ocr_line' id='line_1_27' title="bbox 137 4348 1642 4447; baseline 0.001 -25"><span class='ocrx_word' id='word_1_176' title='bbox 137 4373 219 4446; x_wconf 91' lang='lat' dir='ltr'>quo</span> <span class='ocrx_word' id='word_1_177' title='bbox 240 4349 455 4447; x_wconf 70' lang='lat' dir='ltr'>Fagnanm,</span> <span class='ocrx_word' id='word_1_178' title='bbox 477 4372 596 4424; x_wconf 87' lang='lat' dir='ltr'>novus</span> <span class='ocrx_word' id='word_1_179' title='bbox 616 4350 837 4424; x_wconf 88' lang='lat' dir='ltr'>Advocatus</span> <span class='ocrx_word' id='word_1_180' title='bbox 863 4349 1154 4436; x_wconf 82' lang='lat' dir='ltr'>Consistorialis,</span> <span class='ocrx_word' id='word_1_181' title='bbox 1175 4348 1391 4426; x_wconf 86' lang='lat' dir='ltr'>schedulam</span> <span class='ocrx_word' id='word_1_182' title='bbox 1407 4375 1473 4426; x_wconf 89' lang='lat' dir='ltr'>seu</span> <span class='ocrx_word' id='word_1_183' title='bbox 1499 4351 1642 4425; x_wconf 90' lang='lat' dir='ltr'>Memo-</span> 
     </span>
     <span class='ocr_line' id='line_1_28' title="bbox 136 4473 1642 4573; baseline -0.001 -24"><span class='ocrx_word' id='word_1_184' title='bbox 136 4473 232 4549; x_wconf 87' lang='lat' dir='ltr'>riale</span> <span class='ocrx_word' id='word_1_185' title='bbox 259 4475 295 4548; x_wconf 92' lang='lat' dir='ltr'>in</span> <span class='ocrx_word' id='word_1_186' title='bbox 322 4499 399 4572; x_wconf 92' lang='lat' dir='ltr'>quo</span> <span class='ocrx_word' id='word_1_187' title='bbox 423 4474 513 4548; x_wconf 87' lang='lat' dir='ltr'>loris</span> <span class='ocrx_word' id='word_1_188' title='bbox 539 4475 698 4550; x_wconf 89' lang='lat' dir='ltr'>aderant</span> <span class='ocrx_word' id='word_1_189' title='bbox 717 4473 809 4550; x_wconf 88' lang='lat' dir='ltr'>haec</span> <span class='ocrx_word' id='word_1_190' title='bbox 837 4475 1006 4573; x_wconf 87' lang='lat' dir='ltr'>praecisa</span> <span class='ocrx_word' id='word_1_191' title='bbox 1029 4478 1161 4551; x_wconf 90' lang='lat' dir='ltr'>verba:</span> <span class='ocrx_word' id='word_1_192' title='bbox 1188 4477 1411 4552; x_wconf 80' lang='lat' dir='ltr'>‹Memoria</span> <span class='ocrx_word' id='word_1_193' title='bbox 1438 4500 1507 4572; x_wconf 86' lang='lat' dir='ltr'>per</span> <span class='ocrx_word' id='word_1_194' title='bbox 1536 4476 1642 4550; x_wconf 89' lang='lat' dir='ltr'>Mon·</span> 
     </span>
     <span class='ocr_line' id='line_1_29' title="bbox 144 4589 1640 4699; baseline 0.004 -29"><span class='ocrx_word' id='word_1_195' title='bbox 144 4627 166 4670; x_wconf 71' lang='grc' dir='ltr'>ι</span> <span class='ocrx_word' id='word_1_196' title='bbox 186 4599 315 4699; x_wconf 89' lang='lat' dir='ltr'>signor</span> <span class='ocrx_word' id='word_1_197' title='bbox 344 4599 499 4674; x_wconf 89' lang='lat' dir='ltr'>Decano</span> <span class='ocrx_word' id='word_1_198' title='bbox 527 4624 597 4696; x_wconf 88' lang='lat' dir='ltr'>per</span> <span class='ocrx_word' id='word_1_199' title='bbox 623 4589 796 4695; x_wconf 90' lang='lat' dir='ltr'>parlame</span> <span class='ocrx_word' id='word_1_200' title='bbox 825 4601 860 4674; x_wconf 93' lang='lat' dir='ltr'>in</span> <span class='ocrx_word' id='word_1_201' title='bbox 889 4601 989 4676; x_wconf 87' lang='lat' dir='ltr'>Rota</span> <span class='ocrx_word' id='word_1_202' title='bbox 1007 4628 1025 4672; x_wconf 75' lang='lat' dir='ltr'>s</span> <span class='ocrx_word' id='word_1_203' title='bbox 1045 4601 1161 4674; x_wconf 84' lang='lat' dir='ltr'>intus</span> <span class='ocrx_word' id='word_1_204' title='bbox 1183 4625 1276 4675; x_wconf 89' lang='lat' dir='ltr'>vero</span> <span class='ocrx_word' id='word_1_205' title='bbox 1294 4601 1397 4688; x_wconf 90' lang='lat' dir='ltr'>haec,</span> <span class='ocrx_word' id='word_1_206' title='bbox 1419 4599 1478 4674; x_wconf 85' lang='lat' dir='ltr'>vel</span> <span class='ocrx_word' id='word_1_207' title='bbox 1498 4598 1640 4688; x_wconf 88' lang='lat' dir='ltr'>similia,</span> 
     </span>
     <span class='ocr_line' id='line_1_30' title="bbox 135 4723 1641 4824; baseline 0.002 -26"><span class='ocrx_word' id='word_1_208' title='bbox 135 4723 333 4801; x_wconf 89' lang='lat' dir='ltr'>videlicet:</span> <span class='ocrx_word' id='word_1_209' title='bbox 371 4725 572 4800; x_wconf 81' lang='lat' dir='ltr'>«essendo</span> <span class='ocrx_word' id='word_1_210' title='bbox 590 4739 692 4799; x_wconf 88' lang='lat' dir='ltr'>stata</span> <span class='ocrx_word' id='word_1_211' title='bbox 710 4724 874 4801; x_wconf 88' lang='lat' dir='ltr'>stabilita</span> <span class='ocrx_word' id='word_1_212' title='bbox 893 4725 929 4799; x_wconf 95' lang='lat' dir='ltr'>la</span> <span class='ocrx_word' id='word_1_213' title='bbox 942 4725 1123 4824; x_wconf 80' lang='lat' dir='ltr'>-giornata</span> <span class='ocrx_word' id='word_1_214' title='bbox 1142 4727 1285 4822; x_wconf 82' lang='lat' dir='ltr'>persar</span> <span class='ocrx_word' id='word_1_215' title='bbox 1312 4725 1346 4799; x_wconf 92' lang='lat' dir='ltr'>le</span> <span class='ocrx_word' id='word_1_216' title='bbox 1374 4723 1527 4822; x_wconf 90' lang='lat' dir='ltr'>dispute</span> <span class='ocrx_word' id='word_1_217' title='bbox 1546 4727 1641 4822; x_wconf 91' lang='lat' dir='ltr'>pub-</span> 
     </span>
     <span class='ocr_line' id='line_1_31' title="bbox 144 4847 1641 4949; baseline 0.001 -29"><span class='ocrx_word' id='word_1_218' title='bbox 144 4877 166 4920; x_wconf 79' lang='lat'><strong>«</strong></span> <span class='ocrx_word' id='word_1_219' title='bbox 186 4848 305 4924; x_wconf 90' lang='lat' dir='ltr'>bliche</span> <span class='ocrx_word' id='word_1_220' title='bbox 333 4848 475 4925; x_wconf 85' lang='lat' dir='ltr'>libbera</span> <span class='ocrx_word' id='word_1_221' title='bbox 502 4849 551 4924; x_wconf 93' lang='lat' dir='ltr'>da</span> <span class='ocrx_word' id='word_1_222' title='bbox 579 4848 828 4948; x_wconf 87' lang='lat' dir='ltr'>qualsivoglia</span> <span class='ocrx_word' id='word_1_223' title='bbox 853 4850 1133 4949; x_wconf 76' lang='lat' dir='ltr'>impedimento,</span> <span class='ocrx_word' id='word_1_224' title='bbox 1163 4851 1194 4924; x_wconf 90' lang='lat' dir='ltr'>si</span> <span class='ocrx_word' id='word_1_225' title='bbox 1214 4849 1383 4948; x_wconf 87' lang='lat' dir='ltr'>supplica</span> <span class='ocrx_word' id='word_1_226' title='bbox 1410 4847 1456 4926; x_wconf 90' lang='lat' dir='ltr'>V.</span> <span class='ocrx_word' id='word_1_227' title='bbox 1478 4849 1516 4926; x_wconf 89' lang='lat' dir='ltr'>S.</span> <span class='ocrx_word' id='word_1_228' title='bbox 1538 4849 1641 4924; x_wconf 79' lang='lat' dir='ltr'>lllma</span> 
     </span>
     <span class='ocr_line' id='line_1_32' title="bbox 145 4971 1642 5072; baseline 0.001 -28"><span class='ocrx_word' id='word_1_229' title='bbox 145 5001 168 5044; x_wconf 71' lang='grc' dir='ltr'><strong><em>ι</em></strong></span> <span class='ocrx_word' id='word_1_230' title='bbox 185 4997 209 5046; x_wconf 97' lang='lat' dir='ltr'>a</span> <span class='ocrx_word' id='word_1_231' title='bbox 235 4971 292 5047; x_wconf 87' lang='lat' dir='ltr'>far</span> <span class='ocrx_word' id='word_1_232' title='bbox 318 4975 443 5072; x_wconf 87' lang='lat' dir='ltr'>grazia</span> <span class='ocrx_word' id='word_1_233' title='bbox 471 4973 510 5046; x_wconf 91' lang='lat' dir='ltr'>di</span> <span class='ocrx_word' id='word_1_234' title='bbox 536 4973 841 5071; x_wconf 84' lang='lat' dir='ltr'>rappresentarlo</span> <span class='ocrx_word' id='word_1_235' title='bbox 868 4973 905 5047; x_wconf 90' lang='lat' dir='ltr'>in</span> <span class='ocrx_word' id='word_1_236' title='bbox 935 4974 1044 5061; x_wconf 86' lang='lat' dir='ltr'>Rota,</span> <span class='ocrx_word' id='word_1_237' title='bbox 1074 4975 1177 5050; x_wconf 77' lang='lat' dir='ltr'>accio</span> <span class='ocrx_word' id='word_1_238' title='bbox 1204 4974 1452 5050; x_wconf 88' lang='lat' dir='ltr'>lavorischino</span> <span class='ocrx_word' id='word_1_239' title='bbox 1480 4975 1642 5049; x_wconf 90' lang='lat' dir='ltr'>d&#39;inter-</span> 
     </span>
     <span class='ocr_line' id='line_1_33' title="bbox 145 5098 1642 5198; baseline 0.001 -28"><span class='ocrx_word' id='word_1_240' title='bbox 145 5099 313 5173; x_wconf 81' lang='lat' dir='ltr'>«venire</span> <span class='ocrx_word' id='word_1_241' title='bbox 331 5125 368 5174; x_wconf 74' lang='lat' dir='ltr'>s.</span> <span class='ocrx_word' id='word_1_242' title='bbox 401 5098 513 5173; x_wconf 92' lang='lat' dir='ltr'>Unde</span> <span class='ocrx_word' id='word_1_243' title='bbox 540 5123 624 5173; x_wconf 89' lang='lat' dir='ltr'>cum</span> <span class='ocrx_word' id='word_1_244' title='bbox 654 5100 861 5174; x_wconf 87' lang='lat' dir='ltr'>Auditores</span> <span class='ocrx_word' id='word_1_245' title='bbox 897 5100 1149 5198; x_wconf 90' lang='lat' dir='ltr'>praetendant</span> <span class='ocrx_word' id='word_1_246' title='bbox 1185 5100 1289 5197; x_wconf 92' lang='lat' dir='ltr'>quod</span> <span class='ocrx_word' id='word_1_247' title='bbox 1320 5101 1402 5176; x_wconf 92' lang='lat' dir='ltr'>dies</span> <span class='ocrx_word' id='word_1_248' title='bbox 1431 5101 1478 5174; x_wconf 93' lang='lat' dir='ltr'>sit</span> <span class='ocrx_word' id='word_1_249' title='bbox 1508 5101 1642 5196; x_wconf 89' lang='lat' dir='ltr'>praefi-</span> 
     </span>
     <span class='ocr_line' id='line_1_34' title="bbox 135 5223 1643 5324; baseline -0.001 -26"><span class='ocrx_word' id='word_1_250' title='bbox 135 5225 288 5324; x_wconf 84' lang='lat' dir='ltr'>gendos</span> <span class='ocrx_word' id='word_1_251' title='bbox 316 5249 339 5298; x_wconf 95' lang='lat' dir='ltr'>a</span> <span class='ocrx_word' id='word_1_252' title='bbox 368 5224 478 5308; x_wconf 83' lang='lat' dir='ltr'>Rota,</span> <span class='ocrx_word' id='word_1_253' title='bbox 507 5247 624 5323; x_wconf 86' lang='lat' dir='ltr'>aegre</span> <span class='ocrx_word' id='word_1_254' title='bbox 652 5223 818 5298; x_wconf 91' lang='lat' dir='ltr'>tulerunt</span> <span class='ocrx_word' id='word_1_255' title='bbox 845 5223 1058 5301; x_wconf 87' lang='lat' dir='ltr'>huiusmodi</span> <span class='ocrx_word' id='word_1_256' title='bbox 1087 5224 1312 5310; x_wconf 85' lang='lat' dir='ltr'>instantiam,</span> <span class='ocrx_word' id='word_1_257' title='bbox 1341 5239 1381 5300; x_wconf 86' lang='lat' dir='ltr'>et</span> <span class='ocrx_word' id='word_1_258' title='bbox 1411 5225 1499 5320; x_wconf 90' lang='lat' dir='ltr'>quia</span> <span class='ocrx_word' id='word_1_259' title='bbox 1527 5250 1643 5321; x_wconf 90' lang='lat' dir='ltr'>super</span> 
     </span>
     <span class='ocr_line' id='line_1_35' title="bbox 135 5347 1641 5446; baseline 0 -22"><span class='ocrx_word' id='word_1_260' title='bbox 135 5351 212 5424; x_wconf 89' lang='lat' dir='ltr'>hoc</span> <span class='ocrx_word' id='word_1_261' title='bbox 239 5349 332 5424; x_wconf 89' lang='lat' dir='ltr'>alias</span> <span class='ocrx_word' id='word_1_262' title='bbox 360 5347 550 5423; x_wconf 89' lang='lat' dir='ltr'>contentio</span> <span class='ocrx_word' id='word_1_263' title='bbox 578 5349 655 5437; x_wconf 84' lang='lat' dir='ltr'>suit,</span> <span class='ocrx_word' id='word_1_264' title='bbox 685 5365 725 5422; x_wconf 92' lang='lat' dir='ltr'>et</span> <span class='ocrx_word' id='word_1_265' title='bbox 761 5348 973 5424; x_wconf 87' lang='lat' dir='ltr'>dubitatum</span> <span class='ocrx_word' id='word_1_266' title='bbox 1013 5349 1116 5446; x_wconf 92' lang='lat' dir='ltr'>quod</span> <span class='ocrx_word' id='word_1_267' title='bbox 1153 5375 1268 5446; x_wconf 87' lang='lat' dir='ltr'>super</span> <span class='ocrx_word' id='word_1_268' title='bbox 1305 5375 1346 5424; x_wconf 90' lang='lat' dir='ltr'>re</span> <span class='ocrx_word' id='word_1_269' title='bbox 1374 5367 1498 5424; x_wconf 86' lang='lat' dir='ltr'>tamen</span> <span class='ocrx_word' id='word_1_270' title='bbox 1536 5349 1641 5445; x_wconf 87' lang='lat' dir='ltr'>parvi</span> 
     </span>
    </p>
   </div>
   <div class='ocr_carea' id='block_1_12' title="bbox 0 0 1864 5916">
    <p class='ocr_par' dir='ltr' id='par_1_12' title="bbox 0 0 1864 5916">
     <span class='ocr_line' id='line_1_36' title="bbox 0 0 1864 5916; baseline 0 1"><span class='ocrx_word' id='word_1_271' title='bbox 0 0 1864 5916; x_wconf 95' lang='lat' dir='ltr'> </span> 
     </span>
    </p>
   </div>
  </div>
 </body>
</html>
