3718 5918
718 309 911 390 Inqocentr'o
928 308 984 370 XI
1118 365 1124 388 ,
1541 311 1596 371 433

104 508 197 583 idem
217 467 337 580 limus
357 505 405 581 D.
430 506 605 580 Decanus
626 507 739 582 hodie
767 531 814 581 ex
834 506 1065 605 benignitate
1093 504 1195 578 illum
1214 529 1368 580 monere
1397 504 1543 602 publice
1562 506 1598 578 in

104 632 208 718 Rota,
240 645 281 702 ut
312 629 491 726 deinceps
519 630 555 703 in
583 631 799 725 praemissis
827 632 1000 705 omnibus
1027 628 1076 704 de
1103 627 1202 726 stylo
1229 645 1269 704 et
1295 629 1471 704 laudabili
1498 645 1599 704 cete-

102 780 224 829 rorum
252 754 426 852 exemplo
455 779 496 829 se
515 755 732 840 conformet,
753 771 877 852 prout,
897 752 1004 830 lectis
1024 755 1319 842 Memorialibus,
1340 755 1437 831 fecit.
1459 754 1509 828 Et
1527 755 1599 830 iste

103 880 288 954 Dominus
315 878 488 954 modeste
515 879 656 977 recepit
684 879 927 954 monitionem
954 897 993 954 et
1020 878 1187 982 ostendit
1218 905 1260 954 se
1297 867 1393 954 velle
1420 880 1599 976 deinceps

101 1004 135 1078 in
171 1003 390 1100 praemissis
426 1004 610 1091 omnibus,
644 1002 743 1102 stylo
771 1020 811 1078 et
846 1003 1022 1079 laudabili
1058 1003 1317 1079 consuetudini
1353 1005 1599 1102 conformare.

102 1127 346 1226 Quapropter
368 1129 580 1204 ordinatum
599 1129 667 1204 fuit
686 1143 728 1202 ut
750 1129 1073 1226 supersederetur,
1095 1130 1216 1203 donec
1238 1129 1411 1204 videatur
1436 1151 1484 1204 an
1512 1129 1601 1204 efle-

101 1255 196 1330 ctive
226 1256 261 1327 in
288 1270 482 1352 posterum
511 1279 554 1328 se
581 1255 755 1353 corrigat,
781 1278 909 1331 necne.
935 1255 1057 1328 -Sed
1085 1253 1172 1351 quia
1200 1253 1368 1330 effective
1396 1271 1530 1352 postea
1559 1279 1601 1330 se

101 1406 174 1454 non
194 1379 420 1466 emendavit,
443 1379 595 1454 Domini
615 1380 792 1454 Decanus
821 1395 860 1454 et
879 1379 1051 1455 Calataiu
1079 1403 1127 1454 ex
1148 1405 1246 1454 novo
1274 1379 1458 1454 Mandato
1478 1381 1602 1455 Rotae

100 1503 278 1600 querelas
306 1505 566 1602 deposuerunt
592 1505 694 1601 apud
723 1503 860 1578 Emum
890 1503 1049 1601 Cybum,
1079 1505 1148 1578 sed
1176 1504 1256 1579 sine
1284 1504 1418 1580 fructu.

709 1789 711 1792 ’
805 1821 896 1900 329.

102 1967 311 2042 Innocentio
338 1967 413 2054 XI,
445 1965 584 2065 Papae,
613 1965 832 2062 referuntur
869 1966 1029 2041 ratrbnes
1059 1966 1148 2066 styli
1173 1968 1290 2042 Rotae
1317 1968 1487 2068 capiendi
1510 1995 1604 2043 reso·

181 2092 338 2166 lotiones
355 2116 554 2166 causarum
581 2093 718 2190 quoties
744 2091 886 2165 adesset
902 2091 1112 2190 pluralitas
1138 2101 1303 2167 votorum
1330 2137 1357 2150 -
1379 2093 1493 2168 eidem
1519 2117 1605 2192 que-

182 2217 286 2290 relae
308 2217 563 2314 porriguntur
588 2224 717 2290 eontra
752 2215 790 2290 Τ
783 2213 922 2290 aiam.¹
952 2259 980 2272 -
1007 2216 1208 2315 Responsio
1235 2217 1375 2318 Papae.

182 2372 302 2445 (Anca.
320 2371 407 2446 Ros,
431 2369 622 2432 «Diarr'um
640 2370 752 2432 Iacobi
767 2369 909 2430 Emertx
921 2374 956 2444 »).

586 2571 659 2646 Die
693 2595 738 2664 19
768 2571 994 2648 Novembris
1028 2579 1139 2668 1677.

191 2758 277 2827 119.
309 2733 428 2808 Rritus
458 2733 505 2809 D.
538 2732 726 2820 Decanus,
757 2733 855 2807 iusta
882 2732 930 2808 de
958 2758 1073 2808 causa
1101 2735 1314 2832 impeditus,
1345 2735 1609 2834 subdelegavit

98 2883 162 2932 me
194 2873 238 2931 ut
266 2881 351 2931 cum
380 2855 430 2930 D.
459 2853 689 2930 vicecomite
726 2856 946 2931 accederem
974 2856 1025 2930 ad
1052 2854 1211 2930 SSmnm
1239 2871 1279 2930 et
1308 2855 1459 2932 Domini
1496 2857 1609 2933 hodie

97 2979 458 3079 subdelegationem
481 2979 750 3076 approbarunt.
781 2979 899 3076 Igitur
925 2980 963 3054 in
990 2979 1250 3055 executionem
1270 2981 1437 3056 mandati
1461 2983 1610 3056 nobisa

97 3107 206 3180 Rota
238 3104 329 3191 dati,
349 3104 578 3178 accessimus
596 3104 667 3178 sub
686 3104 746 3178 die
769 3127 812 3178 21
837 3106 976 3180 mensis
1004 3105 1216 3202 praesentis
1243 3105 1293 3180 ad
1312 3105 1472 3181 SSmum
1499 3107 1611 3202 eique

95 3231 176 3306 late
207 3228 455 3326 exposuimus
484 3251 619 3302 causas
646 3244 804 3325 propter
831 3253 926 3324 quas
945 3228 1047 3304 Rota
1074 3229 1123 3304 de
1141 3254 1240 3304 anno
1266 3237 1364 3324 1673
1394 3229 1608 3315 declaravit,

95 3355 209 3453 quod
231 3352 481 3428 resolutiones
497 3351 713 3435 Causarum
741 3370 966 3448 caperentur
993 3378 1016 3426 a
1043 3353 1172 3428 maiori
1200 3371 1308 3451 parte
1333 3353 1609 3453 suffragiorum,

97 3496 138 3554 et
157 3477 271 3578 quod
299 3479 335 3552 in
363 3501 410 3551 eo
440 3501 514 3552 non
542 3476 741 3552 crediderit
767 3476 908 3573 aliquid
936 3492 1103 3552 statuere
1131 3494 1263 3552 contra
1290 3477 1609 3554 Reformationem

96 3603 209 3680 Pauli
242 3599 289 3690 V,
310 3601 368 3676 vel
388 3599 526 3698 stylum
545 3603 752 3698 antiquum,
773 3617 813 3675 et
835 3601 1022 3676 Sanctitas
1043 3601 1119 3676 Sua
1137 3620 1342 3700 postquam
1363 3627 1432 3678 nos
1450 3604 1613 3702 benigne

93 3730 145 3802 ad
178 3729 400 3802 satietatem
428 3723 579 3811 audivit,
601 3725 782 3799 conclusit
811 3741 854 3800 ut
880 3724 1165 3799 consulerentur
1193 3727 1318 3801 denuo
1347 3726 1431 3800 Eni
1460 3726 1612 3801 Domini

97 3851 332 3929 Cardinales
357 3849 602 3924 Otthobonus
629 3866 669 3924 et
698 3851 907 3947 Carpineus
926 3867 965 3924 et
992 3849 1156 3925 nonnulli
1176 3849 1347 3926 Curiales
1375 3851 1554 3940 seniores,
1575 3868 1614 3927 et

96 3980 250 4055 deinde
277 3955 542 4051 accederemus
570 3975 620 4050 ad
647 3977 728 4050 eius
755 3975 980 4050 Auditorem
1008 3977 1073 4072 qui
1101 3975 1225 4050 omnia
1253 3976 1322 4050 sibi
1351 3976 1519 4053 referret.

190 4125 282 4178 120.
314 4100 365 4174 Et
383 4100 482 4196 quia.
504 4116 546 4174 ut
570 4123 683 4195 supra
703 4101 829 4174 notavi
848 4102 920 4175 sub
947 4101 1008 4175 die
1039 4123 1088 4193 30
1116 4101 1268 4198 Aprilis,
1291 4100 1468 4198 querelae
1497 4125 1615 4199 expo·

96 4233 203 4305 sitae
221 4227 329 4324 apud
345 4226 480 4300 Emum
497 4223 610 4300 Catd.
629 4224 776 4321 Cybum
792 4242 922 4299 contra
935 4248 1051 4300 unum
1065 4249 1114 4299 ex
1130 4225 1302 4300 Dominis
1317 4249 1392 4301 non
1406 4227 1615 4301 habuerunt

94 4355 288 4432 effectum
316 4375 340 4424 a
368 4351 468 4425 Rota
495 4348 762 4436 desideratum,

194 4502 287 4553 121.
309 4476 435 4552 retulit
453 4477 589 4550 deinde
610 4475 658 4550 D.
681 4474 912 4563 Vieecomes,
928 4474 1126 4551 nonnullos
1146 4502 1194 4550 ex
1214 4475 1386 4550 Dominis
1404 4500 1490 4550 esse
1510 4477 1617 4550 nimis

92 4605 239 4681 faciles
268 4603 304 4677 in
332 4599 543 4676 revelandis
570 4599 614 4674 iis
642 4625 739 4698 quae
763 4600 935 4674 dicuntur
952 4614 993 4674 et
1010 4614 1194 4700 geruntur
1213 4602 1249 4676 in
1268 4600 1470 4685 Tribunali,
1487 4617 1618 4675 contra

90 4745 284 4830 apertam
303 4726 589 4824 dispositionem
619 4724 747 4799 Bullae
766 4725 920 4812 Secreti,
951 4741 991 4799 et
1018 4725 1054 4797 in
1082 4725 1350 4821 praeiudicium
1378 4725 1550 4812 iustitiae,
1578 4741 1618 4798 et

91 4851 394 4958 particularium
425 4851 651 4924 Auditorum
686 4847 911 4948 publicando
939 4849 1040 4925 Vota
1069 4849 1281 4925 Curialibus
1317 4876 1361 4925 ac
1393 4850 1507 4924 etiam
1535 4850 1619 4947 ipsa

90 5007 168 5082 per
211 4993 416 5052 extensum
454 4974 631 5073 ponendo
667 4975 704 5048 in
740 4973 1001 5050 Decisionibus
1043 4989 1174 5050 contra
1214 4973 1438 5050 laudabilem
1480 4974 1617 5070 stylum

91 5099 341 5184 Tribunalis.

186 5297 196 5330 ¹
220 5291 353 5354 Nomen
372 5289 542 5351 Auditoris
560 5289 646 5364 quod
671 5288 810 5390 silentio·
827 5289 946 5363 premit
972 5288 1115 5363 Emerix,
1135 5291 1285 5350 revelant
1311 5289 1366 5350 alii
1394 5287 1565 5362 Diaristae,
1585 5296 1620 5348 ut

90 5391 316 5450 vicecomes.
