3720 5914
911 291 1049 351 Soeculo
1067 291 1099 350 X
1107 289 1137 350 V

976 636 1061 716 108.

269 803 391 878 Paulo
426 803 477 877 II
503 804 613 902 Papo
644 845 667 856 -
695 800 836 900 (verso)
873 797 985 899 Copto
1012 800 1233 873 reductionis
1259 800 1409 872 numeri
1432 800 1661 876 Auditorum
1692 814 1761 899 per

346 928 511 1001 Paulum
538 927 712 1000 ordinato
738 924 806 998 scd
828 949 900 997 non
919 924 1097 1023 perfecto.
1129 923 1275 997 Paulus
1301 923 1356 1010 II,
1386 923 1486 999 Μῖνι.

345 1083 460 1155 (Asca.
480 1082 568 1154 Ros,
592 1078 807 1152 ‹Prtur'legt'a
820 1103 846 1150 2,
865 1083 942 1138 tom.
960 1077 988 1152 I,
1002 1085 1090 1154 part.
1108 1078 1136 1152 1,
1155 1096 1187 1138 n.
1207 1078 1311 1152 XXI).

1582 1241 1662 1304 Sine
1680 1244 1760 1303 data.

345 1336 481 1410 Paulus
509 1353 625 1411 etc...
656 1337 718 1410 Ad
745 1353 1008 1433 perpetuam...

342 1459 591 1534 Sacrosancte
628 1461 798 1534 Romane
834 1459 1002 1546 ecclesie,
1047 1457 1107 1560 cui
1143 1459 1266 1533 omnis
1303 1460 1465 1534 humana
1506 1479 1679 1535 creatura
1716 1463 1761 1534 de

260 1585 485 1658 necessitate
518 1584 651 1658 salutis
689 1585 890 1668 subiicitur,
929 1583 1153 1679 disponente
1190 1582 1367 1675 Domino,
1401 1585 1648 1681 presidentes,
1690 1587 1761 1658 lre-

260 1711 390 1808 quenti
417 1706 661 1783 meditatione
687 1705 891 1805 pensamus
919 1724 970 1792 ut,
1002 1708 1141 1782 nostris
1172 1722 1213 1781 et
1239 1707 1434 1804 perpetuis
1453 1709 1586 1784 luturis
1614 1726 1762 1807 tempo·

260 1835 373 1922 ribus,
403 1835 624 1909 dilectorum
664 1834 821 1909 filiorum
851 1834 1102 1933 Magistorum
1131 1834 1226 1908 sacri
1255 1835 1372 1908 nostri
1401 1833 1528 1931 palatii
1564 1859 1761 1910 causarum
1840 1927 1841 1930 Ἴ

260 1960 487 2034 Auditorum
515 1975 554 2033 et
573 1959 888 2055 Cappellanorum
907 1984 951 2033 ac
970 1959 1189 2032 eorumdem
1209 1959 1559 2034 Locumtenentium
1579 1975 1705 2035 status
1725 1978 1762 2034 et
1840 1965 1841 1968 ’

259 2085 355 2158 ordo
386 2085 422 2157 in
451 2085 624 2158 omnibus
651 2083 789 2158 decens
815 2098 998 2180 appareat
1025 2097 1065 2156 et
1095 2097 1288 2170 venustus,
1319 2108 1363 2158 ac
1397 2084 1500 2158 iuxta
1528 2086 1662 2159 merita
1688 2086 1760 2160 eis-

260 2208 358 2296 dem,
374 2233 445 2305 pro
472 2206 681 2304 apostolica
700 2208 791 2283 sede
809 2223 849 2281 et
867 2223 949 2282 toto
967 2209 1061 2282 orbe
1079 2205 1348 2295 laborantibus
1374 2208 1517 2305 premia
1535 2210 1759 2285 tribuantur.

260 2333 370 2420 Sane,
390 2333 631 2408 attendentes
651 2334 754 2429 quod
773 2332 974 2407 multitudo
1002 2356 1165 2407 onerosa
1185 2333 1271 2406 nihil
1290 2334 1405 2408 habet
1423 2332 1573 2407 honesti
1591 2360 1635 2408 ac
1654 2339 1759 2430 quod

258 2459 294 2532 in
323 2458 452 2555 paucis
483 2483 531 2532 ex
568 2457 693 2532 multis
729 2458 927 2554 quiescunt
962 2456 1133 2543 virtutes,
1172 2457 1327 2553 proprio
1364 2473 1468 2531 motu
1501 2473 1542 2531 et
1575 2483 1622 2532 ex
1655 2476 1759 2544 certa

258 2583 414 2658 scientia
450 2598 590 2670 nostra,
619 2582 855 2658 decernimus
887 2597 926 2656 et
956 2582 1173 2656 ordinamus
1213 2607 1257 2656 ac
1289 2584 1455 2678 presenti
1490 2585 1760 2659 constitutione

257 2709 294 2782 in
312 2723 539 2804 perpetuum
554 2707 712 2782 valitura
730 2709 928 2794 sancimus
944 2706 1049 2804 quod
1066 2708 1299 2804 prefatorum
1314 2708 1541 2782 Auditorum
1560 2725 1600 2782 et
1613 2733 1760 2784 eorum-

258 2834 343 2908 dem
372 2833 720 2908 Locumtenentium
741 2856 917 2908 numerus
936 2833 1034 2906 ultra
1052 2831 1279 2920 duodenum,
1300 2848 1415 2928 prout
1432 2848 1493 2906 est
1511 2833 1560 2906 de
1578 2835 1756 2929 presenti,

257 2958 306 3030 de
332 2972 459 3032 cetero
481 2981 555 3032 non
584 2958 837 3033 transcendat.
866 2957 922 3030 lta
949 2957 1066 3052 quod,
1087 2956 1207 3031 donec
1234 2955 1369 3051 aliquis
1396 2956 1443 3030 de
1472 2957 1572 3031 dicto
1601 2981 1758 3032 numero

256 3107 352 3157 nunc
370 3082 536 3156 existens
555 3080 656 3156 lotas
674 3083 937 3166 constituatur,
950 3097 1018 3156 aut
1035 3107 1083 3156 ex
1102 3084 1185 3177 ipso
1205 3105 1360 3156 numero
1378 3081 1471 3155 alias
1485 3107 1572 3157 esse
1591 3084 1755 3170 desierit,

258 3205 345 3281 nulli
373 3207 640 3302 cuiuscumque
678 3223 800 3282 status
837 3206 896 3282 vel
933 3207 1202 3304 preeminentie
1234 3223 1301 3280 aut
1326 3207 1550 3282 conditionis
1577 3209 1754 3291 extiterit,

256 3328 490 3427 supplicandi
523 3355 593 3428 pro
628 3331 728 3405 dicto
756 3331 1020 3406 Auditoriatus
1047 3347 1114 3406 aut
1141 3332 1452 3406 Locumtenentie
1483 3333 1604 3407 officio
1631 3333 1755 3408 aditus

256 3471 398 3552 pateat,
432 3454 572 3530 scituro
605 3457 709 3552 quod
743 3456 881 3529 nedum
919 3481 992 3530 non
1029 3455 1244 3552 impetrabit
1276 3457 1407 3553 petita,
1447 3457 1518 3530 sed
1552 3481 1651 3554 pene
1687 3456 1755 3530 erit

254 3605 324 3676 pro
353 3598 484 3656 nostro
511 3579 664 3655 arbitrio
692 3579 991 3655 irremissibiliter
1017 3581 1219 3678 obligatus.

335 3706 502 3802 Insuper,
534 3704 817 3780 considerantes
845 3730 1095 3801 sepenumero
1114 3705 1151 3778 in
1178 3705 1258 3778 acie
1286 3707 1421 3780 mentis
1450 3722 1579 3780 nostre
1607 3705 1754 3782 labores

254 3855 353 3928 quos
382 3830 418 3903 in
445 3829 767 3904 administratione
790 3829 928 3904 iustitie
951 3831 988 3904 in
1007 3831 1129 3903 causis
1148 3854 1224 3926 que
1242 3830 1292 3904 ad
1311 3854 1381 3904 nos
1410 3844 1449 3903 et
1467 3831 1604 3904 dictam
1625 3832 1754 3906 sedem

254 3955 303 4027 de
332 3970 415 4027 toto
443 3955 534 4028 orbe
562 3954 670 4029 nobis
698 3971 737 4028 et
764 3953 886 4028 eidem
915 3954 996 4028 sedi
1024 3954 1205 4040 subiecto,
1235 3953 1360 4028 delate
1392 3970 1480 4028 sunt
1511 3953 1695 4046 hactenus
1716 3970 1754 4026 et

254 4073 482 4152 deseruntur
503 4095 542 4152 et
569 4077 786 4152 delerentur
814 4080 850 4150 in
879 4079 971 4162 dies,
1001 4103 1085 4150 cum
1115 4102 1261 4151 summa
1289 4076 1412 4177 vigilia
1440 4091 1479 4152 et
1497 4079 1624 4154 studio
1645 4094 1752 4152 nocte

253 4202 390 4298 dieque
418 4204 624 4276 Auditores
651 4219 691 4276 et
718 4202 1036 4278 Locumtenentes
1064 4201 1198 4298 prelati
1216 4203 1281 4299 qui
1309 4203 1356 4276 de
1384 4204 1552 4298 presenti
1574 4203 1749 4283 existunt,

254 4351 393 4424 magno
422 4343 461 4400 et
492 4325 620 4400 libenti
654 4328 791 4414 animo,
827 4328 986 4400 honeste
1022 4325 1196 4412 vivendo,
1225 4323 1385 4400 alterum
1415 4351 1488 4400 non
1520 4325 1684 4401 ledendo
1710 4351 1752 4399 ac

253 4452 310 4526 ius
339 4477 448 4525 suum
477 4453 611 4550 cuique
643 4452 852 4538 tribuendo,
888 4468 926 4525 et
955 4453 1003 4525 ab
1035 4448 1116 4524 aliis
1143 4451 1254 4524 tribui
1286 4449 1468 4538 iaciendo,
1503 4468 1751 4548 supportave-

255 4594 341 4650 runt
368 4591 417 4662 et,
439 4592 553 4672 prout
580 4571 734 4650 firlniter
763 4599 971 4671 speramus,
992 4576 1103 4649 iidem
1131 4589 1169 4648 et
1197 4575 1261 4670 qui
1289 4575 1403 4648 eisin
1432 4575 1595 4650 futurum
1624 4601 1751 4648 succe-

252 4702 344 4775 dent
359 4700 516 4774 fideliter
535 4703 825 4797 supportabunt,
845 4717 887 4773 ut
908 4723 975 4795 per
993 4701 1064 4773 hoc
1082 4727 1104 4774 a
1125 4699 1244 4791 Nobis
1264 4715 1303 4772 et
1322 4725 1345 4772 a
1363 4700 1509 4797 prelata
1528 4701 1619 4774 sede
1649 4701 1750 4773 cuius

255 4826 409 4900 servitio
436 4826 682 4900 incubuerunt
710 4841 748 4898 et
776 4825 994 4898 incumbunt
1019 4824 1309 4920 incumbentque
1338 4825 1374 4896 in
1399 4825 1575 4912 luturum,
1600 4823 1749 4920 aliquod

252 4951 494 5026 sublevamen
522 4975 676 5024 suorum
704 4949 872 5024 laborum
901 4949 1145 5045 persentiant,
1175 4949 1354 5024 similibus
1381 4965 1486 5022 motu
1519 4965 1559 5023 et
1586 4947 1745 5030 scientia,

253 5075 489 5150 decernimus
523 5091 564 5150 et
599 5074 815 5149 ordinamus
851 5090 968 5170 atque
1001 5074 1201 5148 statuimus
1238 5075 1342 5170 quod
1376 5071 1533 5172 singulis
1562 5073 1747 5148 mensibus

254 5199 450 5274 cuiuslibet
477 5199 573 5284 anni,
605 5197 755 5272 ducenti
784 5197 912 5272 floreni
945 5199 1025 5272 auri
1053 5199 1141 5274 boni
1172 5213 1211 5272 et
1245 5197 1331 5271 iusti
1359 5198 1536 5295 ponderis
1563 5195 1747 5293 prenomi-

255 5327 352 5398 natis
381 5323 628 5398 Auditoribus
655 5339 694 5396 et
722 5323 1091 5408 LocumtenentibuS,
1111 5324 1207 5396 inter
1226 5348 1294 5396 eos
1313 5325 1438 5418 prouti
1456 5322 1546 5420 ipsis
1565 5321 1747 5395 videbitur
