3720 5916
285 311 339 372 tut
904 315 1042 377 Soeculo
1060 315 1167 377 XVII

282 511 483 586 Civitatem
510 508 761 585 Tusculanam
790 525 829 582 et
855 509 1079 605 exposuisse
1111 506 1160 584 D.
1192 507 1319 584 Febeo
1356 534 1509 586 sensum
1538 510 1773 601 Auditorum,

280 637 478 734 ipsumque
505 633 749 731 respondisse
778 657 820 707 se
848 633 1122 708 notificaturum
1150 634 1276 708 omnia
1305 632 1470 710 Pontifici
1505 650 1547 710 et
1580 661 1668 712 esse
1699 663 1777 712 cer·

280 777 360 837 tum
388 762 491 859 quod
520 761 600 834 sine
627 757 814 834 conserisu
842 773 882 831 et
909 756 1161 832 satisfactione
1189 757 1402 834 Tribunalis
1431 760 1517 834 nihil
1553 787 1640 836 esse
1674 763 1777 838 inno-

280 901 466 961 naturum.

984 1131 1075 1213 293.

279 1297 440 1370 Auditor
468 1297 596 1370 electus
622 1297 689 1394 qni
712 1320 825 1394 neque
850 1295 982 1382 ficisset
1007 1293 1209 1369 praelatus
1240 1320 1351 1394 neque
1379 1296 1607 1371 Advocatum
1633 1299 1769 1396 egisset,

357 1422 543 1495 tenebatur
568 1420 723 1496 scn'boro
749 1430 785 1493 ct
809 1419 1016 1516 informare
1041 1421 1082 1492 in
1109 1418 1237 1518 aliqua
1264 1445 1386 1496 conso.

356 1580 472 1652 (Auen.
492 1579 579 1652 Ron,
602 1577 793 1637 «Dianium
814 1574 903 1634 Celsi
913 1577 950 1648 »).

714 1777 786 1851 Die
815 1778 945 1851 Lunae
975 1779 996 1848 8
1027 1774 1205 1851 Octobris
1230 1780 1341 1870 1657.

275 2067 280 2076 ⁴
354 2047 393 2118 ln
422 2047 492 2120 hac
521 2047 619 2119 Rota
647 2047 791 2118 instetit
818 2044 933 2117 Talus
962 2060 1003 2117 ut
1032 2045 1099 2117 sibi
1127 2042 1384 2140 assignaretur
1412 2061 1592 2141 punctus;
1612 2070 1657 2118 ac
1683 2047 1768 2140 quia

274 2171 423 2245 solitum
447 2169 650 2245 electorum
669 2186 730 2244 est
747 2170 852 2265 quod
872 2169 902 2242 si
922 2191 996 2242 non
1017 2185 1105 2242 sunt
1124 2167 1281 2242 Praelati
1299 2167 1359 2242 vel
1378 2184 1625 2243 exercuerunt
1643 2169 1768 2244 Advo-

271 2312 406 2379 catum,
427 2296 566 2370 debeat
586 2294 747 2368 Auditor
774 2293 823 2368 de
851 2318 950 2367 novo
968 2291 1111 2368 electus
1131 2293 1294 2368 scribere
1313 2309 1352 2367 et
1371 2293 1569 2368 informare
1588 2293 1625 2366 in
1643 2292 1766 2390 aliqua

270 2446 394 2508 causa,
423 2420 509 2495 ideo
537 2420 634 2495 sacta
660 2419 761 2494 omni
789 2417 981 2517 diligentia
1010 2417 1097 2514 quia
1126 2443 1199 2492 non
1223 2415 1381 2491 aderant
1399 2441 1535 2493 causae
1553 2443 1764 2516 proponen-

269 2547 351 2631 dae,
381 2546 449 2620 luit
478 2545 683 2620 resolutum
711 2543 815 2642 quod
843 2561 1120 2640 proponeretur
1146 2543 1271 2639 aliqua
1298 2535 1413 2617 ¹causa
1448 2543 1520 2618 iam
1558 2543 1761 2642 proposita,

268 2675 414 2771 absque
441 2698 488 2747 eo
516 2672 620 2768 quod
648 2669 686 2744 id
714 2669 967 2745 notificaretur
993 2669 1117 2744 eidem
1145 2667 1240 2743 Taio
1268 2693 1335 2743 seu
1364 2667 1456 2745 aliis.

972 3007 1062 3086 294.

661 3169 771 3242 Mors
799 3171 933 3244 Amaci
959 3169 1025 3244 Du
1053 3171 1180 3256 Nocet,
1212 3167 1367 3243 Decani.

345 3326 461 3394 (Aren.
479 3325 566 3398 Ros,
590 3323 780 3384 «Dianium
800 3322 934 3396 Celso).

347 3523 418 3597 Die
447 3523 644 3598 Dominica
668 3549 713 3618 14
737 3525 875 3598 mensis
904 3525 1069 3599 octobris
1093 3529 1190 3619 1657
1221 3525 1314 3600 hora
1340 3531 1432 3602 16...
1455 3528 1549 3602 Rriis
1577 3529 1628 3606 D.
1648 3531 1751 3604 Ama·
1840 3585 1841 3589 η

263 3667 325 3724 tus
354 3650 600 3736 Dunozettus,
622 3649 745 3724 Rotae
765 3649 952 3736 Decanus,
975 3671 1048 3722 non
1077 3649 1158 3722 sine
1186 3650 1348 3725 maximo
1375 3653 1540 3727 omnium
1569 3653 1697 3729 dolore
1716 3667 1749 3726 et
1839 3679 1840 3696 ,

263 3800 346 3848 meo
375 3775 597 3871 praesertim
624 3776 689 3872 qui
714 3775 816 3848 illum
844 3799 1084 3872 summopere
1116 3774 1317 3875 diligebam
1354 3792 1393 3850 et
1424 3781 1641 3867 venerabar,
1669 3779 1746 3854 obiit

262 3901 345 3975 in...
377 3925 467 3973 suae
494 3905 630 3974 aetatis
657 3923 767 3976 anno.
1836 3951 1837 3958 κ

931 4222 933 4226 ·
972 4180 1061 4262 295.

263 4341 402 4416 Corus
428 4369 465 4416 se
491 4341 598 4416 hobel
617 4354 690 4440 pro
718 4341 878 4418 Deccno.
909 4387 935 4398 -
970 4343 1067 4418 Taz'a
1085 4347 1203 4420 Rotae
1221 4344 1394 4442 porrigit
1422 4345 1670 4436 conclusiones,
1689 4369 1741 4420 cos

337 4466 525 4540 subiiciens
552 4491 726 4542 censurae
754 4467 992 4564 Andriorum,

336 4622 450 4693 (Arcu.
469 4621 555 4694 Ron,
579 4621 768 4682 ‹Drnrr’um
789 4621 922 4696 δείδι’»)

684 4836 756 4911 Die
784 4839 913 4912 Lunae
949 4862 990 4933 15
1022 4841 1186 4916 octobris
1221 4847 1330 4937 1657.

335 5002 435 5076 Rota
462 5027 546 5076 cum
578 5022 598 5094 7
629 4999 886 5087 Auditoribus,
917 5005 1074 5076 absente
1105 5002 1341 5101 Bevilacqua.

332 5128 372 5198 ln
400 5125 580 5224 principio
609 5126 654 5202 R.
687 5126 724 5201 P.
756 5127 803 5201 D.
835 5125 976 5202 Cerrus
1003 5130 1146 5224 primus
1174 5129 1209 5204 in
1238 5107 1381 5220 ordine,
1402 5147 1442 5206 et
1469 5133 1532 5231 qui
1565 5131 1732 5231 processit

252 5249 286 5323 in
315 5250 438 5326 locum
468 5251 620 5336 Decem,
639 5274 713 5323 non
741 5250 827 5324 lecit
853 5252 1072 5339 orationem,
1093 5270 1208 5350 prout
1233 5256 1358 5344 audio,
1379 5282 1491 5354 quam
1511 5258 1571 5334 alii
1590 5281 1732 5335 consue·

251 5392 397 5464 verunt,
426 5378 495 5451 sed
522 5376 649 5471 potius
677 5373 903 5450 familiariter
937 5388 976 5450 et
1003 5375 1149 5477 vulgari
1185 5405 1359 5456 sermone
1387 5382 1567 5480 loquutus
1602 5384 1665 5458 fuit
1698 5381 1727 5453 in
