3718 5918
737 273 904 336 Clemente
922 273 995 335 XII
1441 331 1443 338 ,
1563 272 1618 332 tot
1683 245 1687 254 ⁴

117 497 205 547 casu
221 496 295 547 non
314 473 469 572 exigant
488 473 557 548 nisi
571 487 698 547 taxam
717 471 965 570 prescriptam
985 472 1021 546 in
1041 469 1306 545 reformatione
1321 467 1360 545 S.
1376 469 1429 543 M.
1452 468 1554 543 Pauli
1570 467 1616 557 V,

118 601 135 694 ᾗ
163 597 422 672 Instrumentis
449 621 773 694 quorumcumque
794 596 1076 682 Consensuum;
1098 594 1137 670 Si
1164 619 1255 668 vero
1273 592 1402 690 plures
1431 593 1504 668 sint
1530 592 1618 666 Per-

119 746 243 804 sonae,
274 747 373 819 quae
400 745 471 819 pro
498 721 633 796 eodem
661 721 796 796 effectu
825 722 1072 804 consentiant,
1103 719 1173 794 sed
1201 743 1453 816 unaquaeque
1484 743 1534 792 ex
1562 717 1617 792 eis

117 849 195 922 sive
223 847 427 944 separatim
455 847 534 920 sive
563 869 637 922 non
665 847 911 932 consentiant,
942 870 1013 942 pro
1025 861 1111 918 ‘suo
1139 844 1222 918 lure
1250 843 1411 930 diverso,
1440 857 1481 917 et
1508 843 1618 941 parti·

118 971 229 1046 culari
266 970 565 1068 independenter
599 972 649 1046 ab
683 970 811 1066 aliquo
846 987 931 1046 actu
970 972 1005 1044 in
1043 969 1184 1044 eisdem
1214 969 1308 1043 actis
1347 984 1491 1068 rogato,
1528 984 1616 1041 tunc

118 1111 288 1170 servetur
315 1095 432 1182 Taxa,
463 1113 506 1172 ut
533 1122 649 1194 supra
676 1095 713 1169 in
741 1097 863 1194 primo
892 1095 1027 1192 Capite
1054 1118 1125 1191 pro
1152 1094 1322 1192 quolibet
1351 1093 1562 1168 Consensu.

9 1277 13 1288 .
118 1221 171 1294 Et
194 1246 244 1294 cx
270 1220 394 1294 eadem
425 1219 683 1296 Constitutione
710 1220 949 1295 Bemdr’ctina
976 1219 1041 1293 sub
1073 1219 1176 1294 titulo
1207 1219 1251 1293 dr
1279 1217 1530 1305 Extractr'bus,
1551 1227 1614 1292 etc..

195 1344 351 1420 habetur
377 1355 420 1420 ur
444 1347 563 1442 infra.

193 1471 351 1568 insuper
377 1469 623 1558 declaramus,
655 1497 732 1570 quo
759 1471 796 1545 in
825 1470 1013 1570 Registris
1054 1486 1094 1545 et
1122 1469 1361 1546 Extractibus
1391 1467 1613 1554 Causarum,

116 1594 151 1667 in
179 1594 317 1692 quibus
344 1619 413 1693 per
440 1594 548 1680 duos,
578 1594 637 1669 vel
666 1611 743 1669 tres
771 1619 891 1670 annos
919 1594 1007 1668 nihil
1035 1611 1161 1668 actum
1201 1592 1282 1682 fuit,
1311 1617 1385 1668 non
1427 1607 1617 1688 ponantur

115 1719 150 1792 in
178 1719 483 1816 reassumptione
510 1721 693 1794 dictarum
725 1719 936 1794 Causarum
965 1719 1126 1794 Mutatio
1154 1720 1240 1793 anni
1272 1717 1330 1793 vel
1359 1718 1511 1803 mensis,
1529 1717 1616 1790 indi·

114 1844 189 1918 ctio
216 1843 493 1929 Vacantiarum,
525 1844 678 1920 Creatio
708 1843 905 1928 Pontificis,
934 1861 973 1918 et
1001 1844 1133 1918 similia
1160 1844 1209 1918 ad
1237 1843 1486 1918 substantiam
1516 1841 1618 1916 Cau·

116 1993 242 2042 sarum
272 1993 346 2042 non
375 1969 624 2058 conferentia3
654 1970 834 2068 quodque
861 1993 933 2065 pro
960 1967 1030 2042 illis
1048 1970 1156 2044 annis
1175 1969 1211 2044 in
1240 1969 1377 2068 quibus
1405 1967 1617 2042 intermissa

115 2093 297 2168 remansit
323 2091 470 2169 illorum
497 2093 713 2194 prosecutio
743 2093 831 2168 nihil
857 2119 880 2168 a
909 2093 1074 2168 Notariis
1102 2093 1202 2192 exigi
1230 2093 1351 2191 possit
1393 2094 1465 2168 sub
1508 2091 1617 2166 titulo

115 2219 371 2306 Generalium,
401 2245 467 2294 seu
498 2243 568 2317 pro
596 2217 856 2296 Generalibus.

193 2344 302 2418 Licet
326 2343 363 2416 in
393 2342 677 2420 Reformatione
711 2343 814 2418 edita
847 2369 916 2442 per
945 2343 1184 2418 Cardinalem
1214 2343 1475 2418 Mariscottum
1509 2366 1616 2440 pror-

113 2491 196 2542 sum
225 2467 347 2554 suerit,
378 2471 448 2544 sub
477 2469 582 2544 Taxa
624 2493 693 2566 pro
736 2469 902 2546 Notariis
931 2469 1065 2557 Rotae,
1097 2473 1199 2565 quod
1241 2493 1310 2566 pro
1340 2467 1529 2541 Citatione
1565 2465 1615 2540 ad

113 2593 296 2666 terminos
324 2593 592 2668 substantiales
619 2594 655 2668 in
683 2593 778 2668 actis
810 2592 1037 2692 reproducta
1069 2593 1264 2692 percipere
1293 2593 1415 2692 possit
1435 2589 1616 2666 Notarius

113 2741 183 2815 pro
212 2735 388 2818 regestro
416 2733 562 2792 scutum
593 2741 718 2806 unum,
760 2735 800 2793 et
841 2721 1062 2794 bononenos
1099 2719 1328 2818 octuaginta,
1358 2719 1447 2815 quia
1488 2735 1614 2792 tamen

113 2840 277 2917 excitata
305 2843 373 2918 suit
400 2845 616 2940 praetensio
645 2844 800 2919 totidem
828 2845 940 2920 etiam
960 2842 1135 2944 exigendi
1162 2867 1233 2942 pro
1260 2871 1360 2930 casu,
1383 2845 1418 2918 in
1438 2867 1516 2941 quo
1534 2843 1613 2941 plu·

111 2968 186 3042 ries
214 2967 428 3043 consimiles
455 2969 491 3042 in
520 2969 654 3044 eadem
682 2969 809 3044 Causa
846 2947 1145 3067 reproducantur
1182 2967 1400 3056 Citationes,
1439 2968 1612 3042 volumus

110 3108 228 3189 atque
257 3091 502 3180 declaramus,
533 3094 638 3190 quod
665 3110 798 3169 exacta
826 3119 895 3192 pro
923 3094 1044 3190 prima
1070 3093 1285 3191 supradicta
1322 3093 1506 3180 mercede,
1540 3116 1611 3190 pro

110 3215 191 3292 aliis
220 3232 410 3316 quotquot
437 3234 549 3292 erunt
574 3218 728 3317 exigere
757 3241 831 3292 non
859 3217 1009 3294 valeant
1049 3216 1118 3290 nisi
1156 3218 1377 3295 bononenos
1415 3217 1613 3316 sexaginta

111 3364 183 3438 pro
212 3341 392 3439 qualibet.

193 3465 245 3542 Et
273 3466 325 3540 ita
352 3481 466 3563 prout
494 3465 718 3565 dispositum
747 3467 869 3542 luerat
896 3466 932 3542 in
962 3468 1242 3544 Reformatione
1279 3465 1318 3544 S.
1349 3467 1402 3540 M.
1435 3464 1537 3540 Pauli
1565 3463 1612 3551 V,

111 3593 183 3665 sub
211 3589 322 3665 titulo
350 3591 398 3664 de
427 3591 636 3691 Regestris,
665 3608 735 3670 etc.
765 3595 784 3690 ξ
811 3594 924 3680 Idem,
956 3611 1026 3670 etc.
1057 3594 1106 3669 ibi
1124 3637 1151 3650 -
1169 3594 1284 3682 idem,
1305 3609 1345 3666 et
1363 3591 1412 3666 de
1436 3591 1614 3665 termino-

110 3739 194 3788 rum
224 3714 524 3791 substantialium
552 3718 770 3792 extensione
798 3717 990 3794 observari
1010 3718 1241 3806 mandamus,
1263 3735 1304 3792 ut
1323 3715 1440 3792 semel
1468 3729 1614 3808 tantum

109 3866 182 3938 pro
211 3839 380 3938 qualibet
407 3856 515 3937 parte
556 3857 723 3926 extensa,
761 3867 835 3916 non
876 3843 1034 3940 amplius
1073 3845 1339 3930 extendantur,
1369 3844 1438 3917 sed
1466 3857 1612 3916 tantum

108 3991 245 4041 eorum
274 3966 465 4041 reiteratio
506 3966 586 4040 sine
626 3967 845 4042 extensione
874 3983 1035 4057 notetur,
1066 3985 1105 4043 et
1132 3969 1245 4044 etiam
1285 3968 1322 4040 in
1351 3967 1540 4042 Citatione
1565 3968 1616 4042 ad

111 4091 361 4168 Sententiam.

192 4215 382 4314 Adeoque
409 4241 457 4290 ex
484 4216 542 4290 his
569 4214 754 4314 colligitur
781 4217 884 4314 quod
911 4218 1020 4294 liceat
1040 4217 1206 4293 Notariis
1224 4219 1375 4315 exigere
1403 4218 1614 4292 mercedem

109 4365 190 4418 scu.
229 4344 326 4426 1,80,
357 4365 428 4438 pro
455 4341 623 4439 qualibet
651 4339 839 4418 Citatione
866 4344 915 4417 ad
944 4343 1123 4418 terminos
1151 4342 1428 4419 Substantiales
1459 4343 1494 4416 in
1522 4343 1615 4418 actis

110 4465 342 4563 reproducta
367 4467 415 4540 ad
443 4465 660 4540 instantiam
688 4469 798 4542 unius
826 4493 873 4542 ex
902 4467 1228 4568 Collitigantibus;
1262 4469 1335 4542 Pro
1377 4491 1615 4566 quacumque

106 4589 182 4664 alia
212 4614 304 4664 vero
331 4589 438 4664 simili
468 4589 657 4666 Citatione
695 4591 883 4674 reiterata,
913 4591 994 4667 sive
1035 4593 1084 4667 ad
1125 4594 1245 4681 unius,
1276 4591 1335 4666 vel
1372 4591 1526 4667 alterius
1567 4619 1615 4666 ex

108 4713 419 4813 Collitigantibus
447 4713 678 4802 instantiam,
698 4713 809 4792 liceat
825 4717 968 4791 eisdem
989 4717 1156 4792 Notariis
1175 4716 1435 4793 tantummodo
1462 4715 1615 4817 exigere

106 4837 248 4915 obulos
276 4840 474 4938 sexaginta
503 4867 572 4937 pro
600 4841 766 4939 qualibet
793 4843 846 4916 ita
873 4844 1059 4930 reiterata,
1081 4859 1120 4918 et
1147 4843 1385 4939 reproducta.
