3718 5918
252 307 308 366 494
879 309 1017 369 soeculo
1037 309 1161 370 XVIII

253 497 399 596 rogitus
427 520 753 608 quorumcumque
782 498 1132 588 instrumentorum,
1153 525 1196 572 ac
1227 499 1473 585 Donationes,
1496 498 1742 586 Testamenta,

128 615 132 623 ’
253 645 298 695 ac
327 619 539 708 Codicillos,
570 639 609 694 et
642 622 918 719 praedictorum
947 623 1297 710 Instrumentorum,
1327 623 1596 708 Donationum,
1626 623 1746 696 Testa-

256 761 477 833 mentorum,
508 763 548 820 et
576 745 844 822 codicillorum
872 747 1002 844 copias
1029 748 1209 844 publicas,
1239 764 1279 822 et
1315 749 1503 846 simplices
1536 749 1745 845 respective.

336 872 407 944 Pro
434 870 668 946 confectione
696 873 893 946 cuiuslibet
913 872 1190 957 Contradictae,
1221 873 1301 947 sive
1328 873 1450 960 edicti,
1471 874 1576 968 quod
1603 873 1644 945 fit
1662 889 1749 946 tem-

255 1019 348 1092 pore
366 997 631 1082 vacantiarum,
653 998 950 1093 compraehensa
969 997 1143 1072 mercede
1163 998 1257 1072 solvi
1276 977 1457 1072 consueta
1477 995 1637 1071 Officiali
1657 996 1749 1072 Con-

256 1120 509 1207 tradictarum,
538 1133 578 1194 et
606 1121 761 1196 Cursori
789 1123 1011 1219 respective,
1039 1147 1110 1219 pro
1137 1123 1315 1220 qualibet.
1368 1181 1376 1198 .
1435 1181 1443 1198 .
1502 1181 1510 1198 .
1566 1147 1619 1197 sc.
1656 1146 1748 1216 -30

337 1245 410 1318 Pro
437 1244 690 1342 publicatione
708 1246 967 1343 Depositionis
995 1246 1192 1322 cuiuslibet
1218 1250 1327 1321 testis
1345 1262 1423 1320 tam
1441 1247 1478 1320 in
1497 1246 1622 1330 Curia,
1643 1271 1749 1343 quam

256 1370 292 1442 in
329 1369 501 1444 Partibus
529 1369 659 1470 vigore
688 1371 1008 1445 Remissorialium
1036 1371 1238 1446 examinati
1265 1373 1399 1446 obuios
1428 1373 1581 1470 triginta
1608 1387 1749 1467 septem

258 1519 341 1568 curn
368 1495 520 1570 dimidio
548 1519 618 1592 pro
645 1496 823 1594 quolibet,
855 1497 1019 1594 dempta,
1050 1513 1089 1572 et
1117 1497 1316 1572 bonificata
1344 1497 1379 1570 iu
1407 1497 1525 1594 copia,
1555 1521 1623 1570 seu
1653 1496 1750 1569 Sum·

258 1621 376 1694 mario
404 1621 531 1696 dando
560 1646 633 1695 una
661 1639 775 1708 carta,
797 1647 863 1697 seu
894 1622 981 1696 folio
1008 1645 1078 1720 pro
1105 1622 1275 1719 quolibet
1301 1622 1448 1696 Teste.
1506 1645 1556 1700 sc.
1587 1665 1637 1678 -
1644 1644 1691 1716 37
1708 1618 1748 1723 Ἰ,

339 1744 410 1820 Pro
425 1763 677 1844 ‘quocumque
697 1746 833 1843 Capite
851 1765 1030 1844 separato
1049 1748 1226 1844 apposito
1246 1748 1282 1820 in
1302 1746 1509 1833 Sententia,
1530 1749 1562 1821 si
1579 1748 1614 1819 in
1639 1749 1751 1843 prima

257 1870 439 1944 Instantia
471 1889 578 1945 scuta
615 1873 705 1957 tria;
739 1887 778 1946 et
812 1873 880 1946 ob:
918 1893 964 1966 75
1005 1845 1191 1960 monetae,
1228 1873 1264 1946 in
1302 1872 1470 1946 secunda
1505 1897 1554 1948 sc.
1589 1894 1621 1964 3,
1656 1873 1686 1945 si
1720 1872 1751 1944 in

258 1997 369 2071 tertia
396 2023 447 2072 sc.
480 2021 539 2072 2.2
547 2018 581 2090 5,
611 1995 817 2073 dommodo
844 2013 983 2084 tamen,
1012 2014 1052 2072 et
1080 2022 1153 2071 non
1178 1996 1270 2073 alias
1300 1997 1426 2095 Caput
1452 2013 1671 2093 separatum
1699 1997 1751 2081 sit,

260 2133 300 2195 et
326 2137 523 2216 promanet
555 2145 602 2194 ex
636 2120 787 2196 diverso
814 2121 929 2207 fonte,
959 2122 1098 2196 cadens
1136 2121 1276 2195 scilicet
1309 2123 1380 2196 sub
1412 2122 1562 2196 diverso
1591 2121 1752 2204 Credito,

261 2271 328 2320 seu
357 2244 533 2334 Creditis,
552 2263 593 2320 et
621 2249 744 2330 rebus,
765 2270 809 2320 ac
839 2247 1002 2320 materiis
1029 2247 1125 2321 inter
1152 2271 1194 2320 se
1223 2246 1417 2334 distinctis,
1443 2263 1483 2320 et
1504 2247 1700 2343 separatis.
1720 2245 1754 2319 Si

261 2395 352 2445 vero
389 2370 463 2444 tale
491 2370 617 2467 Caput
654 2390 870 2468 separatum
903 2375 950 2445 sit
986 2372 1218 2468 dependens,
1254 2388 1294 2445 et
1326 2373 1606 2446 consecutivum
1644 2397 1668 2444 a
1704 2372 1754 2444 Re

260 2494 385 2570 decisa
404 2495 448 2568 in
469 2497 672 2582 Sententia,
695 2511 787 2592 puta
814 2519 930 2592 super
955 2497 1146 2583 fructibus,
1167 2513 1207 2570 et
1234 2496 1414 2570 similibus
1442 2496 1529 2570 nihil
1548 2496 1753 2593 recipiatur,

261 2618 462 2716 prodictu
490 2619 624 2714 capite,
655 2643 721 2692 seu
751 2619 936 2716 capitibus
964 2619 1159 2714 separatis.

344 2745 416 2818 Pro
458 2744 561 2818 Nota
602 2745 871 2840 cuiuscumque
914 2745 1067 2818 Decreti
1108 2745 1301 2829 diffinitio,
1346 2745 1425 2820 sive
1465 2746 1540 2818 vim
1581 2745 1756 2819 diffinitivi

259 2869 447 2956 habentis,
485 2870 565 2943 sive
603 2869 733 2966 vigore
768 2869 968 2944 decisionis
1003 2870 1160 2953 Rotalis,
1192 2870 1270 2944 sive
1306 2869 1435 2968 vigore
1473 2869 1757 2944 renunciationis

216 3013 219 3020 '
263 2995 348 3080 litis,
379 2994 439 3068 vel
467 2993 737 3091 acceptationis
766 2993 980 3068 Decisionis
1041 3051 1447 3070 .......
1508 3019 1560 3069 sc.
1596 3019 1628 3070 r.
1647 2998 1695 3088 87
1714 2993 1755 3093 Ἰ,

345 3119 395 3192 Et
422 3121 453 3192 si
481 3117 545 3193 tali
573 3116 727 3191 decreto
756 3117 865 3215 plura
894 3118 1057 3206 Credita,
1079 3120 1139 3193 vel
1169 3119 1352 3194 Materiae
1372 3120 1469 3194 inter
1492 3143 1534 3194 se
1553 3119 1756 3202 distinctae,
1834 3167 1835 3180 ι

263 3261 302 3318 et
320 3243 505 3330 distincta,
527 3267 571 3316 ac
585 3265 804 3338 promanan.
820 3267 868 3318 ex
886 3241 1038 3316 diverso
1055 3243 1158 3316 fonte
1178 3243 1454 3328 canonizentur,
1469 3259 1509 3316 et
1526 3241 1757 3328 definiantur,

263 3370 335 3443 boc
362 3393 451 3442 casu
479 3368 590 3442 liceat
618 3367 786 3441 Notariis
813 3369 965 3465 exigere
995 3367 1095 3441 dicta
1128 3384 1275 3442 scutum
1313 3395 1438 3453 unum,
1467 3385 1508 3442 et
1534 3368 1602 3442 ob:
1633 3385 1760 3442 octua·

263 3495 368 3592 ginta
406 3509 553 3589 septem
588 3517 672 3566 cum
705 3491 859 3566 dimidio
887 3518 938 3566 sc.
975 3496 1058 3587 r.87
1078 3490 1123 3595 Ἰ,
1153 3493 1421 3590 reduplicative
1458 3494 1543 3566 loco
1572 3506 1639 3580 tot,
1672 3507 1763 3590 quot

259 3637 353 3714 ‚sunt
376 3618 552 3692 distincta
570 3616 736 3704 Credita,
756 3633 796 3690 et
815 3618 981 3702 materia,
1002 3633 1042 3691 et
1061 3618 1228 3692 similiter
1246 3619 1297 3692 ita
1317 3643 1386 3714 pro
1404 3618 1603 3703 mandatis
1626 3618 1764 3692 scilicet
1834 3617 1835 3622 ’

265 3745 350 3817 loco
377 3758 444 3831 tot,
475 3759 569 3839 quot
598 3759 685 3816 sunt
713 3741 889 3816 distincta
916 3742 1081 3825 Credita,
1102 3759 1143 3817 et
1162 3743 1298 3840 Capita
1327 3766 1387 3817 res
1415 3745 1512 3816 inter
1529 3765 1571 3816 se
1593 3742 1763 3816 diversas
1834 3813 1835 3818 ,

267 3867 505 3943 continentia.
1069 3873 1074 3884 '
1834 3947 1835 3970 χ

348 3993 397 4064 Et
416 3992 542 4089 quoad
573 3991 711 4064 Notam
736 3992 952 4066 Sententiae
971 3991 1006 4064 in
1026 4009 1162 4089 quarta
1180 3993 1361 4068 Instantia
1379 3991 1636 4066 revocatoriae
1656 3992 1765 4066 trium
1834 3983 1835 4034 ³

267 4116 571 4214 praecedentium
609 4115 716 4190 liceat
757 4117 900 4191 eisdem
943 4117 1109 4190 Notariis
1150 4118 1301 4214 exigere
1339 4116 1550 4191 mercedem
1580 4133 1697 4212 prout
1732 4116 1765 4188 in

267 4243 398 4339 prima,
428 4241 567 4315 scilicet
594 4256 702 4314 scuta
730 4243 811 4327 tria,
841 4259 881 4316 et
907 4244 977 4317 ob:
1008 4244 1250 4341 septuaginta
1278 4243 1454 4339 quinque.
1511 4300 1519 4317 .
1578 4267 1628 4316 sc.
1664 4265 1700 4335 3.
1720 4262 1761 4334 75
1834 4285 1835 4362 p

351 4365 460 4440 Circa
488 4366 671 4440 Mandata
698 4366 746 4438 de
775 4366 1038 4442 transferendo
1067 4368 1168 4442 Loca
1196 4367 1382 4440 Montium
1420 4365 1653 4442 diversarum
1684 4390 1766 4461 spe·
1834 4365 1835 4422 ἒ

269 4492 419 4578 cierum,
452 4491 561 4564 liceat
590 4490 757 4563 Notariis
794 4491 948 4588 exigere
977 4517 1046 4588 pro
1079 4491 1248 4587 quolibet
1276 4491 1455 4564 mandato
1483 4507 1590 4564 scuta
1617 4490 1702 4576 tria,
1731 4502 1767 4562 et
1834 4515 1835 4544 t

269 4642 339 4716 pro
357 4617 454 4691 illius
475 4617 665 4713 Regestro
687 4615 796 4688 Iulios
825 4616 1007 4712 quidecim
1028 4643 1079 4692 sc.
1108 4641 1136 4692 1.
1144 4637 1205 4709 50,
1226 4632 1265 4690 et
1291 4641 1343 4690 sc.
1371 4641 1400 4690 1.
1406 4638 1466 4710 50,
1487 4615 1572 4689 loco
1591 4613 1766 4710 duplicati

269 4769 339 4840 pro
369 4740 534 4838 qualibet
564 4741 689 4838 specie
716 4742 936 4815 eorumdem
964 4742 1131 4816 locorum
1161 4742 1359 4816 Montium.

351 4869 400 4941 Et
419 4868 517 4941 idem
536 4886 707 4942 servetur
725 4867 852 4963 quoad
874 4866 1056 4941 Mandata
1073 4866 1121 4940 de
1135 4867 1392 4964 consignando
1409 4888 1543 4961 nempe
1562 4889 1632 4962 pro
1647 4867 1767 4960 primo
1834 4949 1835 4958 ἵ

271 4996 451 5067 mandato
477 4995 652 5092 exigatur
680 5015 827 5066 summa
864 4993 990 5066 debita
1026 4992 1128 5064 iuxta
1156 4993 1381 5087 praeteritas
1409 4990 1697 5064 reformationes
1733 5004 1769 5061 et
1834 4975 1835 5010 i

270 5143 340 5216 pro
369 5118 520 5215 reliquis
548 5145 618 5214 pro
648 5118 849 5191 medietate
878 5116 1062 5190 mercedis
1090 5142 1160 5212 pro
1189 5117 1310 5213 primo
1337 5116 1528 5200 mandato,
1549 5129 1588 5188 et
1616 5115 1667 5188 sic
1687 5113 1768 5188 loco

270 5244 447 5339 duplicati
466 5267 534 5339 pro
553 5260 646 5330 totu,
669 5267 745 5340 quo
764 5257 852 5315 sunt
867 5241 980 5316 Banci
999 5243 1034 5315 in
1054 5242 1190 5336 quibus
1210 5241 1447 5337 depositatae
1466 5256 1555 5314 sunt
1574 5240 1765 5321 Pecuniae,

270 5369 565 5468 consignandae,
587 5385 626 5442 et
644 5369 789 5463 absque
810 5367 882 5440 nlla
902 5367 1087 5440 solutione
1105 5391 1176 5462 pro
1191 5367 1380 5463 Regestro
1399 5365 1460 5440 dd.
1483 5363 1766 5461 duplicatorum.
