3686 5916
689 335 868 398 Betwdr'cto
887 335 975 396 XIV
1523 337 1579 397 525

82 525 276 614 Praelatis,
306 545 346 603 et
375 527 637 602 Cardinalibus
665 528 724 602 vel
752 529 865 602 etiam
890 525 1263 627 Congregationibus
1282 529 1578 624 particularibus,

82 653 243 728 scribere
277 669 317 728 et
349 653 507 727 actitare
544 652 684 727 debeat
721 651 904 730 Notarius
938 677 962 726 a
997 649 1172 751 Collegio
1200 651 1364 725 Archivii
1402 652 1582 748 praedicti

82 777 296 872 deputatus,
327 777 431 873 quod
458 778 573 850 etiam
599 777 861 851 confirmatum
886 776 1120 876 dignoscitur
1146 802 1169 851 a
1198 777 1420 850 recolendae
1439 801 1583 850 memo-

83 903 157 975 riae
185 899 490 978 Praedecessore
518 899 664 978 Nostro
693 901 849 976 Urbano
877 898 987 999 Papa
1014 901 1109 988 VIII,
1138 903 1203 1000 qui
1232 924 1302 997 per
1338 925 1427 974 suas
1455 901 1583 975 literas

82 1026 117 1100 in
154 1026 275 1102 lorma
309 1028 451 1109 Brevis,
488 1026 600 1100 datas
637 1027 698 1100 die
724 1047 806 1099 xxrr
844 1026 1037 1100 Februarii
1071 1028 1170 1100 Anni
1204 1047 1390 1111 nucxxxr,
1431 1026 1581 1100 Pontifi-

81 1166 189 1224 catus
219 1153 275 1224 sui
303 1175 403 1225 anno
431 1167 578 1236 octavo,
608 1151 747 1225 auditis
775 1151 945 1247 partibus
965 1153 1000 1224 in
1019 1151 1223 1249 Signatura
1244 1175 1312 1222 sua
1332 1151 1499 1238 Gratiae,
1519 1149 1581 1224 dic

81 1291 215 1370 quarta
243 1276 412 1349 eiusdem
440 1277 581 1350 mensis
607 1276 798 1350 Februarii
816 1277 956 1363 habita,
977 1275 1200 1372 Apostolica
1218 1275 1442 1350 auctoritate
1462 1275 1580 1350 decla·

81 1401 184 1486 ravit,
217 1399 364 1474 Causas
393 1425 462 1497 pro
490 1417 662 1498 ternpore
689 1401 977 1474 committendas
1000 1400 1218 1482 ,Causarum
1245 1399 1379 1477 Palatii
1408 1402 1577 1497 Aposto-

80 1523 136 1597 lici
164 1525 423 1610 Auditoribus,
446 1526 500 1600 uti
518 1525 713 1610 Praelatis,
735 1526 815 1599 sive
842 1551 925 1600 cum
945 1524 1113 1600 clausula
1132 1569 1158 1582 -
1178 1526 1287 1600 enirm
1314 1537 1424 1600 extra
1444 1527 1581 1599 Rotam

80 1657 115 1722 et
128 1650 263 1748 absque
283 1651 569 1749 participatione
588 1652 715 1737 Rotae,
736 1693 763 1708 -
782 1650 861 1723 sive
880 1652 1027 1748 absque
1055 1651 1223 1724 clausula
1250 1649 1473 1738 huiusmodi,
1495 1675 1581 1746 spe-

80 1792 182 1849 ctare
210 1776 259 1849 ad
288 1775 463 1849 Officium
492 1777 657 1850 Archivii
684 1777 878 1874 praedicti,
909 1776 1067 1872 eiusque
1096 1776 1293 1851 Notarium
1322 1778 1357 1850 in
1391 1776 1461 1851 illis
1493 1776 1578 1850 scri-

80 1901 190 1985 bere;
220 1900 257 1972 in
284 1902 409 1974 causis
428 1925 519 1974 vero
547 1900 825 1975 committendis
844 1899 1092 1973 Auditoribus
1110 1899 1322 1996 praedictis,
1344 1901 1456 1974 etiam
1475 1915 1582 1974 extra

80 2019 222 2100 Rotam
251 2041 290 2098 et
316 2025 464 2121 absque
492 2024 777 2122 participatione
807 2023 941 2109 Rotae,
973 2047 1047 2097 non
1075 2041 1200 2098 tamen
1230 2025 1283 2098 uti
1303 2022 1494 2112 Praelatis,
1525 2023 1581 2098 ius

80 2149 266 2224 scribendi
292 2174 379 2222 esse
408 2173 527 2246 penes
554 2149 722 2223 eiusdem
754 2150 878 2224 Rotae
906 2149 1096 2223 Notarios.

161 2275 359 2348 Hactenus
388 2290 514 2348 tamen
548 2298 661 2348 nemo
689 2274 947 2348 Romanorum
986 2273 1204 2348 Pontificum
1242 2273 1580 2349 Praedecessorum

81 2399 322 2485 Nostrorum,
351 2421 493 2497 genera
521 2423 717 2472 causarum
746 2398 958 2474 huiusmodi
978 2398 1223 2483 secernendo,
1245 2399 1448 2486 constituit,
1470 2423 1581 2495 quae·

80 2547 165 2598 nam
194 2523 346 2598 Causae
374 2523 623 2599 Auditoribus
652 2525 787 2611 Rotae,
817 2525 869 2597 uti
894 2524 1153 2610 Auditoribus,
1176 2526 1251 2597 sint
1270 2525 1579 2612 committendae;

80 2674 177 2745 quae
204 2663 334 2722 autem
352 2649 433 2722 aliis
453 2648 668 2745 praedictae
689 2649 826 2723 Curiae
855 2649 1047 2735 Praelatis,
1069 2649 1127 2722 vel
1143 2650 1235 2745 ipsis
1252 2649 1374 2723 Rotae
1389 2651 1582 2724 Auditori-

80 2775 160 2861 bus,
183 2798 261 2848 non
280 2775 333 2846 uti
353 2774 602 2848 Auditoribus
622 2775 690 2848 sed
719 2775 771 2848 uti
798 2774 987 2858 Praelatis,
1009 2769 1189 2848 committi
1218 2775 1377 2870 possint.
1399 2773 1582 2868 Quamvis

78 2899 186 2987 enirn,
223 2899 320 2974 sicut
351 2900 578 2995 accepimus,
618 2902 703 2996 piae
733 2898 936 2974 memoriae
973 2899 1152 2974 Clemens
1185 2899 1287 2997 Papa
1315 2899 1409 2987 Vlll,
1441 2899 1582 2974 Noster

78 3025 190 3102 etiarn
209 3023 494 3120 praedecessor,
517 3023 730 3098 huiusmodi
749 3023 1000 3099 definitionem
1017 3040 1056 3098 et
1071 3024 1347 3120 separationem
1362 3049 1581 3124 aggressus,

80 3148 306 3224 Schedulam
328 3150 519 3245 quandam
547 3151 604 3224 sui
635 3149 764 3223 Motus
793 3147 932 3244 proprii
960 3149 1032 3224 sub
1059 3150 1189 3222 datum
1217 3149 1370 3224 Tusculi
1400 3148 1582 3223 Kalendis

80 3275 261 3349 Octobris
290 3273 532 3349 Pontificatus
560 3276 617 3348 sui
645 3278 759 3348 Anno
787 3274 935 3348 decimo
964 3275 1115 3370 propria
1148 3297 1260 3348 manu
1293 3276 1510 3374 signaverit,
1545 3278 1581 3350 in

80 3424 155 3497 qua
182 3398 334 3498 singula
364 3399 573 3472 Causarum
603 3423 745 3498 genera
764 3412 1018 3495 expresserat,
1049 3423 1146 3494 quae
1165 3401 1213 3473 ad
1234 3401 1442 3496 praelatum
1459 3401 1582 3475 Rotae

78 3521 269 3610 Tribunal,
293 3523 476 3619 privative
500 3524 626 3619 quoad
646 3523 758 3597 alium
788 3548 1065 3620 quemcumque
1092 3521 1291 3600 Romanae
1319 3524 1456 3600 Curiae
1485 3527 1584 3600 ludi-

79 3673 170 3735 cem,
201 3647 395 3744 pertinere
423 3647 595 3733 volebat;
628 3649 737 3722 Haec
765 3665 891 3722 tamen
920 3647 1108 3722 Schedula
1136 3673 1325 3745 nunquam
1352 3649 1467 3748 Legis
1495 3651 1580 3752 vim,

77 3774 356 3859 auctoritatem,
387 3788 425 3846 et
452 3772 654 3847 efficaciam
683 3773 861 3847 habuisse
880 3763 1135 3871 dignoscitur?
1158 3798 1273 3868 quum
1304 3798 1374 3848 nec
1401 3799 1516 3870 super
1537 3801 1582 3848 ea

78 3897 205 3971 debita
241 3895 451 3970 Literarum
487 3898 792 3994 Apostolicarum
830 3897 1021 3994 expeditio
1053 3913 1214 3993 sequuta
1242 3899 1370 3986 fuerit;
1406 3900 1472 3974 sed
1501 3901 1582 3996 ipsa

77 4021 278 4096 dumtaxat
296 4022 332 4093 in
348 4022 526 4120 Regestis
543 4023 864 4118 Supplicationum
881 4023 1060 4096 Datariae
1079 4021 1324 4118 Apostolicae
1344 4025 1581 4111 remanserit,

77 4169 202 4243 neque
229 4169 321 4218 vero
349 4145 528 4240 deinceps
558 4145 769 4220 Causarum
800 4144 988 4220 Rotalium
1016 4171 1038 4220 a
1068 4145 1289 4220 Praelatitiis
1317 4147 1505 4221 distincti0
1533 4146 1583 4220 ad

77 4270 353 4366 praescriptum
382 4270 522 4344 relatae
555 4269 776 4357 Schedulae,
808 4273 876 4344 sed
906 4271 1007 4344 iuxta
1036 4271 1345 4344 consuetudinem
1377 4287 1416 4345 et
1444 4270 1581 4368 stylum

78 4394 228 4480 Curiae,
262 4411 304 4467 ut
330 4410 454 4480 antea,
476 4396 715 4490 processerit.
745 4396 961 4490 Quinimmo
989 4421 1104 4492 quum
1133 4397 1232 4480 olim,
1265 4421 1334 4494 pro
1362 4413 1470 4494 parte
1500 4396 1580 4471 Col·

77 4519 165 4618 legii
182 4519 429 4592 Notariorum
450 4517 581 4604 Rotae,
604 4519 732 4594 similis
751 4523 956 4595 memoriae
975 4520 1193 4595 Alexandro
1214 4521 1337 4618 Papae
1353 4521 1419 4596 Vll
1440 4521 1583 4596 Nostro

77 4643 167 4718 item
190 4643 476 4719 praedecessori
495 4643 682 4717 humiliter
695 4647 944 4742 supplicatum
960 4645 1079 4729 luerit,
1097 4660 1138 4719 nt
1156 4644 1304 4742 plenam
1324 4647 1582 4721 executionem

77 4786 116 4843 et
143 4769 423 4842 observantiam
451 4767 667 4865 praedictae
696 4768 916 4854 Schedulae,
948 4773 1050 4844 iuxta
1078 4795 1227 4844 omnem
1257 4767 1353 4844 illius
1381 4773 1516 4845 seriem
1544 4789 1583 4845 et

77 4894 359 4978 continentiam,
398 4894 617 4991 praecipere
652 4895 883 4993 dignaretur,
918 4895 1017 4969 idem
1053 4895 1272 4972 Alexander
1311 4899 1584 4972 Praedecessor

77 5021 294 5093 instantiam
315 5019 527 5094 huiusmodi
556 5019 693 5104 reiecit,
714 5021 817 5094 edito
837 5023 1004 5118 desuper
1023 5021 1205 5117 rescripto
1223 5063 1250 5078 -
1268 5022 1384 5096 Nihil
1398 5023 1581 5099 tirnouari.

162 5145 305 5216 Verum
334 5169 383 5218 ex
411 5144 481 5217 hoc
508 5146 603 5241 ipso,
633 5145 737 5242 quod
766 5145 977 5220 huiusmodi
1008 5145 1218 5220 Causarum
1239 5147 1428 5223 distinctio
1448 5148 1584 5222 nullius

77 5286 204 5343 certae
232 5269 330 5366 legis
358 5269 481 5343 stabili
509 5268 745 5344 ordinatione
772 5271 929 5355 firmata,
961 5271 1061 5369 stylo
1088 5269 1285 5346 dumtaxat
1313 5289 1352 5347 et
1382 5289 1583 5347 consuetu·

77 5394 152 5466 dini
182 5393 219 5466 in
249 5393 440 5487 praedicta
465 5393 577 5468 Curia
603 5420 673 5491 pro
693 5411 864 5492 tempore
882 5396 1098 5494 vigentibus
1117 5394 1220 5470 inniti
1240 5400 1453 5486 consuevit;
1474 5398 1582 5473 facile
