3720 5916
742 311 935 372 Innocentio
953 310 986 371 X

811 653 900 740 248.

117 821 271 895 Absente
309 821 510 896 Cordinali
552 822 888 908 Vrec-Camellani),
924 825 964 898 in
998 823 1184 898 Natalitio
1220 822 1378 898 Domini
1403 825 1612 923 pranderem

195 957 401 1020 consuetum
428 947 556 1021 domm
584 949 703 1023 Rotae
728 973 800 1022 non
828 957 890 1035 est,
918 948 986 1022 sed
1007 949 1081 1023 loco
1107 947 1210 1022 illius
1245 948 1422 1023 Monz'stri
1454 950 1611 1023 eiusdem

198 1069 415 1152 Cordonolrlr
443 1072 603 1146 donorz'o
631 1072 875 1146 Andinrions
901 1073 959 1146 die
979 1073 1110 1171 primo
1140 1073 1315 1146 zonuarii
1330 1073 1584 1150 exhibuerunt.

195 1227 311 1299 (Ancn.
330 1226 417 1298 Rom,
441 1225 663 1288 ‹Extractum
682 1226 802 1286 Drorir'
819 1227 1039 1298 Orthobonr'»).

528 1429 600 1504 Die
630 1429 828 1504 Dominico
858 1453 908 1524 30
937 1429 1077 1526 Aprilis
1111 1435 1223 1522 1647.

185 1710 244 1790 '22
253 1737 286 1809 5.
320 1715 390 1791 His
419 1717 569 1791 duobus
596 1719 703 1792 annis
731 1717 867 1814 quibus
894 1716 1013 1792 abfuit
1041 1717 1158 1791 Emus
1189 1717 1235 1792 D.
1260 1716 1468 1791 Cardinalis
1496 1718 1613 1792 Fran-

117 1841 237 1914 ciscus
268 1840 495 1915 Barberinus
522 1842 561 1917 S.
593 1843 638 1917 R.
670 1841 713 1916 E.
745 1840 1124 1928 Vice-Cancellarius,
1155 1865 1229 1914 non
1262 1841 1460 1916 habuimus
1488 1843 1615 1916 convi-

116 1967 214 2040 vium
245 1966 397 2040 solitum
426 1968 462 2040 in
491 1965 733 2051 cancellaria,
765 1966 833 2040 sed
862 1965 1021 2039 Ministri
1051 1965 1285 2039 Eminentiae
1305 1965 1406 2040 Suae
1435 1967 1616 2042 miserunt

116 2114 184 2186 pro
212 2092 333 2188 priina
362 2091 422 2164 die
451 2091 602 2165 ianuarii
632 2089 783 2165 solitum
805 2069 957 2177 munus}
974 2114 1111 2187 nempe
1130 2106 1293 2186 quatuor
1313 2090 1438 2165 Pullos
1453 2106 1492 2165 et
1512 2091 1615 2164 Mar-

117 2240 312 2312 zapanum.

810 2479 901 2559 249.

122 2641 257 2715 Utrum
284 2642 510 2741 dc'spntondo
537 2653 628 2717 esset
652 2645 692 2716 in
718 2644 875 2716 secondo
902 2641 1081 2716 insmntr'o
1107 2667 1219 2716 conso
1245 2642 1285 2714 in
1312 2666 1385 2740 quo
1405 2641 1624 2718 Decisc'ones.

192 2775 382 2840 moonotao
398 2767 564 2861 fuerant
589 2767 628 2841 in
647 2769 779 2865 primo
807 2767 994 2842 z'nslontr'o.

193 2922 310 2992 (Auen.
328 2920 416 2994 Rom,
440 2920 630 2982 «Dr'orium
651 2922 786 2994 Celsi»).

556 3099 559 3104 ⁵
609 3122 680 3194 Die
713 3145 760 3213 29
790 3120 975 3196 Novemb.
1012 3125 1125 3216 1647.

196 3338 406 3358 ......
437 3280 573 3355 deinde
600 3280 669 3354 suit
696 3295 833 3376 coepta
860 3281 1068 3376 disputatio
1105 3305 1303 3354 causarum
1341 3294 1379 3352 et
1416 3279 1611 3355 occasione

117 3405 340 3481 memorialis
368 3405 471 3502 quod
513 3407 750 3503 proponebat
788 3405 836 3482 D.
868 3405 1021 3479 Meltius
1048 3407 1084 3478 in
1113 3429 1227 3479 causa
1254 3387 1504 3480 Ravennatem
1544 3429 1610 3477 seu

120 3531 340 3606 Ferraricn.
384 3529 627 3604 Dominarum
655 3554 724 3629 pro
753 3530 929 3628 Capitulo
956 3547 997 3604 et
1028 3530 1165 3604 Caricis
1192 3546 1321 3604 contra
1351 3529 1536 3604 Dominos
1564 3527 1612 3602 de

115 3655 306 3742 Tassonis,
329 3655 398 3729 suit
421 3679 560 3754 magna
574 3655 832 3730 controversia
850 3655 947 3728 inter
966 3654 1054 3731 DD.
1075 3655 1294 3741 Proditores,
1311 3677 1359 3727 an
1378 3654 1477 3728 dicta
1496 3678 1612 3728 causa

116 3781 271 3856 deberet
297 3778 467 3876 expediri
495 3781 531 3853 in
560 3779 726 3854 secunda
754 3779 931 3853 instantia
953 3781 1099 3876 absque
1117 3779 1391 3875 disputatione:
1417 3803 1503 3852 narn
1523 3803 1611 3852 non·

118 3902 201 3979 nulli
215 3905 456 3980 affirmabant
470 3904 609 4001 stylum
629 3903 824 3979 tribunalis
843 3929 930 3978 esse
946 3905 1193 3978 indubitatum
1208 3903 1313 4000 quod
1328 3904 1480 4000 quando
1499 3928 1613 3978 causa

117 4029 149 4100 in
168 4030 288 4126 prima
307 4029 483 4104 instantia
501 4027 569 4100 suit
588 4028 760 4102 discussa
788 4043 828 4102 et
855 4043 1078 4102 emanarunt
1105 4026 1339 4111 Decisiones,
1370 4028 1405 4100 in
1435 4028 1610 4112 secunda,

117 4155 194 4228 sine
236 4154 492 4250 disputatione
528 4152 718 4248 expediri;
748 4153 816 4226 sed
845 4154 964 4226 maior
991 4177 1080 4248 pars
1108 4152 1267 4238 dicebat,
1298 4153 1369 4226 hoc
1405 4153 1611 4248 procedere

117 4280 268 4375 quando
295 4303 384 4375 pars
412 4302 486 4353 non
516 4304 558 4352 se
586 4279 762 4376 opponit;
798 4278 868 4351 sed
904 4277 1058 4374 quando
1094 4278 1205 4351 adest
1236 4278 1427 4374 oppositis
1462 4301 1612 4372 semper

116 4405 357 4478 consuevisse
399 4403 595 4502 disputari.
635 4403 685 4476 Et
721 4427 796 4500 ego
831 4401 895 4498 qui
932 4427 1033 4475 eram
1073 4402 1379 4498 corresponsalis‚
1419 4427 1502 4475 cum
1536 4427 1610 4476 non

116 4553 238 4604 essem
267 4529 314 4603 de
343 4529 556 4603 huiusmodi
584 4528 681 4624 stylo
710 4526 941 4612 informatus,
959 4527 1129 4603 dicebam
1149 4553 1235 4601 esse
1254 4526 1483 4624 impossibile
1502 4527 1612 4601 deve·

117 4655 193 4728 nire
220 4655 270 4728 ad
297 4654 576 4749 expeditionem
606 4653 686 4726 sine
713 4651 980 4747 disputatione,
1010 4669 1050 4726 et
1078 4652 1283 4727 reddebam
1313 4650 1506 4735 rationem,
1524 4653 1612 4746 quia

117 4779 145 4851 si
174 4803 248 4853 non
275 4803 400 4852 essem
428 4778 648 4852 informatus
667 4778 715 4850 de
734 4775 883 4861 iustitia,
907 4801 980 4850 non
1008 4793 1178 4874 poteram
1199 4793 1328 4850 votum
1348 4775 1515 4872 proferre
1534 4800 1610 4872 quo

117 4921 315 5000 propterea
344 4903 531 4977 sententia
554 4903 861 4976 confirmaretur:
891 4902 991 4975 unde
1020 4901 1226 4975 resolutum
1256 4899 1324 4973 fuit
1355 4899 1459 4995 quod
1496 4925 1610 4974 causa

115 5027 367 5124 disputaretur
380 5043 420 5102 et
447 5027 627 5101 darentur
646 5027 778 5101 dubia:
802 5051 853 5099 on
870 5027 1045 5100 sententio
1063 5034 1153 5099 esset
1168 5023 1435 5118 confirmando,
1459 5049 1531 5110 nec,
1553 5050 1608 5099 ne.
