3688 5924
202 261 236 320 12
815 264 951 322 Soeculo
971 263 1060 323 XIII

196 453 445 548 supprimens,
467 456 522 530 eis
549 455 625 530 lere
654 480 722 552 per
750 457 947 530 triennium
968 453 1041 530 no'n
1070 471 1130 530 est
1146 481 1250 528 usus.
1281 453 1460 529 Ceterum
1490 454 1535 526 R.
1571 451 1699 531 Cauo-

197 578 280 650 nico
309 578 468 675 Fayeusi
496 582 593 652 viam
629 580 805 654 universe
838 581 959 655 carnis
986 582 1171 679 ingresso,
1201 597 1240 654 et
1267 594 1356 652 tunc
1384 577 1523 652 nostris
1563 575 1699 650 litteris

197 702 377 776 iudicibus
414 708 653 799 presentatis,
691 721 731 779 et
773 707 995 782 auctoritate
1035 706 1242 780 litterarum
1278 705 1423 802 illarum
1466 704 1602 778 eodem
1645 701 1695 776 G.

199 841 394 901 vacantem
430 831 661 924 prebendam
698 831 767 905 sibi
804 830 914 906 tribui
950 830 1176 928 postulante,
1196 829 1292 904 licet
1330 827 1508 903 Canonici
1540 852 1564 899 a
1602 823 1698 898 iudi-

199 953 304 1027 cibus
332 954 510 1051 predictis
538 956 641 1030 citati
676 956 838 1030 termino
864 958 1070 1030 constituto
1097 957 1133 1028 in
1161 980 1292 1030 eorum
1328 954 1520 1050 presentia
1547 974 1700 1044 compa·

199 1094 335 1163 rerem,
357 1095 397 1152 et
423 1103 489 1154 eos
509 1105 556 1152 ex
585 1081 707 1154 causis
734 1080 910 1178 legitimis
938 1096 1165 1168 recusarent,
1195 1095 1322 1154 contra
1344 1079 1488 1154 litteras
1506 1076 1701 1172 exceptio-

200 1226 266 1275 nes
293 1203 481 1300 legitimas
508 1203 727 1302 allegantes,
760 1222 892 1302 utpote
920 1230 988 1301 per
1017 1203 1096 1279 salsi
1125 1205 1410 1304 suggestionem
1438 1219 1478 1276 et
1505 1203 1541 1274 in
1570 1197 1698 1273 multis

200 1329 312 1402 tacita
341 1329 499 1403 veritate
526 1355 549 1404 a
570 1331 669 1406 Sede
685 1330 905 1427 Apostolica
923 1334 1154 1427 impetratas,
1171 1331 1282 1404 iidem
1303 1344 1430 1402 tamen
1447 1325 1698 1400 obaudientes

199 1452 268 1525 bec
296 1455 429 1540 omnia,
461 1471 549 1550 post
575 1455 865 1551 appellationem
893 1456 943 1528 ad
962 1481 1031 1530 nos
1050 1455 1214 1554 legitime
1234 1452 1492 1550 interpositam
1515 1453 1551 1524 in
1571 1448 1700 1523 Cano·

199 1577 301 1652 nicos
319 1580 711 1654 excommunicationis
739 1581 962 1656 sententiam
990 1581 1236 1678 protulerunt,
1268 1595 1308 1653 et
1334 1579 1432 1654 illam
1464 1574 1699 1674 prebendam

198 1683 274 1798 que
302 1703 473 1800 rescripti
491 1707 635 1778 obtenti
654 1721 826 1801 tempore
845 1732 920 1780 uon
939 1708 1108 1791 vacabat,
1129 1705 1303 1780 iamdicto
1323 1705 1370 1779 G.
1388 1727 1462 1778 non
1481 1716 1570 1775 sunt
1587 1697 1699 1772 veriti

199 1828 405 1925 assignare,
434 1828 528 1902 fines
555 1831 764 1926 apostolice
793 1831 967 1904 iussionis
996 1832 1031 1903 in
1059 1833 1232 1905 omnibus
1260 1831 1498 1905 excedentes.
1521 1825 1698 1920 Cumque

199 1952 343 2026 dilectis
372 1952 454 2026 liliis
482 1955 602 2027 sancti
628 1953 756 2028 Iuliani
774 1971 847 2029 et..
868 1955 916 2028 de
937 1955 1116 2030 Fontanis
1135 1955 1349 2031 Abbatibus
1367 1971 1406 2028 et
1419 2013 1438 2028 ..
1469 1951 1698 2026 Subdecauo

200 2077 299 2150 beati
332 2077 484 2150 Martini
520 2079 752 2154 Turonensis
790 2081 1004 2154 dederimus
1043 2081 1078 2153 in
1110 2081 1297 2154 mandatis
1342 2079 1446 2176 quod
1491 2077 1522 2150 si
1561 2075 1700 2148 dictam

197 2201 588 2276 excommunicationis
616 2205 840 2278 sententiam
868 2205 1076 2278 invenirent
1107 2220 1196 2301 post
1231 2204 1519 2300 appellationem
1549 2199 1598 2276 ad
1626 2225 1701 2272 nos

198 2325 364 2424 legitime
392 2328 650 2423 interpositam
678 2327 793 2403 luisse
811 2330 1009 2433 prolatam,
1030 2331 1150 2426 ipsam
1169 2329 1433 2404 denuntiarent
1451 2328 1601 2424 penitus
1622 2349 1699 2398 non

200 2466 342 2540 tenere,
360 2452 523 2549 alioquin
551 2454 672 2526 abeis
691 2469 844 2549 recepta
863 2455 1040 2528 iuratoria
1059 2455 1229 2529 cautione
1248 2479 1362 2548 super
1381 2455 1450 2528 hiis
1468 2477 1539 2549 pro
1558 2451 1700 2547 quibus

192 2577 590 2652 excommunicationis
627 2579 812 2652 sententie
852 2581 1106 2664 subiacebaut,
1145 2577 1392 2655 absolutionis
1423 2578 1516 2673 ipsis
1557 2575 1699 2650 benefi-

200 2702 295 2775 cium
324 2701 585 2797 impendendo,
616 2727 659 2776 ac
677 2703 841 2777 iniuncto
870 2704 973 2798 quod
1001 2705 1140 2801 iniungi
1167 2703 1322 2778 deberet
1345 2703 1393 2776 de
1411 2703 1502 2786 iure,
1523 2701 1698 2774 audirent

199 2843 239 2898 et
256 2827 385 2900 debito
405 2827 476 2899 fine
495 2827 712 2902 deciderent
740 2828 771 2901 si
789 2831 880 2925 quid
899 2846 1114 2928 emergeret
1132 2829 1349 2926 questionis,
1368 2853 1491 2901 coram
1505 2887 1526 2902 ..
1544 2826 1698 2900 Abbate

199 2952 246 3024 de
268 2951 448 3026 Fontanis
466 2969 537 3026 et..
559 2953 784 3028 Subdecano
812 2955 912 3028 beati
932 2953 1083 3027 Martini
1108 2954 1338 3028 Turonensis
1357 2952 1526 3050 partibus
1545 2973 1701 3046 compa·-

200 3077 366 3150 rentibus
402 3077 559 3150 termino
602 3077 786 3173 prefinito,
822 3078 978 3179 collega,
1020 3082 1131 3153 tertio
1169 3105 1210 3153 se
1248 3104 1321 3153 non
1358 3102 1473 3175 posse
1514 3077 1701 3149 interesse

200 3202 354 3298 negotio
382 3226 450 3297 per
477 3220 620 3275 certum
648 3205 816 3276 nuntium
844 3221 1060 3288 excusante,
1091 3205 1201 3280 iidem
1229 3206 1332 3278 iuxta
1355 3219 1569 3276 nostrarum
1598 3199 1700 3272 litte-

199 3351 322 3400 rarum
356 3343 525 3400 tenorem
554 3353 599 3400 ea
628 3328 814 3401 sententia
841 3352 919 3424 qua
946 3330 1164 3404 dicebantur
1191 3329 1294 3427 ligati
1332 3327 1544 3402 Canonicos
1571 3325 1699 3398 absol-

199 3468 343 3533 verunt,
374 3453 442 3524 sed
471 3477 554 3524 cum
583 3475 672 3546 pars
699 3451 770 3525 alia
797 3470 1025 3547 provocaret
1051 3471 1091 3526 et
1118 3456 1240 3528 varias
1274 3467 1504 3548 proponeret
1532 3452 1699 3526 rationes

198 3600 314 3672 quare
344 3574 555 3648 Canonicos
583 3574 781 3649 absolvere
811 3601 884 3648 non
912 3578 1105 3662 deberent,
1136 3596 1176 3651 et
1212 3603 1326 3673 super
1363 3576 1601 3651 revocatione
1638 3572 1699 3647 lit·

199 3718 364 3776 terarum
391 3701 568 3796 priorum,
583 3758 604 3772 ..
628 3701 776 3774 Abbate
804 3703 923 3774 sancti
943 3701 1070 3775 Iuliani
1089 3720 1128 3776 et
1146 3704 1280 3778 eodem
1300 3702 1526 3777 Subdecano
1545 3724 1614 3796 pro
1633 3701 1699 3772 tri-

198 3824 323 3900 bunali
342 3824 572 3910 sedentibus
596 3827 690 3899 inter
709 3842 838 3921 partes
857 3827 967 3900 luerit
984 3825 1198 3922 aliquandiu
1217 3827 1413 3926 litigatum,
1435 3827 1507 3923 ipsi
1526 3827 1601 3899 duo
1617 3824 1698 3898 sine

197 3950 270 4024 alio
299 3950 502 4036 coniudice,
532 3952 596 4046 qui
615 3977 727 4026 cause
757 3953 928 4026 tractatui
959 3954 1096 4026 adesse
1126 3952 1288 4040 nolebat,
1310 3954 1405 4027 sicut
1428 3954 1482 4026 eis
1511 3975 1579 4047 per
1608 3975 1698 4024 suas

198 4076 342 4150 litteras
371 4076 568 4162 intimarat,
589 4077 638 4149 ad
659 4101 728 4150 nos
757 4079 946 4172 scriptum,
969 4076 1098 4176 sigillis
1126 4079 1287 4174 propriis
1307 4081 1523 4152 roboratum
1551 4092 1590 4150 et
1609 4099 1698 4170 pro·
1813 4087 1829 4142 l

200 4225 347 4274 cessum
376 4199 490 4272 totius
519 4201 660 4296 negotii
689 4201 894 4287 continens,
916 4202 1161 4278 destinarunt.
1185 4203 1256 4276 Pro
1280 4221 1317 4276 te
1346 4204 1499 4298 insuper
1524 4224 1696 4274 asserere

200 4325 377 4398 studuisti
407 4324 509 4419 quod
528 4341 616 4419 post
640 4325 684 4399 R.
706 4325 841 4420 prelati
860 4326 1058 4400 decessum
1077 4328 1126 4400 ad
1145 4327 1404 4422 Apostolicam
1425 4326 1563 4400 Sedem
1588 4349 1696 4398 acce-

198 4450 303 4534 dens,
334 4464 465 4522 nostro
493 4451 721 4544 apostolatui
749 4453 925 4526 reserasti
956 4453 1060 4548 quod
1093 4479 1176 4527 cum
1209 4453 1256 4526 de
1289 4452 1467 4528 mandato
1499 4464 1629 4525 nostro
1658 4465 1698 4520 et

197 4573 367 4647 eiusdem
407 4571 623 4648 Hostiensis
669 4575 846 4672 Episcopi
892 4578 1001 4650 Sedis
1036 4576 1257 4674 Apostolice
1299 4595 1386 4652 tunc
1428 4577 1542 4674 legati
1579 4575 1615 4647 in
1650 4597 1697 4646 ea

199 4698 376 4784 Ecclesia,
415 4699 452 4771 in
488 4725 564 4796 qua
599 4699 835 4775 deservieras
867 4703 917 4774 ab
949 4716 1051 4776 etate
1088 4704 1267 4798 primeva,
1301 4727 1369 4776 sex
1396 4701 1560 4776 sextaria
1596 4699 1696 4772 bladi

200 4825 414 4920 perciperes
441 4824 632 4897 annuatim
667 4829 787 4898 donec
821 4843 1041 4922 competens
1074 4825 1367 4902 ecclesiasticum
1404 4825 1622 4902 beneficium
1659 4823 1695 4896 io

198 4948 389 5044 prebenda
416 4946 476 5022 vel
503 4949 589 5024 alibi
618 4973 687 5044 per
714 4949 832 5046 ipsius
861 4949 1072 5025 Canonicos
1101 4951 1300 5038 obtineres,
1331 4951 1417 5025 licet
1443 4951 1531 5024 inibi
1561 4950 1695 5024 eadem

199 5089 350 5146 vacaret
385 5073 589 5169 prebenda,
628 5097 741 5169 quam
783 5074 862 5147 lere
898 5099 1031 5148 omnes
1069 5075 1248 5150 Canonici
1281 5076 1447 5150 Ecclesie
1489 5091 1695 5148 memorate

198 5197 263 5270 tibi
291 5195 558 5272 desiderabant
585 5197 764 5284 conferre,
796 5195 894 5270 illam
922 5213 1047 5272 tamen
1076 5201 1206 5295 paucis
1225 5200 1513 5297 impedientibus
1541 5199 1695 5295 assequi

197 5345 271 5394 non
293 5322 457 5395 valebas.
491 5321 602 5394 Unde
630 5321 776 5396 dilectis
803 5321 886 5395 filiis
915 5324 961 5398 A.
993 5321 1235 5411 Cancellario,
1268 5325 1313 5401 R.
1343 5309 1692 5424 Archipresbytero,
