3720 5914
768 341 906 402 Nicolao
932 342 961 402 V
1565 341 1617 400 143

189 533 242 608 Et
261 537 418 631 insuper
436 561 518 609 cum
537 551 666 611 nostre
685 535 788 609 firme
807 537 1023 610 intentionis
1041 537 1177 610 existat
1193 537 1295 633 quod
1311 537 1397 610 dicti
1412 537 1617 611 Auditores

109 673 149 732 et
176 658 458 734 Locatenentes
490 675 688 757 presentes
724 685 769 734 ac
806 661 917 734 futuri
952 662 988 735 in
1025 663 1260 736 assecutione
1294 685 1617 757 quorumcumque

109 783 378 858 beneficiorum
397 781 732 860 ecclesiasticorum
758 786 890 884 vigore
917 786 1236 881 expectativarum
1265 785 1481 881 specialium
1500 811 1616 860 reser-

112 909 319 996 vationum,
341 910 602 984 mandatorum
622 934 665 982 ac
676 910 839 983 aliarum
854 935 1174 1008 quarumcumque
1189 911 1396 1008 gratiarum
1410 912 1617 986 concessio-

114 1059 203 1106 num
221 1051 261 1107 et
282 1035 491 1108 litterarum
519 1035 575 1107 eis
604 1059 674 1131 pro
702 1052 874 1130 tempore
902 1059 1165 1109 concessarum
1194 1037 1368 1110 omnibus
1396 1052 1435 1110 et
1460 1037 1617 1134 singuiis

113 1158 209 1245 aliis,
231 1159 493 1233 Cardinalibus
512 1157 668 1254 prefatis
682 1161 878 1232 dumtaxat
897 1161 1076 1256 exceptis,
1095 1176 1137 1232 ut
1150 1161 1345 1256 prefertur,
1362 1161 1619 1256 preferrantur

116 1299 155 1355 et
173 1284 330 1379 preferri
350 1283 523 1368 debeant,
541 1308 588 1356 ne
612 1283 683 1379 ipsi
701 1285 736 1357 in
756 1285 992 1358 assecutione
1012 1284 1225 1358 huiusmodi
1244 1309 1313 1382 per
1330 1285 1423 1359 alias
1442 1301 1619 1382 expecta-

116 1409 212 1482 tivas
240 1409 392 1506 gratias,
422 1408 631 1495 facultates,
657 1409 941 1498 reservationes,
972 1410 1161 1498 mandata,
1183 1411 1350 1496 uniones,
1376 1411 1617 1498 annexiones,

115 1535 387 1631 prerogativae,
408 1534 669 1621 antelationes,
695 1531 979 1619 declarationes
1005 1535 1055 1608 ad
1073 1536 1130 1608 ius
1149 1558 1347 1610 commune
1366 1536 1616 1620 reductiones,

113 1657 263 1755 aliaque
282 1657 486 1755 privilegia,
510 1659 773 1734 concessiones
791 1677 831 1733 et
850 1659 1002 1746 indulta,
1025 1684 1168 1734 necnon
1190 1659 1501 1744 Constitutiones,
1522 1661 1617 1734 ordi-

115 1784 288 1857 nationes
306 1799 346 1857 et
360 1785 512 1881 regulas
532 1809 602 1881 per
620 1808 690 1858 nos
705 1783 831 1858 forsan
846 1786 1090 1880 imposterum
1107 1787 1348 1859 concedenda
1363 1811 1430 1858 seu
1449 1784 1620 1859 facienda

114 1909 377 2005 impediantur,
399 1934 467 1984 seu
495 1910 565 1982 illis
593 1933 664 2005 pro
683 1924 855 2004 tempore
874 1933 1054 1983 concesse
1072 1909 1194 2008 gratie
1217 1935 1261 1984 ac
1279 1926 1476 2005 presentes
1495 1910 1619 1984 littere

115 2033 403 2129 quomodolibet
431 2035 569 2108 viribus
597 2049 637 2108 et
670 2033 804 2108 effectu
825 2048 1064 2116 evacuentur,
1095 2060 1143 2107 ex
1163 2057 1260 2107 nunc
1295 2036 1543 2122 decernimus,
1575 2061 1619 2109 ac

117 2173 248 2232 nostre
281 2156 495 2232 intentionis
533 2183 619 2231 esse
656 2173 696 2231 et
723 2158 828 2254 quod
865 2181 1015 2253 semper
1042 2158 1113 2230 erit
1141 2156 1386 2244 declaramus,
1417 2163 1520 2255 quod
1549 2163 1621 2234 sub

115 2282 187 2354 illis
215 2279 362 2354 etiamsi
390 2283 437 2356 de
477 2283 570 2378 ipsis
598 2262 837 2379 presentibus
863 2307 907 2355 ac
935 2283 984 2356 de
1021 2283 1130 2356 dictis
1158 2284 1405 2358 Auditoribus
1434 2299 1472 2356 et
1500 2285 1620 2358 Loca-

116 2405 285 2480 tentibus
313 2404 351 2478 in
377 2405 551 2480 Romana
580 2405 695 2478 Curia
722 2407 960 2502 presentibus
988 2421 1027 2479 et
1053 2423 1138 2479 actu
1168 2407 1288 2481 officia
1316 2409 1484 2503 predicta
1510 2433 1619 2483 exer-

116 2533 288 2607 centibus
307 2530 478 2628 specialis
497 2530 671 2627 specifica
692 2547 732 2604 et
750 2555 943 2627 expressa,
965 2544 1031 2603 aut
1049 2557 1118 2628 per
1135 2531 1281 2627 aliquas
1300 2532 1499 2631 generales
1518 2532 1621 2607 clau-

115 2658 219 2731 sulas
252 2655 463 2754 specificam
491 2656 717 2729 mentionem
746 2654 1004 2750 importantes,
1036 2657 1175 2728 mentio
1193 2656 1257 2730 fiat
1276 2673 1315 2729 et
1335 2656 1405 2730 illis
1423 2677 1618 2752 expresse,

116 2783 294 2881 derogari
323 2782 494 2855 videatur
526 2797 566 2855 et
599 2781 814 2879 derogetur,
846 2795 972 2854 tamen
1008 2782 1080 2855 sub
1107 2781 1197 2876 ipsis
1226 2781 1312 2855 dicti
1340 2781 1547 2855 Auditores
1580 2801 1621 2857 et

115 2907 393 2981 Locatenentes
420 2930 463 2979 ac
490 2903 703 2979 huiusmodi
731 2921 928 3001 presentes
956 2921 1084 2978 nostre
1112 2904 1233 2979 littere
1271 2905 1483 2979 nullatenus
1518 2930 1620 2980 com-

114 3031 409 3127 prehendantur,
426 3053 494 3106 nec
513 3054 581 3126 per
607 3029 668 3103 ilfa
696 3045 930 3113 revocentur,
952 3045 1017 3103 aut
1035 3028 1089 3102 eis
1109 3031 1292 3126 dictisque
1313 3029 1560 3105 Auditoribus
1580 3048 1620 3105 et

116 3155 432 3231 Locatenentibus
451 3156 487 3228 in
514 3157 751 3229 assecutione
770 3153 914 3250 prefata
933 3154 1183 3250 preiudicetur
1203 3179 1269 3230 seu
1289 3153 1509 3251 preiudicari
1527 3181 1620 3253 quo·

115 3280 323 3357 modolibet
342 3280 472 3377 possit,
495 3279 565 3353 nisi
591 3281 628 3352 in
660 3281 715 3354 eis
742 3279 954 3353 huiusmodi
974 3295 1172 3374 presentes
1195 3305 1278 3352 cum
1307 3304 1436 3354 earum
1463 3281 1552 3354 data
1571 3282 1620 3355 de

116 3407 235 3481 verbo
263 3406 312 3478 ad
338 3407 495 3478 verbum
522 3405 734 3478 inserantur
760 3429 803 3478 ac
832 3407 879 3477 de
905 3403 1124 3490 nominibus,
1147 3405 1441 3502 cognominibus,
1464 3405 1619 3501 qualita-

117 3534 219 3606 tibus
247 3529 443 3604 cuiuslibet
470 3529 696 3602 Auditorum
715 3545 755 3603 et
774 3527 1082 3603 Locatenentium
1102 3517 1355 3624 predictorum
1376 3553 1419 3602 ac
1438 3552 1507 3625 per
1526 3547 1620 3626 quot

116 3683 239 3730 annos
267 3655 480 3730 huiusmodi
508 3679 638 3728 eorum
657 3653 787 3728 officiis
806 3654 1017 3727 insteterint
1034 3678 1078 3726 ac
1097 3655 1145 3726 de
1164 3652 1328 3738 scientia,
1350 3656 1481 3752 gradu,
1504 3670 1617 3743 etate,

118 3801 292 3877 tempore
320 3779 493 3876 specifico
523 3805 591 3852 sue
618 3778 865 3865 admissionis,
897 3778 945 3851 de
973 3778 1056 3851 loco
1083 3777 1247 3875 originis,
1270 3777 1443 3864 Ciuitate,
1467 3779 1618 3867 Castro,

117 3907 205 3980 villa
232 3931 276 3978 ac
304 3904 399 3981 dioc.
430 3903 601 4001 specialis
627 3903 799 4000 specifica
827 3918 867 3976 et
894 3927 1075 4000 expressa
1094 3926 1169 3976 non
1188 3919 1314 3976 autem
1334 3928 1404 3999 per
1421 3905 1619 4002 generales

116 4035 231 4106 etiam
247 4054 465 4126 expressam
486 4030 711 4103 mentionem
731 4028 977 4125 importantes
996 4028 1192 4114 clausulas,
1211 4045 1253 4101 ut
1267 4030 1463 4126 prefertur,
1480 4032 1620 4104 mentio

117 4159 217 4231 facta
244 4155 372 4243 fuerit;
394 4155 485 4251 quin
501 4178 590 4251 ymo
618 4154 771 4228 eosdem
792 4154 998 4227 Auditores
1025 4170 1064 4227 et
1091 4154 1346 4228 locatenentes
1365 4171 1561 4251 presentes
1581 4171 1620 4228 et
1734 4181 1740 4192 ·

117 4283 233 4356 futuri
261 4305 283 4354 a
311 4279 503 4376 premissis
531 4280 704 4352 omnibus
723 4295 763 4352 et
782 4278 938 4378 singulis
957 4279 1105 4373 excepti
1133 4279 1208 4352 sint
1226 4293 1265 4352 et
1283 4305 1368 4352 esse
1397 4298 1620 4354 censeantur

117 4431 163 4481 ac
192 4405 336 4480 censeri
363 4419 402 4478 et
430 4404 583 4477 iudicari
611 4404 786 4478 debeant.
818 4403 904 4478 Non
931 4403 1170 4478 obstantibus
1190 4405 1382 4498 premissis
1410 4429 1453 4479 ac
1474 4405 1619 4478 Consti-

118 4532 326 4605 tutionibus
359 4543 399 4603 et
425 4529 721 4604 ordinationibus
749 4529 966 4625 apostolicis
994 4527 1206 4626 ceterisque
1239 4529 1432 4604 contrariis
1464 4531 1620 4625 quibus-

119 4679 294 4750 cumque.

202 4777 345 4853 Verum
374 4777 462 4874 quia
491 4777 635 4851 difficile
664 4775 771 4860 foret,
802 4775 1031 4873 prescriptas
1058 4775 1369 4871 predecessorum
1407 4793 1621 4851 nostrorum

119 4929 164 4976 ac
200 4918 398 5000 presentes
435 4917 586 4975 nostras
613 4902 758 4976 litteras
786 4901 836 4974 ad
871 4893 1107 4996 quecumque
1134 4901 1217 4975 loca
1252 4902 1399 4975 deferre
1427 4917 1466 4976 et
1494 4927 1619 4976 coram

118 5028 278 5104 diversis
307 5027 488 5102 iudicibus
525 5026 743 5100 iudicialiter
769 5025 988 5121 producere,
1019 5041 1060 5098 et
1097 5026 1265 5124 singulos
1294 5026 1499 5101 Auditores
1536 5053 1621 5124 pre-

119 5155 243 5229 dictos
269 5153 351 5227 illas
379 5151 519 5226 habere
550 5150 734 5238 volumus,
755 5166 794 5224 et
821 5149 954 5223 eadem
986 5151 1210 5225 auctoritate
1238 5150 1482 5238 decernimus,
1518 5153 1621 5248 quod

118 5283 287 5378 ipsorum
306 5291 544 5372 transumpto
565 5301 675 5350 manu
694 5275 841 5373 publica
861 5275 1010 5372 signato
1029 5289 1068 5346 et
1086 5277 1272 5348 communi
1292 5275 1413 5372 sigillo
1436 5277 1620 5351 dictorum

120 5407 349 5481 Auditorum
391 5403 544 5490 munito,
578 5400 689 5498 plena
717 5399 812 5476 fides
846 5400 1070 5474 adhibeatur
1105 5415 1145 5471 et
1180 5399 1216 5473 in
1258 5400 1392 5475 iudicio
1429 5425 1473 5476 ac
1500 5417 1618 5490 extra,
