3686 5916
837 312 975 372 Soccuto
993 310 1117 372 XVIII

934 665 1023 744 463.

228 831 279 906 Os
306 834 495 907 clauditur
521 841 557 905 et
581 833 752 930 aperitur
778 828 879 930 de.
899 829 1127 902 Matthaeio:
1153 829 1338 903 oratz'uncs
1364 829 1512 903 Decani
1536 828 1608 902 luzc
1636 856 1729 903 occa·
1834 865 1835 920 ς

306 968 404 1033 sium
420 958 519 1054 fieri
542 967 739 1033 consuetae.

305 1113 420 1187 (Accu.
439 1113 528 1186 Ros,
552 1113 741 1174 ‹Drurium
769 1111 973 1172 Vr'cecomitis
985 1113 1023 1186 ι).

751 1309 846 1385 Ven.
876 1333 915 1382 111
946 1309 1061 1384 Xbris
1096 1316 1206 1404 1761.
1270 1359 1275 1369 -

309 1474 539 1547 Matthaeius
567 1498 637 1570 pro
665 1475 785 1570 prima
811 1473 892 1548 vice
920 1473 987 1545 suit
1015 1473 1259 1558 introductus,
1291 1471 1401 1568 eique
1428 1495 1499 1567 pro
1527 1471 1626 1546 Rriro
1657 1469 1732 1542 De-

227 1624 333 1686 can0,
364 1624 391 1672 r.
422 1624 458 1695 p.
488 1598 524 1672 d.
556 1599 698 1673 Priolus
726 1625 770 1672 os
799 1597 932 1672 clausit
960 1599 1062 1671 iuxta
1091 1623 1242 1685 morem,
1281 1597 1407 1670 habita
1444 1595 1619 1691 sequenti
1646 1621 1732 1669 ora-

229 1721 354 1796 tione:

316 1849 438 1923 <Non
467 1873 576 1922 secus
603 1875 647 1922 ac
676 1849 899 1946 Pytagorico
927 1871 1084 1922 musaeo
1102 1845 1302 1942 adscriptis
1322 1843 1600 1942 quinquennale
1619 1843 1732 1917 silen-

229 1973 320 2046 tium
348 1963 590 2056 indicebatur,
621 1975 672 2046 ita
700 1973 736 2046 in
765 1973 948 2070 promotis
981 1986 1112 2072 nostro
1149 1971 1344 2046 consessui
1378 1967 1574 2044 laudabilis
1609 1971 1733 2066 stylus

229 2098 382 2171 invaluit
422 2099 645 2172 taciturnam
687 2097 941 2173 assistentiam
987 2122 1183 2170 causarum
1229 2095 1407 2169 decisioni
1453 2093 1733 2190 praemittendi.

232 2223 330 2297 Hinc
357 2225 580 2298 auctoritate
609 2225 766 2299 istorum
796 2223 947 2297 Patrum
984 2237 1023 2296 et
1059 2247 1108 2297 ex
1143 2221 1388 2318 permissione
1426 2220 1559 2294 Revriri
1590 2219 1734 2292 Decani
1834 2231 1835 2298 ἒ

230 2371 275 2422 os
305 2348 368 2423 tibi
396 2346 540 2434 claudo
571 2365 614 2422 ut
641 2365 792 2423 nostros
820 2374 912 2422 usus
944 2364 983 2422 et
1019 2346 1171 2421 ordines
1207 2345 1386 2419 acciendo
1414 2361 1452 2419 et
1479 2345 1731 2432 observando,
1834 2417 1835 2420 ,

231 2489 297 2545 tua
323 2472 616 2569 iurisprudentia
644 2487 701 2546 tot
728 2473 945 2546 muneribus
973 2473 1115 2544 Annae
1142 2486 1181 2543 et
1204 2470 1241 2542 in
1258 2469 1498 2565 transalpinis
1518 2470 1735 2568 regionibus

231 2598 386 2695 egregie
413 2597 587 2684 exercita,
618 2615 771 2672 nostrae
790 2599 916 2694 praxis
936 2569 1151 2670 fulcimento
1170 2597 1341 2680 adaucta,
1363 2594 1566 2692 perfectius
1585 2595 1732 2680 emicet,

231 2721 333 2796 iuxta
371 2725 552 2797 monitum
587 2722 801 2797 Salomonis
839 2724 873 2796 in
909 2723 1117 2820 proverbiis
1150 2721 1362 2794 “Audiens
1391 2720 1558 2817 sapidus,
1589 2721 1733 2816 sapien·

234 2845 307 2920 tior
333 2847 404 2920 erit
425 2905 446 2934 „
467 2874 502 2922 1.

973 3003 992 3046 ’it

938 3065 1027 3109 *11

706 3204 779 3278 Die
814 3209 859 3277 16
891 3201 1111 3277 Decembris
1147 3207 1258 3296 1761.

221 3369 224 3372 ’
320 3365 580 3440 <Orationem
610 3365 758 3440 silentio
786 3364 1058 3442 succedaneam
1087 3361 1273 3437 suadebat
1299 3361 1488 3458 Jsocrates
1515 3364 1551 3437 in
1572 3364 1615 3438 iis
1635 3389 1735 3460 quae
1834 3397 1835 3470 ᾗ

232 3489 391 3564 fuissent
417 3493 513 3566 bene
541 3506 742 3587 perspecta
769 3508 809 3564 et
836 3488 883 3563 de
911 3490 1048 3586 quibus
1081 3487 1224 3562 dictum
1260 3503 1320 3562 est
1348 3491 1619 3564 necessarium:
1649 3517 1733 3563 cum

233 3615 361 3711 itaque
390 3616 608 3689 methodum
649 3615 861 3690 Tribunalis
902 3616 998 3691 bene
1040 3613 1280 3709 perspexeris
1321 3628 1360 3687 et
1401 3637 1555 3687 necesse
1592 3615 1734 3688 habeas

234 3741 425 3814 nobiscum
460 3743 519 3814 ius
554 3741 690 3828 dicere,
729 3743 952 3816 auctoritate
992 3739 1096 3813 istor.
1135 3737 1284 3811 Patrum
1327 3753 1367 3813 et
1407 3764 1455 3813 ex
1488 3740 1734 3835 permissione

235 3865 367 3938 Revffri
397 3864 445 3938 D.
478 3863 620 3937 Decani
648 3888 692 3938 os
721 3866 786 3939 tibi
812 3867 998 3961 aperio».

940 4199 1029 4277 464.

243 4365 350 4438 Vetus
377 4363 495 4436 Rotae
521 4360 627 4434 sutus
644 4361 884 4436 instauratur
900 4361 1069 4434 examini
1082 4361 1297 4435 rubiz'ciendi
1311 4360 1552 4435 admittendos
1568 4363 1610 4436 in
1628 4387 1734 4436 uorsus

315 4491 433 4564 Rotae
459 4487 640 4561 Notarius
657 4531 684 4542 -
706 4487 860 4560 istorum
879 4485 1036 4581 officiium
1054 4487 1211 4560 vocabule
1229 4530 1255 4541 -
1266 4489 1444 4587 pccum'uc
1461 4487 1516 4560 vis
1534 4488 1574 4561 in
1591 4513 1734 4562 summa

313 4623 539 4690 scutatorum
566 4635 638 4686 120
664 4637 771 4686 sucro
804 4611 1005 4684 Tribunali
1028 4611 1210 4685 soluenda.

314 4769 535 4846 (Ancu.Rcr1.,
558 4767 744 4827 «Dzurium
764 4767 938 4826 Camerata
950 4771 985 4838 ι).

746 4968 876 5041 Lunae
905 4971 927 5040 8
958 4967 1083 5040 Martii
1118 4973 1230 5060 1762.

316 5135 356 5208 In
384 5129 672 5206 desuetudinem
699 5129 844 5203 abierat
872 5144 913 5201 ut
941 5128 1086 5202 Notarii
1104 5127 1141 5201 in
1162 5127 1281 5202 Sacro
1299 5126 1491 5202 Tribunali
1513 5127 1734 5202 admittendi

237 5259 511 5335 subiicerentur
537 5254 697 5330 examini
724 5254 809 5326 Rmi
840 5253 982 5327 Decani
1010 5251 1137 5349 quoad
1164 5277 1295 5327 eorum
1325 5253 1359 5325 in
1393 5253 1515 5326 officio
1550 5253 1731 5350 peritiam,

234 5401 272 5460 et
300 5359 343 5458 in⁰
363 5382 533 5480 qualibet
560 5379 804 5453 renovatione
833 5393 940 5451 scuta
974 5402 1045 5451 120
1074 5377 1197 5451 eidem
1228 5377 1346 5451 Sacro
1372 5377 1564 5451 Tribunali
1591 5377 1735 5473 persol-
