3708 5918
237 326 275 386 80
870 323 1007 381 Soeculo
1026 321 1113 382 XIV

238 515 413 588 sitionem
453 515 510 587 vel
538 515 797 610 privationem,
829 539 896 586 seu
926 512 1209 587 translationem
1237 528 1304 586 aut
1344 516 1510 588 muneris
1543 541 1742 589 consecra-

237 639 349 713 tionis
377 639 664 734 suspensionem
693 663 762 733 per
790 637 904 710 felicis
934 637 1204 710 recordationis
1234 637 1440 713 Iohannem
1460 664 1597 736 papam
1618 638 1740 722 XXn,

237 765 549 858 predecessorem
579 781 762 848 nostrum,
793 788 858 834 seu
879 763 961 835 eius
990 764 1225 844 auctoritate,
1248 762 1377 844 lactas,
1407 778 1447 837 et
1475 789 1544 859 per
1572 789 1652 849 nos,
1675 791 1742 836 seu

236 891 459 962 auctoritate
490 903 630 970 nostra,
661 889 695 959 in
725 905 837 960 antea
857 888 1048 960 iaciendas
1068 887 1244 962 ubilibet:
1267 912 1411 961 necnon
1434 889 1463 961 si
1493 890 1619 962 forsan
1647 905 1744 962 tem-

237 1038 329 1110 pore
358 1015 430 1086 iam
459 1013 546 1085 dicti
575 1011 858 1108 predecessoris
887 1012 1001 1107 aliqui
1030 1014 1064 1084 in
1094 1011 1294 1085 concordia
1323 1013 1381 1085 vel
1411 1014 1598 1087 discordia
1634 1013 1743 1087 electi

237 1139 296 1210 vel
324 1137 504 1233 postulati
525 1136 661 1209 luerint
681 1161 839 1232 quorum
860 1135 995 1209 electio
1015 1151 1165 1210 cassata
1195 1135 1254 1208 vel
1287 1135 1492 1232 postulatio
1513 1137 1665 1234 repulsa
1683 1136 1744 1210 vel

240 1287 306 1357 per
332 1289 400 1336 eos
429 1263 525 1334 sacta
554 1261 780 1335 renuntiatio
810 1279 848 1335 et
877 1263 1045 1334 admissa
1074 1287 1142 1357 per
1171 1262 1292 1357 ipsum
1322 1261 1644 1358 predecessorem,
1683 1263 1743 1335 vel

240 1389 464 1460 auctoritate
493 1387 620 1482 ipsius,
652 1388 828 1471 extiterit,
861 1411 927 1460 seu
956 1411 1114 1482 quorum
1135 1385 1341 1460 electorum
1371 1413 1437 1461 seu
1468 1389 1744 1484 postulatorum

240 1529 280 1584 et
299 1512 334 1583 in
349 1528 460 1584 antea
476 1510 737 1608 eligendorum
754 1535 819 1583 seu
841 1510 1152 1606 postulandorum
1168 1535 1212 1582 ac
1232 1511 1523 1614 renuntiantium
1543 1511 1745 1584 electiones

242 1637 393 1720 cassari,
426 1637 483 1708 vel
513 1636 804 1730 postulationem
827 1634 965 1730 repelli,
987 1651 1052 1708 aut
1072 1635 1385 1708 renuntiationem
1415 1636 1560 1708 admitti
1589 1661 1657 1731 per
1676 1659 1746 1709 nos

245 1760 301 1834 vel
320 1762 543 1834 auctoritate
564 1776 702 1842 nostra,
725 1761 963 1857 contingeret
980 1760 1082 1854 apud
1102 1761 1230 1832 sedem
1251 1761 1458 1854 predictam
1488 1761 1546 1833 νε]
1566 1761 1650 1834 alibi
1669 1762 1745 1834 ubi·
1837 1836 1840 1855 ,

244 1912 416 1982 cumque.
457 1888 512 1957 Ac
540 1885 653 1958 etiam
682 1909 751 1981 per
778 1885 920 1958 obitum
942 1885 1182 1958 cardinalium
1207 1887 1375 1958 eiusdem
1405 1885 1561 1960 ecclesie
1590 1910 1745 1959 romane

244 2037 287 2082 ac
307 2009 511 2084 offitialium
532 2011 630 2082 dicte
649 2010 750 2084 sedis
769 2010 964 2083 videlicet:
990 2009 1208 2094 Camerarii,
1240 2011 1543 2098 Vz'cecancellarr'i,
1565 2012 1742 2084 Notario-

246 2162 343 2223 rum,
363 2135 562 2208 Audz'lorz's
578 2135 791 2208 litterarum
812 2135 1147 2222 Contradz'ctarum,
1168 2159 1214 2208 ΕΤ
1242 2159 1455 2210 nrosromer
1479 2158 1625 2210 rmnrn
1653 2159 1745 2208 cnu-

246 2281 370 2334 sunun
386 2262 631 2347 Aunnouuu,
652 2259 906 2334 correctorum
920 2287 963 2333 ac
977 2259 1207 2357 Scriptorum
1225 2261 1436 2334 litterarum
1450 2262 1742 2360 apostolicarum,

246 2413 289 2458 ac
309 2385 656 2482 penitentiarz'orum
677 2385 827 2483 prefate
853 2384 970 2459 sedis:
996 2412 1039 2459 ac
1067 2385 1372 2458 Abbrevz'atorum
1409 2412 1544 2459 necnon
1570 2412 1744 2460 commen-

246 2510 381 2583 salium
399 2518 434 2582 εί
451 2533 619 2584 turonum
643 2531 909 2594 Quonuuursnr
925 2510 1234 2584 Caranusuonun
1249 2533 1353 2584 sams
1367 2533 1543 2586 mussan.
1565 2511 1614 2584 Et
1631 2512 1744 2584 etiam

247 2659 571 2730 quorumcumque
590 2633 799 2732 legatorum
820 2635 899 2706 sive
918 2635 1143 2708 Nuntiorum
1162 2660 1206 2707 ac
1225 2637 1261 2708 in
1282 2636 1390 2708 terris
1405 2637 1577 2709 Romane
1589 2633 1746 2711 ecclesie

248 2777 434 2833 rectorum
462 2775 502 2832 et
521 2761 851 2842 thesaurariorum,
873 2784 943 2854 per
966 2760 1104 2832 dictum
1124 2759 1327 2833 iohannem
1346 2761 1665 2854 predecessorem,
1688 2759 1745 2832 vel

250 2910 329 2970 nos,
344 2883 556 2980 specialiter
575 2885 852 2980 deputatorum,
876 2910 942 2958 seu
964 2885 1161 2956 missorum
1182 2885 1375 2968 hactenus
1388 2885 1447 2957 vel
1466 2909 1489 2958 a
1508 2887 1616 2958 nobis
1632 2886 1747 2980 depu-

250 3010 449 3081 tandorum
464 3025 530 3081 aut
550 3009 814 3081 mittendorum
834 3009 1092 3104 imposterum,
1106 3033 1203 3080 nunc
1220 3009 1392 3081 vacantia
1405 3024 1444 3082 et
1459 3011 1495 3080 in
1513 3023 1624 3081 antea
1643 3033 1745 3082 vaca·
1848 2989 1849 2992 Ἴ

248 3150 340 3219 tura,
363 3133 588 3229 ubicumque
609 3135 729 3206 dictos
748 3133 896 3228 legatos
916 3133 973 3205 vel
999 3133 1147 3205 nuntios
1176 3158 1243 3205 seu
1273 3149 1440 3207 rectores
1466 3150 1533 3206 aut
1552 3133 1747 3206 thesaura·

248 3259 324 3331 rios
343 3274 546 3354 antequam
565 3259 614 3332 ad
634 3259 844 3330 Romanam
857 3256 1008 3330 Curiam
1026 3256 1213 3342 redierint,
1226 3281 1292 3329 seu
1310 3257 1488 3339 venerint,
1507 3258 1619 3330 rebus
1638 3256 1746 3330 eximi

247 3384 446 3478 contigerit
464 3384 513 3455 ab
532 3381 714 3455 humanis.
737 3381 893 3454 Necnon
912 3381 1165 3478 quorumlibet
1185 3407 1254 3477 pro
1272 3383 1572 3479 quibuscumque
1586 3383 1749 3480 negotiis

248 3508 297 3581 ad
318 3507 528 3580 Romanam
549 3506 702 3578 Curiam
721 3506 946 3579 venientium
968 3531 1034 3578 seu
1054 3505 1167 3578 etiam
1189 3505 1441 3579 recedentium
1460 3507 1509 3579 ab
1541 3507 1696 3581 eadem:
1718 3508 1749 3578 si

247 3633 283 3704 in
312 3631 403 3704 locis
430 3657 454 3704 a
482 3632 581 3704 dicta
611 3631 724 3703 Curia
753 3629 849 3704 ultra
879 3633 972 3704 duas
1002 3632 1123 3703 dietas
1151 3628 1296 3727 legales
1326 3655 1398 3704 non
1432 3631 1656 3705 distantibus
1676 3632 1747 3704 iam

249 3757 374 3831 lorsan
403 3757 572 3840 obierint,
594 3756 653 3828 vel
682 3781 751 3829 eos
770 3757 805 3827 in
833 3773 946 3828 antea
975 3757 1135 3830 transire
1164 3757 1366 3853 contigerit
1394 3757 1441 3828 de
1469 3755 1539 3827 hac
1567 3754 1659 3830 luce.
1692 3759 1748 3828 Ac

247 3884 359 3955 etiam
389 3880 496 3953 simili
525 3881 639 3953 modo
667 3904 992 3976 quorumcumque
1021 3880 1224 3953 Curialium
1254 3881 1579 3978 peregrinationis,
1600 3880 1753 3954 infirmi-

248 4006 334 4079 tatis
370 4023 435 4078 aut
478 4006 725 4091 recreationis,
766 4029 832 4077 seu
874 4005 946 4078 alia
982 4029 1220 4101 quacumque
1257 4029 1371 4080 causa
1404 4005 1453 4078 ad
1495 4006 1626 4100 quevis
1667 4005 1749 4078 loca

247 4130 514 4211 secedentium,
545 4130 577 4203 si
605 4155 673 4203 eos
701 4144 905 4225 antequam
942 4128 992 4201 ad
1021 4128 1159 4202 dictam
1198 4129 1350 4202 Curiam
1390 4131 1566 4203 redierint
1592 4130 1629 4201 in
1656 4128 1748 4202 locis

250 4254 346 4328 ultra
374 4256 468 4329 duas
496 4254 616 4327 dietas
644 4257 693 4328 ab
720 4254 852 4328 eadem
874 4255 986 4328 Curia
1015 4251 1074 4356 (ut
1092 4255 1332 4351 premittitur)
1352 4279 1425 4328 non
1445 4253 1609 4340 remotis,
1640 4256 1750 4329 dum-

251 4379 363 4452 modo
391 4403 521 4452 eorum
551 4379 742 4476 proprium
771 4378 995 4453 domicilium
1024 4403 1098 4452 non
1126 4381 1263 4453 existat
1296 4378 1433 4452 ibidem
1484 4380 1556 4452 iam
1594 4379 1748 4452 forsitan

250 4504 491 4588 decesserint,
539 4504 598 4575 vel
640 4504 886 4600 imposterum
933 4529 1000 4578 eos
1037 4504 1237 4602 contigerit
1274 4506 1321 4576 de
1360 4505 1484 4576 medio
1523 4505 1750 4587 submoveri,

250 4653 347 4701 nunc
366 4653 434 4724 per
451 4630 595 4702 obitum
614 4628 827 4702 huiusmodi
846 4629 1014 4702 vacantia
1042 4645 1080 4702 et
1109 4629 1354 4723 imposterum
1383 4644 1571 4704 vacatura.
1602 4629 1752 4701 Rursus

250 4753 492 4837 Monasteria,
523 4752 726 4833 Prioratus,
758 4754 976 4837 decanatus,
1007 4754 1222 4850 dignitates,
1253 4769 1491 4847 personatus,
1513 4752 1752 4825 administra-

247 4881 381 4961 tiones,
413 4877 541 4964 offitia,
573 4877 837 4962 canonicatus,
871 4878 1093 4961 Prebendas,
1124 4897 1164 4950 et
1191 4877 1380 4962 ecclesias,
1402 4892 1604 4974 ceteraque
1637 4878 1751 4950 bene-

249 5004 324 5076 fitia
360 5002 612 5076 ecclesiastica
648 5003 830 5076 secularia
871 5021 910 5075 et
951 5004 1150 5100 regularia,
1180 5027 1264 5076 cum
1306 5027 1396 5076 cura
1437 5001 1494 5076 vel
1537 5002 1616 5074 sine
1650 5029 1750 5089 cura,

249 5153 485 5224 quecumque
512 5147 551 5200 et
580 5115 869 5223 qualiacumque
897 5127 1052 5200 luerint:
1074 5127 1231 5212 etiamsi,
1254 5129 1304 5200 ad
1323 5126 1383 5200 illa
1412 5150 1577 5222 persone
1595 5151 1751 5200 consue-

249 5255 369 5325 verint
392 5271 430 5324 et
450 5254 648 5326 debuerint
670 5277 736 5346 per
755 5252 975 5325 electionem
995 5269 1061 5324 aut
1081 5252 1251 5345 quemvis
1279 5253 1391 5324 alium
1420 5251 1572 5323 modum
1593 5254 1750 5326 assumi:

251 5380 314 5473 qui
334 5377 497 5472 promoti
518 5401 585 5472 per
604 5378 744 5450 dictum
764 5379 1087 5472 predecessorem,
1107 5378 1162 5448 vel
1183 5375 1263 5449 eius
1282 5377 1573 5460 auctoritate,ad
1598 5377 1753 5450 Paniar-
