3720 5916
840 345 978 404 Saeculo
996 344 1102 405 XVII

918 689 1007 768 224.

213 854 279 927 lus
320 851 475 937 Durani,
518 879 581 925 seu
611 853 766 926 scutort's
798 851 996 926 Auditoris
1037 853 1164 938 Rotae,
1201 853 1240 925 z'n
1272 852 1473 926 absentium
1508 853 1639 949 quavis
1665 853 1712 924 de

291 1002 402 1051 causa
435 977 663 1050 Auditorum
689 976 805 1050 locum
841 977 936 1050 olim
961 976 1192 1074 subrogandi
1214 975 1474 1050 cumulativum
1501 1003 1582 1050 cum
1616 976 1715 1050 Cau-

291 1103 463 1176 ccllorz'ac
491 1103 662 1198 Ragonio.

291 1259 406 1330 (Aaou.
425 1257 512 1328 Ron,
528 1255 751 1316 ‹Extractum
770 1256 891 1316 Drurii
908 1255 1129 1330 Ottuoooni»).

846 1457 922 1552 (die
951 1457 1075 1552 dicta).

294 1625 340 1694 32
348 1657 1157 1676 .............

293 1750 355 1820 33.
386 1727 449 1800 Ob
476 1726 683 1800 discessum
711 1726 748 1797 in
776 1723 936 1798 Galliam
957 1724 1002 1798 R.
1025 1724 1064 1798 P.
1085 1723 1360 1798 D.·Dunozetti
1381 1724 1534 1811 Decani,
1556 1723 1714 1820 Regens

214 1850 479 1936 Cancellariae‚
495 1849 702 1935 Amadeus,
724 1849 909 1923 commisit
926 1873 1059 1923 omnes
1079 1873 1216 1922 causas
1234 1849 1401 1922 eiusdem
1417 1864 1580 1945 quatuor
1595 1850 1716 1922 senio

213 1977 314 2050 ribus
343 1975 602 2062 Auditoribus,
632 1973 863 2072 assignando
882 1973 1030 2047 Causas
1050 1972 1282 2072 singulorum
1308 1972 1549 2048 Notariorum
1570 1973 1717 2047 Decani

213 2101 358 2175 circiter
385 2117 549 2195 quatuor
577 2098 837 2172 Auditoribus

295 2249 355 2319 34.
387 2220 615 2328 DD[0mini]
645 2248 761 2322 aegre
789 2221 953 2296 serentes
973 2221 1185 2294 huiusmodi
1205 2222 1421 2308 novitatem,
1442 2246 1512 2319 pro
1532 2223 1741 2296 tutamine·

211 2349 422 2425 Tribunalis
450 2348 707 2445 infrascriptas
736 2347 901 2421 rationes
929 2346 1228 2422 considerabant.

297 2497 357 2569 35.
389 2474 511 2548 Primo
553 2474 656 2569 quod
701 2473 878 2546 Decanus
920 2472 1043 2545 Rotae
1085 2496 1154 2567 pro
1197 2487 1380 2567 tempore,
1420 2488 1486 2546 aut
1525 2471 1715 2568 antiquior

211 2600 386 2686 Auditor,
416 2615 476 2672 est
504 2597 636 2672 solitus
665 2597 848 2693 deputare
875 2612 914 2669 et
943 2597 1150 2693 subrogare
1177 2595 1272 2670 alios
1291 2598 1496 2670 Auditores
1528 2596 1714 2671 inlocum

211 2725 446 2809 Absentiam,
478 2723 721 2808 Infirmorum,
750 2739 817 2795 aut
846 2721 1129 2806 Defunctorum,
1160 2738 1199 2794 et
1226 2723 1278 2796 ita
1306 2721 1354 2795 de
1381 2723 1552 2818 proximo
1580 2721 1715 2796 iecisse

212 2853 277 2925 bo:
307 2875 386 2924 me:
419 2849 620 2924 Coccinum
651 2847 845 2922 Decanum
876 2849 926 2922 ob
953 2849 1161 2921 absentiam
1191 2847 1445 2920 Maccbiavelli
1465 2871 1562 2920 nunc
1582 2848 1716 2922 Cardi-

212 2974 305 3049 nalis
333 2989 373 3048 et
401 2975 450 3046 ob
479 2973 729 3046 infirmitatem
759 2987 798 3046 et
825 2987 985 3045 mortem
1006 2971 1217 3044 Motmanni
1236 2987 1275 3044 et
1295 2971 1552 3046 Buccabellae.
1578 2971 1716 3067 Neque

213 3095 438 3202 DD[0mini]
467 3099 689 3172 insistebant
718 3122 787 3193 pro
816 3097 900 3170 Iure
928 3097 997 3170 hoc
1025 3095 1208 3193 privative
1236 3097 1363 3192 quoad
1392 3097 1614 3194 Regentem,
1646 3096 1717 3170 s'ed

211 3225 446 3297 cumulative.

295 3354 356 3441 36.
387 3348 562 3421 Secundo
590 3363 660 3421 etc.

294 3495 355 3568 51.
386 3470 583 3545 Stantibus
612 3470 852 3566 supradictis,
887 3471 989 3544 Rota
1022 3471 1176 3544 resolvit
1213 3486 1254 3544 ut
1291 3471 1374 3544 RR.
1406 3470 1473 3546 ΡΡ.
1504 3469 1592 3545 DD.
1624 3469 1717 3544 Ghi-

210 3597 344 3673 slerius
358 3612 397 3669 et
418 3595 590 3682 Catillus,
612 3595 855 3691 antiquiores,
872 3575 1020 3670 adirent
1039 3596 1173 3668 Erirum
1194 3595 1440 3669 Barberinum
1455 3595 1718 3691 instarentque

211 3723 398 3797 humiliter
425 3747 495 3818 pro
524 3721 622 3794 soliti
649 3721 935 3804 observatione;
956 3722 1019 3816 qui
1049 3721 1167 3793 amus
1186 3723 1346 3818 benigne
1366 3721 1506 3806 annuit,
1528 3719 1716 3814 dictisque

212 3843 458 3950 DD[0minis]
479 3847 679 3932 mandavit,
712 3861 752 3918 ut
781 3846 827 3920 R.
851 3847 888 3917 P.
913 3845 960 3921 D.
985 3845 1112 3918 Bichio
1141 3845 1309 3918 dicerent
1338 3860 1380 3917 ut
1406 3845 1442 3920 d.
1466 3846 1601 3919 Eriium
1620 3843 1716 3918 allo-

211 3987 400 4068 queretur.
425 3971 574 4044 Bichius
594 3997 684 4045 vero
704 3970 835 4044 habuit
852 3970 1022 4043 ordinem
1048 3969 1263 4066 alloquendi
1294 3970 1445 4044 Petrum
1474 3968 1716 4043 Franciscum

211 4097 259 4170 de
275 4095 428 4178 Rubeis,
451 4096 537 4168 inde
566 4095 632 4168 luit
659 4095 865 4168 resolutum
895 4095 999 4190 quod
1029 4095 1077 4169 D.
1100 4094 1256 4189 Regens
1282 4091 1579 4168 Commissiones
1597 4118 1715 4192 gene-

211 4221 309 4295 rales
343 4221 526 4294 laceraret
553 4237 592 4293 et
620 4219 810 4316 antiquior
836 4221 960 4293 Rotae
988 4236 1029 4292 et
1058 4218 1236 4310 Decanus
1269 4242 1340 4314 pro
1377 4235 1548 4316 tempore
1585 4245 1716 4292 cumu-

210 4345 321 4420 lative
349 4371 432 4419 cum
453 4345 628 4443 Regente
655 4363 695 4418 et
723 4346 918 4443 signarent
945 4360 985 4417 et
1011 4345 1289 4418 committerent
1309 4343 1605 4418 Commissiones
1624 4344 1719 4418 alio-

211 4496 292 4544 rum
321 4471 548 4544 Auditorum
586 4495 743 4566 quoquo
780 4469 895 4542 modo
932 4467 1183 4542 deficientium
1223 4485 1289 4542 aut
1326 4469 1610 4556 discedentium,
1647 4494 1718 4566 per

211 4596 365 4679 obitum,
387 4596 675 4690 promotionem,
714 4594 924 4668 absentiam
959 4608 1027 4667 aut
1059 4593 1312 4667 infirmitatem
1348 4609 1389 4665 et
1419 4593 1471 4665 ita
1498 4619 1559 4666 res
1588 4594 1719 4668 habuit

211 4719 332 4795 finem.
354 4764 381 4774 -
410 4721 455 4796 R.
486 4720 525 4793 P.
557 4719 605 4795 D.
636 4718 847 4793 Ghislerius
875 4719 969 4792 dixit
997 4718 1103 4814 quod
1130 4719 1341 4793 Auditores
1367 4717 1490 4793 Rotae
1510 4734 1599 4793 sunt
1617 4718 1717 4793 soliti

210 4845 394 4920 interesse
423 4844 614 4941 Cappellis
642 4861 680 4917 et
707 4844 853 4918 actibus
880 4842 1037 4938 publicis
1065 4845 1218 4938 quando
1241 4843 1323 4916 dies
1345 4865 1418 4916 non
1441 4860 1530 4917 sunt
1547 4843 1717 4940 impediti

210 4971 258 5044 ab
286 4969 549 5043 lnlormatione
577 4968 635 5042 vel
664 4967 799 5042 studio.
