3686 5916
247 288 302 348 572
866 291 1003 352 Soeculo
1022 291 1054 350 X
1063 291 1145 352 VIII

329 484 386 555 Re
414 484 529 580 igitur
555 485 653 558 serio
681 509 870 581 perpensa
885 542 948 560 .....
980 485 1143 558 unanimi
1170 485 1367 569 sententia,
1398 484 1639 560 inhaerentes
1675 487 1756 560 Do

247 609 335 682 mini
364 609 528 705 antiquis
566 609 695 683 usibus
726 625 766 683 et
802 610 1135 684 consuetudinibus
1172 609 1298 706 quoad
1335 609 1414 683 fieri
1451 627 1582 708 potest
1617 613 1756 706 ubique

247 734 453 817 servandis,
484 732 748 820 deliberarunt,
787 734 823 806 in
860 733 1039 830 praefatis
1066 735 1239 809 omnibus
1267 735 1392 808 causis
1420 734 1456 806 in
1485 752 1683 831 posterum
1710 738 1756 809 de

247 857 349 930 Voto
376 874 416 930 et
443 857 479 930 in
508 857 636 932 Turno
664 859 852 933 ordinario
881 859 1148 955 proponendis,
1171 884 1279 932 suum
1299 860 1454 933 etiama
1483 859 1652 934 Ponente
1671 861 1758 933 ferri

247 983 386 1056 debere
415 981 632 1082 suffragium
714 983 828 1056 firmis
855 984 1021 1079 alioquin
1050 985 1286 1057 manentibus
1315 981 1473 1082 singulis
1492 1009 1592 1081 quae
1621 1001 1701 1057 turn
1723 987 1757 1059 in

247 1107 417 1204 praelato
446 1107 554 1183 Motu
583 1111 736 1205 proprio
766 1109 975 1207 Regnantis
1004 1109 1147 1182 Summi
1176 1109 1373 1194 Pontificis,
1404 1124 1483 1182 turn
1512 1110 1548 1182 in
1577 1109 1757 1206 praefatis

248 1232 423 1306 Decretis
452 1231 649 1308 Rotalibus
677 1235 795 1331 probe
824 1236 1028 1308 constituta
1054 1250 1168 1331 atque
1197 1236 1432 1331 praescripta
1460 1251 1559 1314 sunt,
1580 1235 1756 1332 insuper-

247 1382 321 1453 que
350 1375 595 1453 praeservato
624 1359 661 1434 S.
693 1359 905 1434 Tribunalis
932 1359 1086 1433 arbitrio
1114 1385 1161 1432 ex
1182 1383 1358 1455 suprema
1375 1359 1484 1433 Ssrni
1505 1359 1552 1434 D.
1576 1359 1624 1435 N.
1646 1361 1758 1434 bene·

247 1481 394 1555 ficentia
422 1501 461 1557 et
488 1499 680 1578 potestate
707 1484 743 1556 in
772 1484 873 1558 dicto
903 1484 1165 1580 Motuproprio
1195 1508 1415 1560 concessa...

954 1804 1043 1882 467.

251 1947 442 2022 Clementer
473 1946 588 2021 XIII
607 1949 813 2021 constitutio
844 1960 957 2045 super
991 1948 1273 2042 confirmatione,
1303 1957 1380 2022 tum
1410 1948 1602 2024 schedulae
1628 1951 1759 2024 Motus

323 2073 479 2170 proprii
503 2070 717 2144 Sanctitotts
744 2071 850 2156 Suae,
881 2097 955 2170 quo
982 2073 1151 2144 resoluta
1178 2080 1232 2144 est
1256 2072 1411 2170 antequa
1437 2073 1626 2148 methodus
1658 2075 1756 2146 iudi-

329 2196 442 2270 cundi
464 2197 506 2270 in
532 2196 732 2269 Auditorii)
759 2221 958 2270 causarum
991 2196 1138 2269 Palatii
1171 2185 1382 2294 Aposloluz',
1420 2223 1502 2271 eum
1538 2197 1758 2294 quibusdam

330 2321 631 2408 ordinationibus,
650 2327 685 2393 n
701 2321 975 2415 confirmatione
994 2331 1070 2394 tum
1088 2323 1249 2396 omnium
1270 2322 1566 2422 privilegiorum,
1590 2323 1757 2417 etsocul-

332 2455 448 2520 totum
475 2447 593 2546 ipsius
620 2446 824 2528 Auditorii,
854 2471 934 2519 cum
960 2446 1047 2519 aliis
1070 2447 1212 2542 gnotus
1238 2456 1273 2519 et
1298 2447 1589 2524 concessionibus.

331 2602 446 2674 (Auen.
465 2601 552 2674 Rom,
576 2599 790 2674 ‹Prr'ru'legr'a
802 2625 831 2674 v,
849 2606 926 2660 tom.
945 2600 1005 2674 II).

1373 2725 1451 2798 1762,
1470 2725 1540 2784 iulii
1558 2725 1605 2799 27,
1623 2726 1748 2786 Romae

331 2855 509 2930 Clemens
551 2855 763 2952 Episcopus
806 2881 939 2930 servus
982 2881 1176 2931 servorum
1216 2857 1300 2930 Dei.
1332 2858 1395 2930 Ad
1436 2874 1664 2954 perpetuam
1707 2859 1757 2932 rei

252 2984 481 3058 memoriam.
510 3026 537 3036 -
564 2981 652 3056 Eun·
685 2983 836 3066 iustitio,
875 2985 912 3056 in
949 3007 1024 3079 qua
1059 2983 1204 3057 virtutis
1239 2983 1421 3080 splendor
1456 2999 1516 3057 est
1558 2985 1756 3070 maximus,

250 3109 352 3206 apud
380 3133 512 3182 omnes
540 3107 618 3182 sere
647 3106 793 3180 Gentes
823 3132 975 3204 semper
1011 3107 1048 3180 in
1080 3107 1224 3181 honore
1259 3106 1381 3193 suerit,
1417 3132 1643 3203 summaque
1672 3135 1758 3204 pru-

250 3234 377 3308 dentia
405 3249 444 3306 et
471 3234 572 3306 cultu
591 3233 772 3318 foveatur,
794 3258 840 3306 ea
858 3248 984 3306 tamen
1014 3233 1050 3306 in
1079 3232 1247 3306 Ecclesia
1277 3232 1360 3318 Dei,
1381 3233 1563 3306 virtutum
1592 3235 1756 3307 omnium

251 3361 432 3436 varietate
460 3358 700 3444 circumdata,
730 3357 967 3453 potissimum
996 3357 1233 3456 praefulgere
1261 3359 1376 3432 debet
1403 3372 1443 3430 et
1470 3358 1646 3431 emicare.
1673 3357 1757 3451 Qua

251 3484 299 3559 de
327 3510 367 3558 re
396 3485 556 3559 Romani
585 3483 782 3556 Pontifices
813 3483 1128 3556 Praedecessores
1157 3485 1286 3568 nostri,
1324 3483 1373 3556 ad
1407 3482 1573 3557 Iustitiae
1602 3483 1756 3556 admini-

251 3611 472 3686 strationem
507 3626 640 3684 cuncta
677 3609 867 3704 sapienter
901 3609 1129 3693 ordinantes,
1169 3625 1323 3703 praeter
1358 3607 1573 3682 Tribunalia
1610 3626 1757 3682 caetera

250 3736 464 3833 disparibus
483 3735 591 3808 officii
611 3733 791 3832 gradibus
811 3732 998 3819 distincta,
1027 3732 1391 3829 praestantissimum
1409 3757 1608 3806 causarum
1631 3733 1757 3808 Palatii

250 3859 462 3957 Apostolici
491 3859 677 3931 Auditorii
705 3857 884 3931 Tribunal
917 3857 1201 3941 constituerunt,
1233 3858 1268 3930 in
1306 3882 1382 3953 quo
1420 3881 1570 3953 semper
1605 3860 1675 3930 viri
1713 3883 1757 3932 ex

251 3987 363 4059 variis
392 3983 615 4057 Nationibus
644 3980 771 4057 selecti
799 3999 837 4054 et
864 3981 1060 4056 excellenti
1084 3983 1253 4056 doctrina
1287 3982 1539 4080 singularique
1559 3983 1757 4078 probitatis

251 4108 363 4182 laude
406 4107 568 4180 illustres
604 4107 655 4179 ita
692 4122 780 4179 sunt
815 4109 965 4190 versati,
997 4123 1039 4178 ut
1074 4131 1171 4204 quae
1203 4106 1292 4180 inde
1329 4107 1432 4190 scita,
1472 4109 1756 4204 sententiaeque

253 4248 460 4316 manarunt,
493 4232 753 4315 Decretorurn,
785 4233 920 4327 quibus
950 4232 1234 4305 Ecclesiasticae
1257 4230 1459 4328 civilesque
1480 4233 1756 4306 controversiae

252 4357 373 4431 dirimi
388 4372 541 4452 queant,
558 4355 762 4455 legumque
777 4356 1072 4430 firmissimarum
1087 4357 1180 4442 loco,
1198 4357 1336 4452 ubique
1350 4357 1518 4453 gentium
1534 4355 1754 4432 habeantur.

335 4481 434 4555 Huic
462 4483 575 4580 igitur
601 4480 795 4577 praeclaro
825 4479 989 4554 ludicum
1024 4481 1146 4554 coetui
1184 4495 1287 4554 certa
1323 4479 1525 4553 methodus
1558 4479 1754 4564 iudicandi,

251 4622 290 4681 et
317 4607 486 4704 gravitas
506 4629 714 4690 causarum,
735 4627 833 4700 quae
851 4604 901 4677 ad
924 4604 1026 4679 illum
1045 4603 1181 4678 deferri
1201 4619 1371 4701 possunt,
1393 4604 1612 4678 eorumdem
1635 4605 1756 4679 Ponti·

251 4731 362 4806 ficum
381 4756 558 4827 suprema
576 4730 825 4804 aucthoritate
842 4728 1043 4824 designata
1062 4744 1163 4816 erat;
1180 4728 1250 4804 sed
1264 4747 1458 4826 postremo
1472 4729 1532 4802 fel.
1549 4753 1623 4802 rec.
1643 4729 1755 4803 Bene·

250 4856 374 4930 dictus
391 4856 494 4953 Papa
509 4853 610 4940 XIV,
634 4855 908 4929 Praedecessor
928 4855 1079 4940 Noster,
1102 4879 1170 4950 per
1189 4880 1295 4928 suam
1316 4854 1645 4938 Constitutionem
1672 4853 1756 4929 inci·

249 4983 416 5077 pientem
446 4981 614 5054 Iustitiae
639 4989 674 5053 et
697 4981 801 5077 paces
832 4979 1001 5053 Custodes
1028 4979 1169 5054 editam
1198 4981 1269 5054 sub
1299 4979 1440 5054 Datum
1470 4979 1615 5052 Romae
1646 4981 1754 5052 Anno

250 5105 515 5181 lucarnationis
556 5105 772 5178 Dominicae
806 5127 1007 5186 nocexrvr,
1039 5104 1157 5178 Sexto
1194 5104 1325 5178 Nonas
1355 5103 1543 5190 Octobris,
1567 5102 1755 5178 Pontifica-

253 5248 315 5307 tus
343 5230 408 5304 Sui
436 5232 550 5304 Anno
578 5231 749 5325 septimo,
771 5245 812 5302 et
840 5229 1051 5340 Causarum
1079 5253 1231 5326 genera,
1253 5253 1352 5324 quae
1380 5229 1415 5301 in
1444 5229 1616 5304 Romana
1646 5229 1755 5302 Curia

254 5355 428 5430 iudicium
448 5356 572 5430 subire
592 5355 742 5438 debent,
764 5377 892 5428 earum
911 5353 1094 5438 videlicet,
1117 5376 1216 5448 quae
1239 5353 1347 5428 alicui
1364 5381 1412 5427 ex
1431 5352 1599 5428 eiusdem
1623 5353 1756 5427 Curiae
