3720 5916
829 361 942 421 Paulo
963 363 990 422 V
1602 367 1654 426 341

154 555 402 652 Apostolicae
421 583 505 630 cum
534 556 652 632 solitis
688 557 863 632 clausulis
883 574 922 631 et
940 561 1281 635 renunciationibus
1299 563 1376 636 acsi
1403 562 1491 636 dicti
1512 561 1656 637 Notarii

153 697 194 754 et
214 679 477 766 Reservatarii,
499 696 577 756 tam
603 696 826 777 praesentes
845 706 959 780 quam
981 683 1103 769 futuri,
1130 708 1216 758 sese
1243 686 1292 758 ad
1321 687 1512 782 praedicta
1531 687 1656 761 omnia

154 807 190 878 in
210 806 345 880 eadem
373 806 494 880 forma
521 806 705 880 Camenae
734 833 818 880 cum
850 806 993 882 eisdem
1026 807 1202 883 clausulis
1235 809 1506 909 obligassent‚¹
1542 827 1656 908 prout

155 930 392 1006 nihilominus
423 931 472 1006 ad
508 955 555 1004 ea
592 932 717 1006 omnia
753 957 796 1038 se
830 934 1077 1029 personaliter
1110 950 1149 1008 et
1184 934 1382 1011 insolidum
1419 938 1587 1036 obligare
1615 953 1656 1010 et

153 1055 410 1152 hypothecare
428 1069 638 1142 teneantur,
661 1072 699 1130 et
718 1057 767 1130 ad
786 1058 823 1130 id
842 1059 925 1155 cogi
945 1073 985 1131 et
1003 1059 1174 1156 compelli
1194 1061 1352 1155 possint,
1373 1060 1547 1135 volumus
1563 1059 1597 1149 ς’
1617 1076 1657 1134 et

154 1181 260 1276 quod
279 1197 355 1254 tam
374 1205 444 1277 pro
472 1181 613 1255 meliori
632 1182 778 1256 cautela
802 1183 888 1256 dicti
909 1184 1050 1257 Montis
1069 1199 1109 1258 et
1127 1183 1223 1258 illius
1243 1185 1519 1271 Montistarum,
1542 1212 1654 1282 quam

155 1329 226 1402 pro
263 1306 470 1378 eorundem
508 1304 751 1380 Notariorum
788 1307 979 1402 reciproca
1008 1308 1234 1383 relevatione
1271 1325 1311 1384 et
1346 1303 1657 1409 promissionibus

154 1430 368 1525 praedictis,
401 1455 475 1504 non
504 1428 625 1504 solum
654 1456 787 1505 omnes
816 1433 960 1506 Notarii
989 1451 1027 1506 et
1055 1435 1273 1509 eorumdem
1298 1435 1488 1510 titulorum
1518 1436 1657 1510 Reser-

155 1555 289 1628 vatarii
303 1569 535 1652 praesentes,
551 1556 620 1630 sed
634 1556 747 1631 etiam
761 1556 874 1632 futuri
888 1573 928 1631 et
946 1582 1016 1655 pro
1030 1575 1203 1656 tempore
1221 1559 1437 1648 existentes,
1460 1577 1658 1635 teneantur

156 1679 364 1777 adimplere
376 1694 416 1753 et
430 1683 634 1756 observare
648 1683 782 1769 omnia,
798 1698 839 1756 et
857 1683 1004 1781 singula
1023 1699 1136 1780 pacta
1151 1701 1191 1759 et
1209 1687 1371 1781 capitula
1389 1689 1486 1760 inter
1499 1687 1655 1760 eosdem

159 1804 339 1878 Notarius
377 1822 609 1902 praesentes,
644 1807 825 1884 hactenus
860 1809 1025 1905 desuper
1061 1807 1217 1897 firmata,
1248 1811 1307 1884 vel
1343 1811 1524 1885 firmanda
1559 1827 1598 1885 et
1633 1837 1657 1886 a

156 1929 328 2025 praelato
355 1945 486 2004 nostro
514 1930 691 2004 Generali
718 1931 970 2007 Thesaurario
998 1934 1277 2022 subscribenda,
1307 1962 1351 2010 ac
1379 1936 1409 2010 si
1438 1936 1582 2010 Notarii
1618 1952 1658 2010 et

156 2056 378 2128 eorumdem
401 2055 610 2130 Titulorum
640 2057 893 2130 Reservatarii
911 2083 982 2155 pro
1010 2075 1181 2155 tempore
1203 2061 1422 2146 existentes,
1443 2061 1657 2136 eademmet

156 2196 269 2274 pacta
296 2195 336 2254 et
359 2178 534 2277 Capitula
553 2181 746 2256 inivissent
762 2198 803 2256 et
829 2181 1051 2267 firmassent,
1074 2208 1172 2280 quae
1192 2185 1249 2259 hic
1268 2211 1338 2282 pro
1362 2188 1509 2260 insertis
1528 2187 1657 2261 haberi

156 2303 375 2393 volumus;⁸
405 2305 641 2380 declarantes
676 2307 781 2404 quod
800 2324 962 2404 sequuta
991 2309 1249 2406 resignatione
1277 2327 1316 2386 et
1341 2310 1554 2386 venditione
1587 2337 1655 2386 seu

156 2431 352 2504 vacatione
379 2455 426 2504 ex
445 2454 684 2528 quacumque
711 2457 825 2507 causa
853 2432 1057 2507 officiorum
1081 2435 1346 2530 praelatorum,
1368 2437 1429 2511 illa
1447 2438 1656 2512 vendentes

156 2569 196 2626 et
209 2555 446 2652 resignantes
464 2555 524 2628 vel
542 2555 759 2630 amittentes
777 2582 824 2630 ex
844 2583 1080 2654 quacumque
1099 2584 1222 2646 causa,
1245 2575 1286 2633 ut
1305 2585 1430 2657 supra,
1452 2575 1491 2635 et
1509 2561 1656 2634 illorum

156 2680 341 2754 haeredes
359 2696 398 2754 et
416 2683 516 2754 bona
534 2705 579 2754 ac
596 2682 677 2754 iura
694 2706 956 2780 quaecumque
983 2685 1033 2758 ab
1050 2685 1136 2758 inde
1164 2687 1199 2759 in
1223 2702 1416 2782 posterum
1436 2712 1460 2760 a
1477 2686 1656 2783 praelatis

154 2805 468 2900 promissionibus
504 2823 543 2878 et
577 2806 770 2902 hypotecis
808 2809 960 2883 omnino
993 2809 1159 2906 exempti
1195 2827 1236 2884 et
1270 2810 1414 2886 liberati
1451 2828 1654 2899 remaneat,

155 2945 271 3022 prout
298 2953 345 3001 ex
373 2948 536 3003 nuncet
564 2931 599 3002 in
628 2929 769 3004 dictum
796 2957 925 3005 casum
954 2935 1151 3007 eximimus
1179 2950 1219 3008 et
1246 2935 1457 3011 liberamus.

240 3051 464 3127 ⁴Caeterum
492 3079 562 3150 pro
591 3056 883 3151 praemissorum
911 3059 1131 3132 executione
1158 3077 1197 3132 et
1224 3059 1485 3134 effectuatione
1512 3076 1555 3134 ut
1573 3059 1656 3136 hae

156 3178 320 3264 redibus,
352 3203 418 3252 seu
447 3178 520 3253 alio
548 3178 658 3254 titulo
685 3183 967 3258 'successoribus
995 3181 1204 3258 officialium
1233 3185 1446 3259 huiusmodi
1465 3185 1658 3261 defuneto-

155 3327 252 3389 rum,
282 3301 330 3376 de
357 3305 504 3400 praetio
530 3305 798 3400 scripturarum
826 3306 1079 3402 praelatarum
1109 3311 1158 3381 ad
1186 3334 1255 3383 eos
1284 3311 1547 3407 pertinentium
1568 3336 1657 3385 con-

155 3453 252 3524 grue
294 3427 462 3514 satisfiat,
492 3443 533 3502 et
557 3452 628 3525 pro
657 3428 781 3526 aliqua
810 3431 1058 3506 subventione
1086 3436 1342 3528 praesentium
1368 3451 1406 3508 et
1434 3434 1654 3522 futurorum,

154 3552 338 3649 pecuniae
364 3553 414 3626 ad
441 3551 478 3626 id
506 3556 741 3627 necessariae
770 3555 912 3630 facilius
940 3575 1210 3653 comparentur
1237 3536 1352 3654 super
1379 3560 1655 3649 emolumentis,

156 3677 414 3772 proventibus,
445 3678 744 3765 obventionibus,
775 3679 956 3756 fructibus
984 3682 1284 3780 quibuscumque
1304 3685 1366 3758 dd.
1388 3685 1656 3782 scripturarum

155 3802 266 3875 dictis
286 3802 452 3876 Notariis
481 3827 756 3891 concessarum,
787 3805 944 3879 ulterius
972 3831 1088 3902 super
1118 3807 1227 3882 dictis
1263 3810 1395 3883 annuis
1432 3810 1659 3906 praestatio-

157 3927 267 4000 nibus
295 3950 410 4023 super
436 3929 605 4002 eiusdem
642 3930 906 4004 emolumentis
944 3949 986 4005 ut
1022 3957 1137 4028 supra
1170 3933 1353 4030 impositis
1380 3951 1419 4008 et
1455 3937 1658 4034 assignatis

156 4052 250 4138 loca,
287 4077 354 4126 seu
392 4055 599 4148 portiones.
633 4039 766 4157 '777¹s,
797 4056 940 4130 Montis
977 4057 1094 4144 Pacis,
1125 4058 1381 4156 praelatorum
1416 4059 1657 4135 Notariorum

157 4193 457 4272 nuncupatorum
500 4201 569 4274 per
597 4178 831 4252 Clementem
860 4179 944 4253 Vlll
974 4181 1309 4257 Praedecessorem
1339 4199 1507 4258 nostrum
1545 4187 1659 4260 erecti

157 4317 200 4375 ut
227 4326 355 4399 supra,
385 4325 460 4376 non
487 4301 674 4376 vacabiles
693 4305 742 4377 ad
761 4306 943 4378 rationem
972 4321 1065 4383 scut.
1094 4329 1167 4381 100
1200 4324 1374 4383 monetae
1402 4333 1472 4404 pro
1490 4310 1658 4406 quolibet

157 4429 241 4502 loco
270 4452 338 4500 seu
366 4427 550 4523 portione,
590 4445 705 4515 motu,
741 4430 906 4518 scientia,
950 4445 990 4504 et
1022 4446 1218 4526 potestate
1252 4434 1430 4507 similibus
1467 4434 1656 4532 erigimus,

239 4723 248 4755 ¹
268 4719 391 4778 Notarii
409 4719 474 4778 sint
491 4719 624 4794 obligati
636 4721 784 4794 obligare
802 4736 1023 4796 quaecumque
1041 4737 1155 4782 eorum
1168 4723 1251 4782 bona
1265 4733 1299 4783 ut
1311 4739 1410 4798 supra
1422 4738 1481 4799 pro
1499 4725 1658 4784 solutione

155 4809 319 4868 fructuum
338 4807 456 4866 Montis
474 4816 506 4866 et
523 4809 594 4883 cogi
614 4818 747 4883 possunt
765 4809 806 4867 ad
825 4827 861 4868 se
879 4810 1102 4884 obligandum.
1660 4869 1670 4894 ,

236 4899 248 4933 ²
266 4896 390 4955 Notarii
403 4905 590 4971 praesentes
602 4906 635 4957 et
647 4897 744 4956 futuri
763 4913 940 4974 eorumque
954 4900 1174 4959 Reservatarii
1188 4909 1358 4960 teneantur
1376 4903 1551 4961 observare
1564 4909 1658 4978 pacta

156 4985 338 5059 subscripta
355 4999 415 5060 per
433 4985 698 5046 thesaurarium.

236 5073 248 5110 ³
267 5071 391 5132 Notarii
410 5073 588 5134 vendentes
605 5073 708 5133 officia
726 5076 924 5150 resignanda
943 5079 996 5135 vel
1009 5078 1165 5148 vacantia,
1179 5093 1243 5137 non
1262 5086 1338 5137 sunt
1355 5079 1495 5153 amplius
1513 5080 1658 5154 obligati.

238 5164 249 5198 ⁴
267 5161 396 5221 Erectio
412 5171 444 5220 et
462 5163 582 5222 additio
599 5165 744 5222 iocorum
756 5165 849 5238 777¹s,
863 5165 982 5226 Montis
994 5167 1088 5226 Pacis
1099 5166 1307 5226 Notariorum
1320 5183 1418 5242 super
1429 5169 1658 5229 emolumentis

157 5254 394 5328 scripturarum
412 5253 554 5312 Notariis
571 5265 723 5312 concessa
741 5255 782 5313 ad
800 5255 960 5314 rationem
979 5265 1057 5314 scut.
1078 5257 1130 5316 100
1142 5266 1290 5316 monetae
1303 5273 1363 5332 pro
1380 5259 1522 5334 quolibet
1535 5259 1602 5318 ioco
1618 5260 1659 5318 ad

157 5343 319 5402 rationem
338 5355 510 5489 scutorunpi
520 5343 539 5400 5
555 5358 631 5401 cum
648 5351 763 5418 quarta
782 5353 873 5418 parte
891 5345 1025 5404 alterius
1043 5347 1123 5405 scuti
1136 5361 1195 5420 pro
1212 5347 1354 5421 quolibet
1367 5351 1435 5407 ioco
1447 5347 1488 5406 de
1500 5348 1660 5409 bimestre

159 5433 192 5492 in
212 5432 369 5490 bimestre
387 5439 419 5490 et
436 5431 470 5490 in
512 5445 562 5491 ne.
