3718 5918
725 351 916 411 Innocentio
936 350 1009 411 XII
1561 347 1619 406 453

116 545 290 619 videntur
316 548 365 621 ab
393 547 565 621 omnibus
600 545 659 620 vel
691 569 714 618 a
743 546 909 621 Ponente
941 571 1025 619 cum
1059 558 1223 639 quatuor
1255 541 1615 640 Corresponsalibus

116 687 273 767 propter
301 670 517 746 mandatum
546 671 633 746 olim
662 686 841 745 oretenus
878 669 1007 750 datum
1040 694 1063 742 a
1091 695 1121 743 s.
1152 694 1199 744 m.
1234 668 1451 781 innocentio
1479 667 1533 740 XI
1566 668 1614 740 de

118 820 191 869 non
220 797 402 894 capienda
429 794 657 870 resolutione
685 794 721 870 in
749 797 868 892 prima
896 793 1154 894 propositione
1173 819 1257 869 cum
1277 793 1617 890 praeponderantia

118 921 226 994 unius
255 921 370 996 solius
389 919 565 1019 suffragii,
587 921 691 1017 quod
710 946 779 1018 per
806 920 888 993 eius
912 922 1053 995 obitum
1073 919 1266 1017 expiravit,
1289 916 1524 993 concorditer
1542 932 1614 988 sta-

117 1061 271 1120 tuerunt
298 1047 475 1142 deinceps
494 1069 730 1120 reassumere
757 1043 894 1142 stylum
917 1045 1111 1142 antiquum
1140 1068 1253 1141 quem
1283 1058 1480 1117 servarunt
1498 1042 1615 1115 nostri

118 1170 284 1246 Maiores
311 1187 350 1246 et
378 1170 489 1245 hodie
507 1171 631 1245 adhuc
650 1185 803 1244 servant
829 1171 954 1246 omnia
975 1169 1047 1245 alia
1066 1169 1280 1245 Tribunalia
1299 1185 1338 1242 et
1357 1167 1495 1242 Sacrae
1515 1165 1616 1242 Con-

115 1298 360 1392 gregationes
389 1295 503 1371 Urbis
531 1299 567 1368 in
595 1295 789 1394 quibusvis
811 1296 947 1370 Causis
974 1297 1087 1369 etiam
1116 1293 1349 1392 Capitalibus
1377 1308 1416 1366 et
1434 1289 1614 1376 haeresis,

115 1420 285 1518 capiendi
306 1422 528 1520 regulariter
542 1419 809 1496 resolutionem
824 1445 893 1516 pro
910 1420 1037 1494 maiori
1054 1435 1163 1516 parte
1178 1436 1361 1506 votorum,
1380 1419 1449 1491 nisi
1467 1417 1617 1513 ipsimet

117 1545 380 1644 suffragantes,
409 1561 556 1622 attenta
582 1547 768 1644 gravitate
796 1545 953 1631 articuli,
973 1544 1032 1618 vel
1061 1543 1142 1619 aliis
1170 1543 1257 1618 lacti
1276 1543 1334 1617 vel
1354 1543 1443 1618 iuris
1467 1541 1618 1616 circum·

118 1671 275 1756 stantiis,
307 1673 428 1770 magis
456 1671 633 1770 expedire
661 1688 850 1758 censeant,
881 1671 985 1769 quod
1013 1655 1194 1744 resolutio
1221 1669 1424 1743 differatur.

824 2024 915 2102 373.

120 2185 319 2258 Decretum
328 2186 415 2279 sert
429 2185 468 2260 S.
489 2185 781 2282 Reformotroncir
804 2184 1049 2284 congregatio
1075 2184 1120 2260 de
1141 2185 1369 2260 remittendis
1391 2197 1461 2284 per
1480 2186 1619 2260 Sacros

202 2310 509 2408 congregaremus
534 2321 570 2386 et
585 2313 625 2384 e'n
651 2313 702 2386 n's
729 2313 890 2410 amplius
907 2339 979 2387 non
998 2312 1248 2409 cognoscendis
1270 2311 1400 2385 Cannis
1425 2312 1617 2410 requeren-

198 2436 293 2509 tzdns
319 2435 485 2510 ordenem
512 2437 763 2513 c‘ccdc'ce'arinm.

191 2609 313 2707 Ι(Αιιιειι.
333 2607 420 2682 Rom,
443 2633 456 2660 ι
468 2609 635 2669 Dr'art'um
653 2609 765 2669 Iacobe'
781 2609 921 2670 Ernere'ac
932 2613 968 2684 a).

488 2828 561 2905 Die
589 2829 688 2904 dicta
716 2829 862 2918 (Lunae
892 2853 913 2921 3
942 2830 1095 2927 augusti
1129 2827 1257 2930 1693).

200 2996 291 3084 605.
322 2989 408 3065 Fuit
437 2989 694 3090 Congregatio
714 2991 947 3087 particularis
976 2990 1267 3066 Reformationis
1294 2992 1330 3065 in
1350 2988 1492 3066 Palatio
1510 2993 1617 3089 Apo·

122 3113 255 3188 stolico
280 3112 318 3191 in
347 3139 422 3210 qua
449 3115 636 3189 emanavit
656 3114 859 3188 Decretum
888 3139 1003 3212 super
1030 3115 1272 3189 renovatione
1299 3131 1339 3189 et
1366 3113 1617 3189 declaratione

123 3237 254 3313 Bullae
282 3238 375 3312 Sixti
403 3237 449 3323 V,
470 3239 568 3312 inter
594 3239 675 3313 eius
694 3239 900 3336 impressas
928 3239 963 3313 la
985 3261 1045 3334 74,
1067 3239 1114 3315 de
1142 3239 1375 3314 remittendis
1393 3264 1463 3336 per
1482 3240 1617 3314 Sacras

123 3361 451 3461 Congregationes
469 3381 509 3438 et
528 3365 564 3436 in
583 3380 776 3462 posterum
796 3366 831 3438 in
846 3365 901 3438 eis
915 3365 1075 3461 amplius
1094 3389 1167 3439 non
1188 3364 1462 3462 cognoscendis
1483 3363 1617 3439 Causis

121 3487 397 3584 requirentibus
424 3489 593 3563 ordinem
621 3489 860 3578 iudiciarium,
891 3504 1005 3586 prout
1032 3491 1067 3562 in
1098 3491 1233 3563 eodem
1270 3505 1406 3585 postea
1433 3489 1618 3587 impresso

121 3612 268 3709 plenius
297 3613 518 3690 continetur.

829 3936 919 4015 374.

328 4092 554 4169 Donotc'onm
582 4123 746 4170 annuum
775 4120 845 4172 too
872 4107 1095 4172 scutatorum
1122 4108 1157 4171 et
1180 4101 1412 4176 nomismata.

202 4268 317 4342 (Arcen.
336 4270 423 4344 Ror,
447 4269 636 4330 ‹Dr'arc'um
656 4271 767 4331 Iacobr'
783 4271 923 4331 Emcrr'x
935 4275 970 4345 »).

629 4491 804 4565 Mercurii
836 4514 855 4586 7
886 4493 964 4567 lulii
999 4499 1108 4586 1694.
1182 4563 1184 4568 .

204 4659 293 4745 630.
323 4652 551 4726 Terminatis
585 4651 720 4727 Causis
758 4651 909 4727 intravit
937 4653 1123 4751 Magister
1152 4653 1299 4730 Domus
1334 4657 1548 4732 Pontificiae
1580 4673 1621 4732 et

125 4776 226 4851 iuxta
241 4778 404 4863 solitum,
421 4778 519 4864 mihi,
536 4779 589 4851 uti
610 4777 777 4862 Decano,
794 4778 982 4853 distribuit
1000 4780 1152 4853 bursam
1171 4781 1328 4854 sericam
1348 4805 1430 4854 cum
1450 4781 1620 4857 ducentis

125 4901 240 4975 scutis
259 4901 339 4975 auri
357 4902 392 4974 in
412 4926 518 4989 auro,
534 4901 687 4999 reliquis
701 4918 827 4976 autem
843 4901 1015 4975 Dominis
1031 4904 1211 4978 minorem
1227 4930 1310 4978 cum
1326 4908 1440 4978 scutis
1455 4923 1618 4983 centum.

126 5067 152 5080 -
171 5026 208 5099 ln
227 5027 350 5125 vigilia
379 5052 469 5102 vero
488 5027 547 5102 Ss.
569 5026 841 5125 Apostolorum
871 5028 969 5102 Petri
991 5045 1030 5102 et
1058 5029 1160 5102 Pauli
1181 5029 1419 5128 Computista
1440 5031 1622 5106 Camerae

128 5150 260 5224 detulit
286 5152 374 5226 mihi
403 5151 479 5226 duo
517 5153 742 5226 numismata
777 5169 969 5226 scutorum
999 5177 1065 5226 sex
1093 5155 1173 5227 auri
1206 5155 1242 5227 in
1270 5180 1373 5241 auro,
1404 5175 1443 5230 et
1471 5156 1622 5252 reliquis

129 5273 298 5350 Dominis
325 5302 440 5350 unum
469 5301 569 5374 quae
602 5277 789 5352 Sanctitas
817 5278 894 5352 Sua
930 5300 1000 5374 pro
1037 5279 1166 5353 maiori
1194 5279 1430 5356 incommodo
1456 5283 1623 5380 gratiose

127 5398 345 5498 subrogavit
372 5401 409 5475 in
436 5399 559 5476 locum
589 5400 874 5500 Prandiilhodie
903 5403 1010 5478 nobis
1038 5403 1201 5478 exhiberi
1231 5405 1411 5479 consueti.
