3684 5920
891 282 1028 340 Soeculo
1046 283 1128 342 XIX

267 383 375 390 ..α-...ῃ-
398 384 403 388 -
441 384 518 389 -—---
542 384 661 390 -------
677 384 775 390 -—·-—
811 384 926 390 -——-—-—
966 383 1009 390 κεν-
1027 385 1080 390 --——

953 511 1063 604 §35-

339 652 365 724 11
394 651 577 750 consiglio
606 675 784 747 supremo
812 651 832 723 ἐ
861 668 1070 745 composto,
1101 652 1484 729 dell'eminentissimo
1520 657 1659 729 decano
1689 657 1736 729 del

258 803 365 850 sacro
393 777 570 874 collegio;
601 776 983 849 dell’eminentissimo
1022 777 1237 872 presidente
1265 779 1365 852 della
1392 783 1685 878 congregazione
1708 783 1737 853 di

172 991 174 994 Ι
259 901 459 987 revisione;
490 903 549 974 del
578 902 766 974 cardinale
796 903 1003 998 segretario
1032 926 1100 996 per
1127 901 1178 999 gli
1214 903 1318 976 affari
1346 907 1383 978 di
1412 905 1522 980 Stato
1560 907 1738 987 interni‚e

257 1024 293 1099 di
323 1042 379 1098 tre
409 1028 542 1123 prelati
570 1025 639 1099 che
668 1050 831 1099 saranno
859 1028 1033 1120 prescelti
1063 1027 1112 1098 d'a
1140 1027 1216 1100 Sua
1249 1029 1395 1103 Santita
1432 1031 1487 1103 fra
1525 1029 1576 1127 gii
1606 1031 1738 1103 Uditori

259 1150 357 1225 della
386 1176 493 1225 sacra
522 1143 632 1225 Rota.

952 1312 969 1406 t
1000 1315 1061 1400 36·

339 1454 391 1526 Le
421 1453 598 1526 decisioni
626 1454 686 1526 del
724 1452 905 1550 consiglio
942 1476 1036 1526 sono
1074 1477 1223 1548 sempre
1259 1457 1502 1549 pronunziate
1536 1457 1586 1526 da
1620 1457 1736 1548 cinqne

258 1581 412 1652 votanti.
444 1575 781 1652 L'eminentissimo
809 1578 952 1650 decano
981 1577 1041 1649 del
1071 1603 1177 1650 sacro
1207 1577 1364 1674 collegio
1394 1579 1736 1652 el’eminentissimo

258 1704 474 1799 presidente
502 1702 600 1776 della
628 1703 927 1801 congregazione
956 1703 992 1774 di
1021 1703 1205 1776 revisione
1234 1703 1265 1776 si
1292 1721 1504 1800 astengono
1533 1705 1593 1777 dal
1629 1705 1708 1800 proi
1722 1747 1735 1758 -

259 1831 329 1902 rire
357 1829 380 1900 il
409 1827 488 1901 loro
517 1847 616 1914 vot0,
642 1827 804 1902 aliorche
834 1829 864 1902 si
892 1843 1006 1901 tratta
1035 1827 1071 1898 di
1101 1827 1278 1901 decisioni
1306 1845 1480 1902 emanate
1500 1830 1561 1902 dai
1581 1830 1734 1902 dicasteri

256 1981 278 2027 a
306 1957 361 2026 cui
392 1955 635 2049 presiedon0:
667 1953 765 2050 negli
794 1953 877 2026 altri
905 1953 982 2026 casi
1003 1954 1031 2024 si
1051 1953 1194 2024 astiene
1214 1951 1237 2024 il
1259 1952 1403 2048 prelato
1430 1957 1577 2027 uditore
1597 1955 1632 2026 di
1651 1955 1734 2026 Rota

259 2079 326 2152 che
356 2079 458 2152 siede
487 2079 522 2152 in
552 2077 681 2152 ultimo
709 2079 869 2174 luogo..

339 2328 447 2402 Dalla
476 2331 692 2426 Segreteria
721 2353 788 2425 per
816 2329 866 2424 gli
894 2327 996 2400 affari
1026 2327 1062 2398 di
1090 2325 1198 2400 Stato
1226 2327 1359 2400 interni
1387 2329 1409 2400 il
1433 2353 1477 2420 25
1500 2328 1615 2425 luglio
1639 2331 1732 2418 1835.

1222 2489 1267 2564 A.
1302 2489 1347 2563 D.
1380 2488 1491 2562 Card.
1524 2488 1732 2562 Gamberiui.

953 2731 1043 2810 540.

260 2879 357 2950 Rota
384 2887 480 2949 vetut
504 2877 696 2974 quominus
721 2877 809 2974 styli
833 2878 1053 2950 z'nuuuntur
1073 2905 1097 2948 a
1116 2879 1248 2950 nouitio
1266 2877 1449 2949 Auditum
1466 2878 1591 2974 quoad
1609 2885 1735 2948 strenas
1813 2879 1814 2918 ἲ

337 3002 381 3074 ab
408 3029 447 3074 eo
466 3001 697 3099 praebendus
724 3003 830 3074 cerlis
847 3001 1010 3097 famulis
1039 3003 1276 3076 Auditorum.

335 3158 450 3228 (Aren.
471 3157 556 3228 Rom,
581 3155 769 3214 ‹Dr'crrt'um
790 3156 1012 3229 Camerale»).

776 3355 846 3428 Die
880 3382 920 3428 21
946 3359 1097 3454 augusti
1124 3361 1235 3450 1835.

340 3517 435 3590 Cum
464 3533 590 3590 autem
621 3542 740 3589 novus
769 3517 933 3590 Auditor
961 3518 1059 3612 de.
1080 3517 1139 3590 De
1161 3519 1270 3589 Petro
1289 3519 1473 3613 quasdam
1494 3518 1732 3590 innovationes
1813 3499 1814 3540 ³

258 3643 366 3718 vellet
393 3643 567 3716 inducere
596 3643 723 3738 quoad
752 3662 899 3715 strenas
927 3666 996 3736 per
1022 3667 1107 3713 eum
1137 3642 1371 3736 praebendas
1401 3641 1546 3713 famulis
1576 3643 1653 3714 RR.
1675 3638 1728 3710 ΡΡ,

256 3769 480 3842 Auditorum
510 3767 573 3864 qui
602 3765 701 3840 illum
730 3767 1001 3840 comitaverant
1027 3789 1145 3861 penes
1175 3766 1399 3852 Pontificem,
1430 3767 1575 3839 censuit
1602 3789 1729 3838 sacrum

212 3946 215 3954 ·
258 3894 433 3968 Tribunai
463 3908 504 3964 ut
538 3916 608 3987 per
635 3917 694 3964 me
724 3890 1013 3988 (Camerarium)
1043 3893 1426 3965 commonefaceretur
1449 3893 1496 3964 de
1525 3891 1729 3964 necessitate

255 4019 428 4090 servandi
456 4040 500 4088 ea
529 4039 626 4112 quae
654 4019 690 4089 in
718 4041 822 4090 more
850 4033 957 4089 erant
985 4016 1251 4102 vetustissimo,
1272 4018 1451 4112 quodque
1471 4016 1501 4088 si
1520 4015 1557 4088 id
1577 4040 1641 4111 per
1657 4036 1728 4085 eum

256 4142 333 4214 fieri
360 4138 482 4224 vellet,
514 4156 600 4212 tunc
629 4141 937 4214 interdicerentur
965 4139 1108 4234 reliqua
1140 4141 1189 4212 ad
1228 4141 1446 4213 novitiatum
1484 4136 1726 4234 perficiendum

257 4283 482 4362 opportuna.
512 4266 553 4338 ld
590 4291 665 4362 ego
701 4266 848 4338 lenibus
883 4267 1008 4341 verbis
1045 4267 1284 4360 exequutioni
1323 4265 1501 4346 commisi,
1531 4281 1640 4359 atque
1672 4283 1727 4354 per

258 4390 355 4484 de.
388 4390 437 4462 Di
464 4390 588 4462 Pietro
617 4391 858 4484 sponsionem
887 4391 1013 4485 accepi
1052 4416 1137 4463 sese
1174 4391 1210 4462 in
1249 4405 1441 4484 posterum
1471 4388 1509 4462 S.
1539 4381 1726 4460 Tribunalis

255 4517 420 4588 moribus
449 4517 526 4588 sore
555 4517 706 4588 omnino
732 4516 1071 4590 accomodatarum.
