3718 5918
718 317 896 377 Benedr'cto
915 316 1005 378 XIII
1553 321 1610 381 479

191 512 334 586 Audito
360 512 432 586 hoc
460 511 647 597 mandato,
667 512 759 584 Rns
790 511 1057 587 Aldrovandus
1075 510 1179 597 dixit,
1201 538 1244 586 sc
1263 529 1406 596 motum
1425 513 1540 588 luisse
1560 512 1609 588 ad

105 635 203 710 hane
231 637 530 733 praeteritionem
556 637 792 711 excitandam
813 653 854 709 ut
873 651 1041 710 tueretur
1059 636 1140 711 iura
1159 661 1250 711 suae
1269 637 1472 736 dignitatis,
1495 663 1608 736 quam

104 760 175 835 sibi
203 760 472 856 impedimento
499 785 586 834 esse
614 784 689 834 non
716 760 856 834 debere
883 763 1103 835 autumabat
1139 761 1339 859 quominus
1373 761 1607 837 Decanatum

102 885 258 981 assequi
288 900 421 981 posset
447 883 668 981 addiditque
696 885 804 982 plura
831 885 999 960 officiosa
1024 887 1141 960 verba
1167 911 1262 985 erga
1291 888 1335 962 R.
1367 888 1405 962 P.
1438 888 1484 963 D.
1516 889 1608 963 Cer-

102 1034 199 1094 rum,
228 1010 293 1105 qui
321 1010 402 1107 pari
431 1010 642 1085 urbanitate
668 1011 864 1107 respondit
892 1011 961 1084 sibi
989 1011 1246 1085 inconcussam
1276 1013 1454 1086 assistere
1482 1015 1607 1089 obser-

102 1135 280 1221 vantiam,
311 1137 415 1209 euius
435 1134 597 1209 tuendae
617 1137 739 1232 gratia
757 1135 851 1210 alios
873 1136 1189 1210 Praedecessores
1210 1154 1362 1212 nostros
1381 1138 1607 1214 reclamasse

102 1260 139 1332 in
169 1259 348 1344 similibus
376 1260 536 1344 casibus,
568 1258 782 1357 delegando
809 1260 921 1334 etiam
951 1261 1157 1334 Auditores
1185 1263 1261 1359 qui,
1291 1263 1440 1336 nomine
1468 1262 1507 1340 S.
1525 1265 1607 1337 Tri-

101 1382 249 1458 bunalis
277 1399 514 1459 recurrerent
540 1385 590 1458 ad
619 1384 729 1458 Effrm
766 1401 805 1459 et
840 1386 951 1459 Rrirm
988 1384 1037 1459 D.
1077 1385 1314 1461 Cardinalem
1354 1387 1607 1464 Procancella-

100 1509 197 1582 rium
224 1525 265 1582 et
291 1507 396 1589 alios,
426 1533 473 1582 ne
502 1510 811 1584 consuetudinem
840 1535 957 1606 super
984 1511 1055 1585 hoc
1083 1513 1273 1608 vigentem
1302 1512 1492 1588 interverti
1521 1538 1606 1610 per-

101 1635 314 1720 mitterent;
345 1649 511 1707 ceterum
539 1633 631 1731 quid
659 1634 736 1708 Diri
765 1635 949 1708 sentirent
977 1635 1204 1712 auditurum.

187 1757 338 1831 Domini
364 1781 455 1831 vero
486 1783 582 1831 unus
609 1776 700 1854 post
721 1757 833 1866 alium
853 1758 1028 1832 dixerunt
1045 1757 1141 1833 velle
1160 1779 1361 1858 expectare
1379 1763 1470 1858 quid
1490 1763 1605 1840 ssms

102 1883 151 1956 sit
179 1882 417 1968 decreturus;
447 1883 583 1979 quibus
612 1884 797 1958 stantibus
825 1885 929 1980 optio
957 1884 1054 1957 lacta
1083 1907 1154 1958 non
1183 1885 1261 1972 luit,
1293 1887 1360 1960 sed
1389 1888 1604 1962 conclusum

101 2022 164 2080 est
190 2022 232 2080 ut
259 2009 305 2082 R.
337 2009 375 2081 P.
407 2007 453 2082 D.
486 2007 627 2082 Cerrus
655 2033 791 2082 munus
818 2008 1025 2083 Prodecani
1052 2010 1230 2084 retineret
1257 2015 1448 2108 usquead
1477 2012 1606 2086 defini-

103 2134 244 2207 tionem
273 2135 426 2230 negotii.

184 2257 303 2332 Finita
332 2257 432 2331 Rota
461 2259 594 2332 ivimus
621 2258 671 2332 ad
700 2259 905 2334 Ecclesiam
933 2258 972 2334 S.
1004 2258 1232 2334 Catharinae
1260 2263 1308 2334 de
1338 2263 1450 2351 Rota,
1479 2263 1604 2362 ibique

99 2383 282 2480 exequias
319 2383 599 2470 celebravimus,
630 2384 750 2459 induti
786 2383 1018 2459 Mantellone
1054 2401 1094 2458 et
1123 2384 1323 2482 Capuccio‚
1361 2412 1430 2483 pro
1468 2389 1605 2463 Anima

99 2509 171 2584 bo:
201 2532 282 2584 me:
313 2507 459 2604 Cyriaei
478 2509 693 2597 Lancettae,
725 2508 829 2584 cuius
858 2507 1032 2584 Cadaver
1059 2512 1271 2605 expositum
1299 2529 1393 2599 erat,
1424 2537 1605 2609 praeseu-

99 2630 201 2706 tibus
229 2632 342 2706 etiam
371 2633 579 2708 Advocatis
606 2650 646 2708 et
676 2633 899 2721 Curialibus,
928 2648 1042 2730 prout
1069 2633 1117 2708 <le
1146 2660 1262 2710 more.
1682 2617 1686 2627 ’

810 3025 900 3105 407.

235 3190 368 3264 Preces
396 3190 644 3264 Notariorum
673 3191 789 3262 Rotae
816 3187 871 3260 ad
897 3186 1011 3260 Card.
1051 3186 1444 3264 Vz'ce-Cancellarium.

182 3346 298 3420 (Aaou.
317 3345 405 3417 Ror,
429 3343 691 3404 «Ordinationes
704 3367 729 3415 ι,
746 3348 833 3418 part.
851 3343 897 3411 II,
915 3342 967 3401 De
985 3341 1146 3410 Notarr'is,
1166 3360 1196 3402 n.
1220 3342 1309 3416 XII).

1420 3503 1499 3566 Sine
1517 3507 1600 3568 data.

181 3634 486 3710 Eminentissime
522 3649 563 3708 et
598 3633 927 3710 Reverendissime
965 3634 1141 3709 Domine.
1179 3633 1264 3710 Fel:
1304 3659 1387 3711 rec:
1423 3635 1600 3713 Clemens

99 3762 204 3860 Papa
233 3761 414 3846 Octavus,
445 3757 514 3846 cui,
545 3761 669 3856 spatio
699 3758 858 3858 plurium
888 3784 1071 3834 annorum
1094 3760 1130 3832 in
1150 3759 1355 3834 minoribus
1374 3761 1602 3838 constitutus

99 3887 210 3960 unius
226 3910 274 3959 ex
289 3883 538 3958 Auditoribus
553 3909 749 3960 causarum
770 3885 899 3959 Palatii
914 3881 1123 3980 Apostolici
1138 3884 1287 3958 iunctus
1301 3883 1434 3974 luerat,
1450 3888 1602 3962 abunde

98 4027 140 4088 et
168 4011 396 4085 sufficienter
422 4025 623 4085 notuerant
650 4011 844 4107 privilegia
872 4009 1067 4084 facultates
1095 4033 1117 4081 a
1145 4007 1336 4105 primaeva
1351 4008 1447 4084 illius
1466 4011 1602 4087 Tribu-

99 4135 194 4213 nalis
223 4133 413 4209 erectione
440 4132 613 4233 Collegio
641 4149 680 4208 et
708 4134 863 4210 notariis
891 4133 987 4207 illius
1015 4159 1208 4220 concessa,
1238 4152 1355 4234 utque
1375 4135 1471 4210 circa
1499 4163 1602 4213 com-

98 4261 298 4337 missiones
325 4259 469 4334 eisdem
496 4260 654 4345 debitas,
677 4277 780 4333 certa
798 4261 977 4358 deinceps
996 4259 1092 4334 ratio
1111 4260 1315 4334 haberetur
1333 4260 1480 4358 ipsique
1503 4265 1600 4338 circa

96 4386 160 4460 illa
188 4410 262 4460 non
290 4383 615 4470 defraudarentur,
647 4410 756 4459 suum
784 4384 901 4459 edidit
929 4385 1268 4482 motumproprium
1306 4386 1341 4458 in
1379 4411 1455 4482 quo
1482 4387 1600 4462 voluit

98 4527 138 4586 et
166 4508 370 4584 declaravit
395 4534 440 4582 ac
468 4510 582 4582 etiam
611 4511 745 4583 statuit
770 4525 810 4583 et
837 4508 1033 4594 ordinavit,
1064 4508 1168 4605 quod
1195 4533 1328 4584 omnes
1357 4535 1492 4584 causas
1511 4538 1599 4608 pro-

97 4635 245 4733 phanas
275 4659 462 4708 summam
491 4649 682 4708 scutorum
713 4659 789 4729 500
818 4650 993 4709 monetae
1011 4635 1242 4731 attingentes
1262 4659 1384 4731 usque
1403 4637 1451 4709 ad
1471 4661 1598 4733 quam·

97 4783 259 4855 cumque
288 4783 473 4832 summam
499 4757 760 4845 ascendentes,
789 4784 833 4833 ac
860 4759 973 4834 etiam
1002 4782 1262 4854 quascumque
1294 4785 1428 4834 causas
1461 4762 1600 4836 benefi-

97 4883 212 4958 ciales
240 4883 353 4956 etiam
382 4882 417 4955 in
446 4883 686 4976 possessorio
714 4883 863 4970 Iudicio,
903 4907 947 4956 ac
984 4882 1277 4956 matrimoniales
1308 4883 1522 4974 decimales,
1561 4903 1600 4962 et

98 5008 191 5082 luris
220 5007 439 5094 decimandi,
469 5030 514 5080 ac
541 5007 838 5082 lurisdictionum
866 5023 906 5082 et
933 5010 1030 5082 inter
1057 5007 1286 5104 Episcopum
1319 5024 1358 5082 et
1384 5010 1464 5084 eius
1485 5010 1599 5107 Capi·

99 5133 218 5207 tulum
246 5149 285 5207 et
313 5131 541 5231 Dignitates,
572 5158 641 5207 nec
669 5157 745 5206 non
776 5133 869 5207 Iuris
894 5149 1128 5230 patronatus,
1150 5134 1339 5220 unionum,
1360 5135 1596 5222 electionum,

97 5258 379 5355 exemptionum
408 5258 457 5331 ab
485 5257 684 5342 ordinario,
714 5274 782 5331 aut
807 5257 942 5354 quovis
970 5258 1042 5332 alio
1072 5256 1254 5346 Praelato,
1286 5259 1494 5348 confinium,
1517 5259 1598 5335 llle-

98 5383 351 5482 gitimitatum,
391 5381 705 5456 Reservationum
742 5399 819 5457 tam
857 5382 1079 5480 pensionum
1108 5407 1223 5479 quam
1251 5383 1436 5457 fructuum
1457 5385 1596 5459 benefi-
