3688 5924
728 337 920 398 Alexandro
938 337 959 396 I
965 337 992 396 V
1568 343 1606 404 35

184 534 244 608 Ex
272 533 435 606 adverso
454 545 590 616 autem,
619 530 733 604 fratre
752 531 934 630 Roggero
954 531 1002 604 de
1030 531 1263 608 Shotindone
1291 548 1330 606 et
1347 531 1461 608 fratre
1479 533 1605 608 Adam

101 660 150 735 de
177 659 322 734 Sancto
348 656 510 743 Albano,
543 655 735 730 monachis
772 672 811 729 et
847 657 1153 752 procuratoribus
1186 656 1354 732 eiusdem
1390 660 1606 734 monasterii

99 785 230 860 Sancti
249 780 464 881 Augustini,
496 780 531 854 in
560 793 690 858 nostra
717 781 906 877 presentia
935 780 1156 869 constitutis,
1177 781 1385 858 audivimus
1404 785 1605 858 summarie

100 933 175 1005 que
204 905 394 982 hincinde
417 905 613 1002 proposita
639 903 838 992 extiterint,
870 903 937 978 sed
957 919 1044 978 ante
1064 929 1177 1000 quam
1196 906 1245 979 ad
1265 905 1384 980 iudicii
1406 908 1604 1004 strepitum

100 1033 303 1118 veniretur,
331 1027 381 1104 ad
398 1031 539 1106 bonum
567 1028 670 1126 pacis
697 1043 737 1102 et
755 1027 955 1102 concordie
982 1027 1274 1124 interposuimus
1293 1025 1422 1126 p'artes
1441 1046 1601 1108 nostras.

102 1157 257 1230 Eisdem
284 1153 399 1254 igitur
416 1153 586 1250 partibus
604 1151 931 1247 acquiescentibus
949 1153 1088 1227 nostris
1108 1151 1332 1228 salutaribus
1352 1155 1513 1241 monitis,
1534 1180 1604 1252 pro

97 1280 285 1356 evitandis
304 1279 495 1354 laboribus
522 1295 561 1352 et
579 1278 755 1374 expensis
784 1301 858 1372 que
878 1293 1036 1374 possent
1064 1303 1111 1352 ex
1129 1277 1360 1364 iudicialibus
1384 1280 1603 1376 strepitibus

97 1405 263 1492 evenire,
292 1404 341 1478 ad
360 1403 669 1500 compositionem
688 1418 728 1477 et
746 1400 1019 1476 ordinationem
1047 1402 1271 1491 huiusmodi,
1301 1404 1409 1479 nobis
1437 1405 1604 1479 median-

98 1533 211 1616 tibus,
250 1544 311 1603 est
347 1529 570 1602 deventum:
601 1527 773 1602 videlicet
800 1526 905 1623 quod
943 1527 1099 1623 predicti
1136 1544 1400 1624 procuratores
1432 1526 1633 1604 monacbi'

96 1680 212 1751 super
239 1653 349 1729 bonis
367 1669 406 1727 et
428 1651 477 1726 de
496 1651 604 1726 bonis
622 1651 838 1726 monasterii
856 1651 1027 1748 prelibati
1046 1668 1325 1740 concesserunt,
1348 1653 1600 1740 instituerunt,

96 1781 286 1856 dederunt
314 1795 353 1854 et
380 1777 647 1854 ordinaverunt
674 1778 797 1853 eidem
825 1776 977 1852 domino
1006 1779 1057 1865 l.,'
1076 1778 1216 1852 domini
1235 1803 1332 1876 pape
1361 1780 1489 1875 nepoti
1516 1805 1604 1876 pre-

96 1907 206 1992 senti,
228 1928 376 1980 exnunc
403 1928 567 1978 annuam
596 1905 815 2000 pensionem
843 1901 975 1977 decern
1002 1919 1042 1978 et
1069 1919 1157 1978 octo
1177 1903 1389 1980 Marcarum
1418 1906 1602 1979 bonorum

96 2049 136 2106 et
170 2055 356 2107 novorum
393 2045 432 2104 et
469 2028 645 2126 legalium
682 2028 960 2125 sterlingorum,
999 2028 1178 2104 tredecim
1221 2028 1337 2104 soldis
1373 2045 1412 2104 et
1440 2046 1604 2126 quatuor

98 2156 263 2230 denariis
298 2180 368 2252 pro
404 2155 535 2228 Marca
571 2152 738 2250 qualibet
774 2154 1045 2249 computandis,
1083 2153 1300 2228 solvendam
1338 2155 1406 2228 sibi
1442 2155 1502 2230 vel
1533 2179 1604 2228 suo

100 2285 232 2354 nuntio
266 2305 333 2354 seu
361 2277 595 2375 procuratori
621 2277 723 2374 apud
752 2276 968 2352 Londonias
995 2277 1032 2350 in
1051 2278 1164 2353 domo
1193 2278 1319 2352 militie
1338 2277 1486 2375 Templi
1505 2280 1601 2365 novi,

98 2408 135 2479 in
163 2405 264 2481 sesto
283 2403 400 2478 sancti
430 2403 637 2490 Michaelis,
667 2403 727 2476 vel
754 2403 786 2476 si
815 2401 951 2476 ibidem
979 2403 1077 2476 idem
1106 2403 1132 2478 1.
1162 2403 1223 2478 vel
1250 2403 1329 2478 eius
1358 2404 1509 2478 nuntius
1535 2430 1602 2480 seu

99 2543 323 2628 procurator
350 2528 524 2602 inventus
553 2550 626 2601 non
655 2525 775 2612 suerit,
806 2525 948 2602 eisdem
978 2525 1061 2600 loco
1097 2543 1137 2600 et
1174 2527 1343 2616 terminu,
1383 2527 1533 2618 nomine
1564 2543 1604 2602 et

98 2657 179 2730 vice
197 2653 317 2751 ipsius
335 2650 515 2727 auditoris
534 2649 799 2746 deponendam
817 2653 889 2726 sub
908 2651 1122 2726 testimonio
1132 2651 1370 2726 Thesaurarii
1389 2651 1447 2725 vel
1469 2649 1603 2726 Custo-

99 2780 169 2866 dis‚
208 2795 248 2854 et
274 2801 393 2876 penes
421 2777 713 2850 Thesaurarium
740 2793 806 2851 aut
834 2775 1042 2850 Custodem
1070 2774 1207 2850 domus
1234 2776 1414 2871 predicte.
1445 2775 1485 2850 Si
1512 2801 1603 2850 vero

100 2904 256 3000 predicti
285 2904 416 2978 Abbas
453 2916 493 2975 et
529 2899 751 2975 Conventus
782 2900 919 2975 dictam
953 2902 1183 2997 pensionem,
1214 2898 1322 2974 dictis
1349 2899 1432 2976 loco
1460 2916 1500 2975 et
1528 2917 1604 2976 ter-

100 3031 214 3116 min0,
258 3051 332 3102 non
374 3024 564 3108 solverint,
603 3023 858 3121 promiserunt
893 3025 1005 3098 iidem
1041 3023 1213 3099 monachi
1249 3041 1288 3098 et
1325 3040 1600 3120 procuratores,

101 3153 252 3229 nomine
281 3150 499 3226 Monasterii
537 3149 604 3234 sui,
635 3148 705 3245 ipsi
733 3149 893 3224 auditori
922 3149 1069 3224 solvere
1097 3149 1228 3224 decem
1257 3149 1420 3236 Marcas,
1454 3151 1603 3223 nomine

98 3303 208 3375 pene,
240 3275 417 3372 quotiens
443 3275 479 3348 in
518 3273 705 3349 solutione
742 3289 935 3348 cessarent
971 3273 1162 3369 pensionis
1197 3273 1376 3370 predicte,
1414 3273 1604 3348 credendo

98 3405 218 3502 ipsius
246 3401 429 3477 dominil.
460 3399 518 3474 vel
546 3399 628 3472 eius
656 3399 772 3473 nuntii
801 3399 879 3472 sive
907 3400 1171 3494 procuratoris,
1199 3397 1356 3494 simplici
1373 3400 1501 3486 verbo,
1523 3399 1603 3474 sine

98 3529 256 3604 alterius
274 3549 388 3600 onere
416 3523 657 3621 probationis,
681 3549 796 3619 super
814 3523 987 3618 dampnis
1006 3539 1046 3598 et
1063 3525 1238 3619 expensis
1258 3548 1332 3620 que
1351 3523 1449 3598 idem
1466 3522 1605 3619 Capel-

99 3653 209 3727 lanus
237 3651 453 3734 incurreret,
484 3649 681 3722 occasione
709 3646 916 3732 solutionis,
947 3647 1124 3743 predictis
1151 3647 1234 3723 loco
1262 3662 1302 3722 et
1330 3647 1499 3736 termino,
1517 3672 1605 3722 ¹non

100 3779 211 3852 lacte:
233 3773 467 3872 proquibus
495 3773 668 3848 omnibus
695 3773 943 3847 observandis
971 3789 1011 3846 et
1037 3770 1197 3848 fideliter
1227 3771 1485 3869 adimplendis
1516 3773 1604 3848 obli-

98 3915 287 4002 gaverunt
313 3899 439 3972 omnia
466 3899 566 3972 bona
594 3896 711 3971 sancti
739 3896 945 3995 Augustini
972 3896 1147 3992 superius
1165 3897 1373 3983 memorati,
1394 3896 1605 3970 renuntian-

98 4045 155 4102 tes
186 4023 445 4099 constitutioni
480 4021 529 4094 de
566 4021 714 4094 duabus
741 4019 863 4106 dietis,
902 4020 1143 4116 prohibitioni
1176 4020 1280 4119 regie
1308 4020 1487 4116 omnique
1515 4021 1604 4094 iuris

100 4151 250 4237 auxilio,
281 4163 358 4222 tam
384 4147 549 4221 canonici
577 4160 655 4220 tam
682 4143 808 4220 civilis.
841 4144 1049 4221 Predictam
1078 4161 1205 4220 autem
1233 4145 1463 4242 pensionem,
1493 4145 1604 4220 iidem

100 4279 221 4353 abbas
249 4287 289 4348 et
315 4287 524 4347 conventus
542 4271 665 4344 eidem
690 4269 886 4368 capellano
914 4271 1105 4344 annuatim
1135 4267 1294 4356 solvant,
1324 4268 1445 4345 donec
1472 4270 1540 4344 sibi
1567 4271 1604 4342 in

102 4398 295 4499 provincia
315 4396 576 4472 Cantuariensi
604 4394 653 4469 de
680 4395 839 4471 ecclesia
857 4393 916 4469 vel
946 4395 1199 4470 ecclesiastico
1222 4393 1412 4482 beneficio,
1444 4419 1519 4468 uno
1547 4392 1605 4468 vel

103 4526 284 4624 pluribus,
314 4519 450 4597 valoris
468 4521 742 4618 quinquaginta
760 4544 970 4595 marcarum
988 4519 1037 4594 ad
1056 4521 1188 4607 minus,
1210 4521 1402 4616 provisum
1427 4518 1603 4606 extiterit,

102 4670 139 4728 et
166 4649 335 4726 fueritin
362 4647 515 4745 pacifica
543 4645 786 4744 possessione
814 4646 1038 4742 provisionis
1057 4645 1235 4742 predicte,
1256 4661 1294 4718 et
1313 4644 1456 4718 fructus
1474 4669 1604 4740 perce-

103 4779 203 4876 perit
228 4801 278 4850 ex
304 4774 450 4850 eadem,
481 4771 532 4844 Et
558 4796 638 4856 nos,
659 4773 882 4846 auctoritate
911 4771 1061 4846 nobisa
1088 4769 1240 4844 domino
1263 4793 1364 4866 papa
1392 4771 1601 4856 commissa,

102 4922 140 4978 et
157 4901 275 4978 etiam
302 4899 350 4973 de
370 4897 532 4993 partium
551 4895 754 4983 voluntate,
776 4895 984 4991 predictam
1002 4897 1222 4992 pensionem
1250 4893 1487 4980 instituimus,
1517 4919 1605 4968 con-

104 5029 271 5103 cedimus
299 5038 339 5098 et
365 5022 583 5098 ordinamus
609 5037 820 5096 memorato
847 5019 1000 5095 domino
1027 5020 1053 5095 1.
1084 5043 1199 5115 super
1225 5019 1333 5094 bonis
1359 5019 1469 5093 etde
1497 5019 1605 5094 bonis

106 5153 223 5250 ipsius
266 5145 487 5222 Monasterii
529 5145 648 5219 sancti
688 5144 893 5242 Augustini
930 5145 1045 5218 modo
1084 5159 1125 5218 et
1161 5145 1280 5217 forma
1321 5142 1493 5238 superius
1530 5143 1603 5216 iam

106 5273 316 5375 expressis;
357 5269 590 5368 supplentes,
619 5268 668 5343 de
695 5269 835 5344 domini
866 5293 965 5366 pape
1001 5267 1154 5364 speciali
1188 5267 1378 5353 mandatu,
1418 5265 1602 5340 delectum

104 5397 378 5499 procurationis
406 5410 690 5492 procuratorum
723 5395 902 5492 ipsorum,
932 5393 969 5466 in
997 5418 1044 5466 eo
1072 5394 1175 5488 quod
1208 5393 1278 5486 ipsi
1306 5392 1355 5464 ad
1383 5413 1603 5485 componen-
