3748 5914
806 301 919 360 Paulo
938 300 997 360 III
1581 289 1647 358 '289

42 477 44 482 ι
148 501 218 574 sub
247 497 547 592 quibuscumque
584 497 777 569 tenoribus
805 511 845 568 et
881 494 1010 568 formis
1047 519 1092 567 ac
1128 521 1212 568 cum
1241 494 1436 590 quibusvis
1473 491 1648 566 clausulis

146 640 186 696 et
220 620 380 694 decretis
410 619 522 692 etiam
560 619 703 693 iteratis
732 620 873 694 vicibus
903 620 1203 716 quibuscumque
1232 643 1470 714 quocumque
1499 619 1648 691 nomine

146 762 422 842 nuncupentur,
461 759 500 818 et
542 745 737 842 dignitate,
769 769 836 818 seu
874 744 1086 818 maioritate
1123 743 1386 842 praefulgeant
1422 744 1458 815 in
1494 767 1647 842 genere,

145 873 204 946 vel
233 873 270 943 in
299 871 437 966 specie,
466 885 505 942 et
534 894 599 942 seu
628 895 759 944 eorum
786 868 966 968 Collegiis
986 869 1185 954 concessis,
1216 868 1447 964 approbatis,
1478 883 1517 942 et
1543 870 1649 942 inno-

143 997 252 1078 vatis,
283 1021 326 1069 ac
362 995 398 1066 iu
427 1009 622 1090 posterum
653 993 914 1080 concedendis,
936 992 1203 1089 approbandis,
1235 1008 1274 1066 et
1300 993 1532 1067 innovandis.
1554 990 1646 1085 Qui·

144 1123 216 1194 hus
244 1119 428 1203 omnibus,
466 1119 578 1192 etiam
617 1119 648 1192 si
685 1143 755 1215 pro
785 1118 938 1216 illorum
976 1117 1170 1190 sufficienti
1206 1117 1452 1214 derogatione
1485 1120 1532 1190 de
1565 1115 1644 1204 illis,

142 1268 353 1340 eorumque
399 1245 488 1316 totis
535 1245 727 1317 tenoribus
770 1242 957 1340 specialis,
998 1241 1172 1338 specifica
1209 1258 1247 1316 et
1283 1267 1466 1338 expressa
1507 1243 1646 1316 mentio

144 1368 329 1451 habenda,
368 1384 434 1441 aut
471 1368 658 1462 exquisita
694 1368 813 1441 forma
851 1367 1038 1442 servanda
1074 1367 1181 1452 soret,
1221 1382 1260 1440 et
1297 1366 1333 1438 in
1378 1367 1433 1440 eis
1470 1382 1647 1442 caveatur

144 1519 338 1592 expresse,
355 1493 459 1589 quod
478 1491 548 1564 illis
570 1491 782 1568 nullatenus
801 1492 977 1592 derogari
996 1493 1127 1588 possit,
1147 1491 1292 1566 illorum
1312 1493 1476 1565 omnium
1497 1509 1648 1566 tenores

146 1646 215 1718 pro
245 1618 472 1694 sufficienter
504 1621 696 1714 expressis
724 1635 763 1692 et
782 1620 930 1692 insertis
950 1619 1144 1701 habentes,
1165 1597 1234 1692 hac
1252 1619 1332 1691 vice
1351 1615 1556 1704 dumtaxat,
1578 1616 1646 1690 illis

145 1747 237 1818 alias
266 1745 301 1816 in
331 1769 401 1817 suo
430 1744 567 1818 robore
595 1745 860 1839 permansuris,
891 1743 1023 1816 harum
1052 1743 1160 1828 serie,
1180 1758 1284 1817 motu
1305 1757 1344 1816 et
1367 1743 1522 1819 scientia
1549 1742 1649 1816 simi-

144 1868 252 1954 libus,
280 1867 533 1966 derogamus;
564 1891 631 1942 nec
659 1891 733 1940 non
762 1868 939 1941 omnibus
958 1866 1028 1941 illis
1047 1891 1145 1962 quae
1164 1868 1200 1939 in
1220 1867 1352 1940 litteris
1372 1867 1514 1940 eisdem
1533 1865 1650 1940 Audi·

146 1995 291 2067 toribus
319 2008 360 2065 et
387 1991 716 2078 Locatenentibus,
748 2017 814 2066 seu
843 2017 974 2066 eorum
1013 1991 1185 2088 Collegio
1217 2015 1408 2076 concessa,
1428 1987 1646 2076 voluerunt,

144 2118 234 2192 dieti
263 2115 582 2214 praedecessores
611 2140 685 2190 non
713 2118 876 2218 obstare,
907 2141 1004 2213 quae
1032 2141 1102 2213 pro
1130 2117 1300 2214 repetitis
1319 2117 1540 2190 habeantur.
1557 2116 1650 2190 Cae·

145 2244 316 2337 terisque
344 2242 543 2316 contrariis
572 2243 883 2339 quibuscumque.
912 2243 963 2316 Et
999 2241 1087 2337 quia
1122 2241 1266 2314 dishcile
1294 2242 1391 2314 foret
1428 2254 1649 2337 praesentes

66 2461 74 2478 ·
144 2367 289 2470 litteras
328 2366 378 2439 ad
416 2366 566 2463 singula
600 2364 692 2451 loca,
723 2368 760 2439 in
789 2367 925 2462 quibus
953 2367 1001 2439 de
1028 2367 1168 2439 eisdem
1198 2365 1290 2439 fides
1319 2367 1445 2438 sorsan
1482 2363 1649 2438 facienda

144 2507 259 2574 esset,
283 2491 431 2574 deferri,
449 2488 623 2565 volumus
641 2507 681 2565 et
699 2493 832 2564 eadem
853 2492 1076 2566 auctoritate
1090 2491 1338 2576 decernimus,
1359 2490 1463 2586 quod
1482 2489 1648 2587 ipsarum

145 2617 394 2713 transumptis
422 2640 533 2689 manu
563 2616 715 2690 alicuius
746 2617 894 2690 Notarii
920 2616 1059 2714 publici
1087 2616 1319 2713 subscriptis,
1359 2630 1398 2689 et
1434 2614 1556 2713 sigillo
1584 2613 1649 2687 ali-

145 2741 250 2815 cuius
281 2740 441 2814 Praelati
461 2742 631 2828 munitis,
663 2741 795 2815 eadem
823 2767 978 2841 prorsus
1016 2744 1109 2816 fides
1144 2741 1378 2828 adhibeatur,
1410 2765 1508 2836 quae
1543 2739 1649 2814 adhi-

145 2869 300 2940 beretur
328 2867 471 2942 eisdem
501 2869 765 2962 praesentibus
793 2870 825 2942 si
852 2868 976 2942 forent
1004 2867 1199 2954 exhibitae,
1230 2866 1289 2940 vel
1317 2881 1504 2941 ostensae.

229 2992 371 3065 Datum
402 2993 558 3078 Romae,
574 2995 677 3089 apud
706 2993 885 3066 Sanctum
905 2993 1086 3079 Marcum,
1108 2994 1180 3066 sub
1197 2992 1336 3066 annulo
1355 2991 1565 3078 PiscatoriS,
1588 2991 1648 3064 die

146 3139 226 3188 xvn
255 3117 422 3214 Augusti
457 3139 569 3210 1537,
600 3116 841 3191 Pontificatus
870 3119 988 3192 nostri
1015 3141 1114 3192 anno
1142 3119 1265 3193 terti0.

1263 3277 1304 3349 L.
1334 3277 1382 3349 de
1412 3275 1566 3350 Torres.

861 3565 946 3644 161.

371 3723 493 3798 Paulo
522 3725 596 3798 Ill
617 3726 737 3823 Papa.
766 3769 785 3782 -
811 3726 1069 3800 Inventarium
1099 3725 1267 3822 Capellae
1295 3725 1422 3799 Rotae.

228 3878 347 3950 (Anca.
366 3877 453 3952 Ros,
478 3879 700 3938 ‹Inventaria
713 3905 738 3954 »,
757 3897 790 3940 n.
809 3883 847 3954 9).

449 4041 563 4116 Fatto
591 4041 614 4116 il
643 4043 679 4116 dl
708 4043 830 4140 primo
859 4045 894 4116 di
924 4045 1085 4132 ottobre,
1117 4042 1178 4118 del
1206 4066 1347 4117 unxux

228 4219 439 4294 Inventario
466 4220 562 4295 delle
591 4247 680 4296 cose
708 4223 739 4295 si
766 4225 958 4296 ritrovano
986 4223 1083 4297 nella
1112 4222 1234 4296 Cassa
1269 4221 1355 4296 delli
1384 4222 1429 4297 R.
1460 4222 1498 4295 S.
1529 4219 1649 4294 Audi-

147 4345 219 4418 tori
246 4345 284 4418 di
313 4347 430 4433 Rota;
459 4347 494 4420 la
523 4347 612 4442 qual
640 4349 688 4422 ha
716 4348 752 4421 in
779 4349 952 4424 custodia
979 4349 1002 4423 il
1032 4350 1077 4424 R.
1108 4351 1265 4426 Mons.or
1290 4349 1516 4423 Tesauriero
1551 4346 1649 4421 della

148 4470 259 4545 Rota.

227 4594 316 4668 Uno
343 4594 438 4670 libro
465 4597 501 4669 in
530 4613 633 4671 carta
661 4600 859 4695 peccorina
888 4600 947 4673 nel
966 4599 1055 4697 qual
1074 4624 1169 4673 sono
1192 4600 1321 4674 scritte
1339 4599 1374 4672 le
1393 4595 1649 4670 constitutioni

143 4735 185 4792 et
214 4719 469 4794 reformationi
497 4720 597 4795 della
626 4723 737 4810 Rota,
769 4741 926 4821 coperto
954 4725 991 4798 di
1019 4750 1170 4799 corame
1197 4724 1376 4810 biancho;

225 4844 314 4919 Uno
341 4843 436 4920 libro
465 4848 502 4921 di
530 4864 633 4924 carta
661 4851 839 4946 pecorina
863 4851 923 4925 nel
941 4851 1054 4948 quale
1074 4851 1095 4924 ὲ
1112 4851 1243 4924 scritta
1263 4849 1299 4923 la
1318 4848 1488 4924 oratione
1508 4847 1545 4920 di
1563 4845 1649 4942 Spi-

145 4971 217 5043 ritu
246 4969 315 5045 S.‘⁰
334 4986 374 5044 et
393 4972 416 5044 il
438 4973 553 5048 modo
568 4977 598 5048 si
619 4975 741 5050 debba
760 4975 816 5049 far
834 4975 870 5050 la
889 4977 1060 5050 oratione
1079 4976 1115 5048 in
1135 4977 1246 5062 Rota,
1268 4989 1425 5070 coperto
1443 4971 1480 5044 di
1499 4995 1649 5045 corame

147 5120 253 5170 nero.
1349 5185 1350 5189 Ἰ

227 5219 315 5294 Uno
348 5218 502 5293 Missale
532 5221 566 5293 in
596 5237 700 5294 carta
727 5222 938 5318 peccorina,
968 5238 1126 5320 coperto
1153 5221 1191 5294 di
1218 5244 1368 5296 eorame
1397 5245 1495 5296 r0s0.

228 5345 316 5418 Uno
346 5341 550 5427 Altariolo;
