3688 5924
783 312 974 372 Innocentio
992 313 1051 372 ΙΙΙ
1628 311 1661 370 13

154 517 193 574 et
212 502 409 600 Magistro
441 503 479 578 P.
501 503 630 588 Parvo,
652 503 843 578 Canonico
865 503 1111 590 Bitturicensi,
1129 530 1198 600 per
1222 522 1371 580 nostras
1390 503 1534 580 litteras
1553 505 1658 579 duxi-

156 653 237 701 mus
264 627 538 726 iniungendum
568 643 607 700 ut
645 628 713 701 nisi
741 653 764 701 a
797 629 1035 724 paucioribus
1062 645 1101 702 et
1129 629 1363 704 inferioribus
1393 629 1660 704 rationabiliter

153 769 258 827 esset
283 754 476 827 obiectum
496 752 635 849 aliquid
656 751 713 825 vel
731 767 926 826 ostensum
945 769 1103 850 propter
1121 755 1224 850 quod
1244 755 1393 827 maioris
1422 769 1461 827 et
1479 754 1659 852 dignioris

156 880 274 976 partis
301 901 511 952 consensus
538 878 734 974 prevalere
762 899 837 950 non
866 894 1009 973 posset,
1030 879 1095 953 tibi
1126 879 1355 973 prebendam
1383 881 1504 974 ipsam
1532 893 1658 952 aucto-

155 1002 266 1076 ritate
303 1002 513 1099 apostolica
538 999 792 1099 appellatione
829 1018 973 1077 remota
1008 1002 1231 1089 conferrent,
1263 1005 1558 1077 contradictores
1589 1026 1659 1098 per

153 1153 352 1203 censuram
381 1126 670 1202 ecclesiasticam
699 1125 951 1223 appellatione
980 1131 1193 1226 postposita
1221 1145 1517 1225 compescentes.
1557 1127 1656 1201 Dicti

154 1277 246 1327 vero
284 1253 425 1326 iudices
462 1275 530 1348 per
566 1253 750 1347 quasdam
783 1253 927 1326 litteras
964 1253 1144 1348 Fayensis
1174 1251 1338 1349 Capituli
1376 1253 1656 1348 perpendentes

152 1377 366 1476 expressim
403 1378 439 1451 in
477 1393 514 1451 te
551 1377 715 1451 omnium
753 1403 973 1451 concurrere
1011 1403 1236 1452 consensum
1268 1393 1309 1451 et
1339 1393 1439 1463 vota,
1479 1375 1655 1474 Capitulo

150 1503 428 1578 mandaverunt
455 1518 497 1576 ut
523 1503 702 1577 iacientes
721 1503 769 1576 de
789 1503 1015 1577 necessitate
1042 1504 1228 1590 virtutem,
1248 1503 1314 1578 tibi
1342 1500 1543 1577 liberaliter
1569 1527 1656 1600 pre-

149 1628 317 1702 bendam
347 1627 597 1702 concederent
623 1628 851 1702 nominatam
885 1643 924 1701 et
958 1628 1108 1703 stallum
1141 1631 1176 1702 in
1215 1627 1343 1702 Choro
1379 1651 1423 1701 ac
1460 1627 1581 1702 locum
1618 1627 1653 1700 in

149 1750 332 1849 Capitulo
359 1753 608 1849 assignarent,
639 1754 736 1826 etsi
765 1752 829 1849 qui
859 1753 1062 1849 receptioni
1090 1768 1153 1826 tue
1182 1777 1223 1826 se
1252 1755 1431 1826 ducerent
1462 1778 1648 1849 opponen·

148 1879 238 1964 dos,
267 1901 395 1951 coram
421 1877 476 1950 eis
504 1890 648 1950 statuto
666 1878 716 1950 ad
743 1876 815 1949 hoc
842 1885 1002 1950 termino
1021 1895 1293 1974 comparerent,
1317 1878 1535 1952 mandatum
1561 1903 1653 1974 apo·

148 2003 328 2076 stolicum
355 2001 527 2076 audituri.
560 2001 633 2076 Die
661 2002 812 2097 quidem
841 2001 981 2098 prefixa
1010 2019 1085 2076 tam
1115 2018 1294 2097 tequam
1328 2002 1376 2077 G.
1405 2002 1453 2076 de
1483 2003 1654 2077 Marnaio

147 2143 221 2200 tuo
248 2126 465 2202 adversario
492 2127 677 2201 incorum
704 2127 895 2223 presentia
923 2127 1146 2214 constitutis,
1166 2143 1206 2200 et
1224 2129 1396 2202 omnibus
1423 2129 1501 2201 sere
1530 2127 1655 2201 Cano-

147 2252 245 2326 nicis
273 2251 488 2348 petentibus
515 2253 565 2324 ab
585 2251 727 2325 eisdem
747 2268 789 2325 ut
807 2253 1029 2326 auctoritate
1049 2252 1257 2348 apostolica
1276 2279 1404 2349 perse
1423 2253 1528 2348 ipsos
1547 2273 1653 2326 tuum

146 2392 283 2451 votum
310 2374 510 2450 efficaciter
536 2374 794 2473 adimplerent,
823 2391 864 2450 et
882 2401 1072 2472 perpenso
1099 2377 1246 2472 plenius
1274 2402 1343 2473 per
1377 2377 1562 2475 quasdam
1593 2373 1654 2449 lit-

147 2519 254 2575 teras
275 2499 437 2596 Capituli
458 2517 589 2574 nostro
608 2501 837 2596 apostolatui
856 2501 1066 2576 destinatas
1086 2501 1299 2577 Canonicos
1318 2503 1352 2575 in
1373 2527 1559 2577 consensu
1578 2502 1654 2598 pri·

150 2628 252 2700 stino
280 2628 329 2700 de
358 2642 395 2700 te
414 2627 511 2700 inter
531 2651 572 2700 se
601 2627 729 2701 habito
755 2628 975 2724 perdurare,
1004 2629 1178 2725 quamvis
1206 2653 1254 2702 ex
1282 2645 1390 2725 parte
1417 2628 1489 2701 alia
1514 2628 1551 2700 in
1577 2627 1651 2700 alio

147 2752 314 2826 termino
347 2776 431 2825 cum
466 2751 590 2826 edicto
627 2754 881 2848 peremptorio
919 2754 1089 2849 partibus
1126 2753 1322 2851 assignato
1359 2753 1522 2849 quedam
1559 2752 1652 2848 ipsis

148 2877 332 2951 iudicibus
360 2874 482 2950 littere
509 2892 818 2962 monstrarentur,
848 2902 1008 2975 quarum
1036 2878 1264 2952 continentia
1301 2879 1511 2952 testabatur
1542 2901 1652 2973 sepe-

148 3003 289 3076 dictam
327 3001 557 3098 prebendam
595 3003 664 3098 ipsi
703 3001 750 3078 G.
789 3003 838 3076 de
868 3002 1039 3077 Marnaio
1075 3002 1247 3098 primitus
1280 3003 1395 3076 luisse
1431 3025 1650 3077 concessam

148 3153 264 3226 quam
292 3142 332 3200 tu
352 3128 424 3199 iter
441 3127 663 3222 arripuisses
691 3127 739 3200 ad
768 3129 907 3201 Sedem
928 3127 1186 3223 Apostolicam
1210 3127 1391 3214 veniendi,
1412 3129 1498 3225 quia
1527 3140 1650 3202 tamen

148 3253 402 3348 receptionem
421 3251 469 3324 de
497 3251 545 3324 G.
575 3251 711 3324 factam
739 3277 808 3348 per
836 3252 1022 3348 prelatum
1059 3253 1290 3348 Episcopum
1319 3252 1575 3326 Pictavensem
1601 3250 1649 3324 de

146 3377 326 3452 mandato
346 3376 524 3472 Episcopi
545 3376 759 3450 Hostiensis
787 3377 1006 3450 invenerant
1033 3378 1224 3462 irritatam,
1246 3401 1313 3450 nec
1333 3375 1472 3472 aliquid
1491 3376 1650 3448 rationa-

145 3504 219 3577 bile
246 3519 377 3576 contra
407 3517 444 3574 te
463 3501 531 3574 luit
548 3502 766 3597 oppositum
794 3503 853 3576 vel
874 3502 908 3574 in
938 3502 1075 3575 sactum
1095 3502 1293 3586 obiectum,
1316 3518 1353 3574 te
1373 3501 1422 3576 de
1441 3515 1648 3575 memorata

146 3626 338 3725 prebenda
375 3643 551 3700 curarunt
579 3627 848 3701 sententialiter
882 3627 1068 3714 investire,
1100 3628 1134 3698 in
1166 3625 1335 3712 rebelles,
1363 3626 1394 3699 si
1423 3625 1486 3721 qui
1516 3625 1649 3698 existe-

146 3767 241 3836 rent,
262 3750 657 3825 excommunicationis
676 3751 899 3825 sententiam
918 3751 1164 3846 proferentes,
1180 3767 1219 3824 et
1233 3775 1302 3846 per
1315 3749 1491 3824 dilectum
1506 3749 1646 3824 filium..

147 3879 338 3952 Abbatem
367 3875 415 3948 de
444 3874 562 3949 Stella
590 3875 838 3950 Cistercensis
866 3875 1006 3948 ordinis
1044 3901 1150 3951 suam
1179 3877 1402 3949 sententiam
1439 3876 1648 3948 executioni

147 4003 381 4082 mandantes,
404 4024 472 4073 nec
490 3998 732 4096 appellationi
750 4023 773 4072 a
792 4017 899 4096 parte
918 4000 1037 4074 altera
1056 4002 1276 4096 interposite
1296 4015 1470 4074 curantes
1489 3998 1645 4082 deferre,

146 4151 273 4220 quam,
303 4149 388 4196 cum
417 4148 491 4198 non
520 4127 568 4198 sit
586 4127 634 4198 ab
662 4125 925 4199 executoribus
953 4124 1218 4221 appellandum
1247 4109 1315 4200 nisi
1344 4126 1496 4198 modum
1517 4148 1646 4197 execu-

145 4249 258 4324 tionis
286 4247 480 4332 excedant,
510 4248 757 4322 decreverunt
777 4248 917 4322 irritam
945 4265 984 4322 et
1011 4249 1169 4326 inanem.
1195 4249 1334 4324 Verum
1365 4275 1387 4322 a
1416 4247 1592 4343 Capitulo
1610 4248 1646 4318 in

143 4373 245 4446 omni
274 4372 504 4467 plenitudine
532 4373 775 4446 canonicatus
794 4389 968 4468 receptus
996 4373 1044 4446 ad
1069 4388 1236 4447 nostram
1265 4373 1491 4470 presentiam
1519 4395 1646 4444 acces-

144 4496 237 4584 sisti,
273 4521 388 4592 super
414 4493 666 4592 appellatione
695 4497 906 4571 huiusmodi
937 4515 1001 4571 tuo
1030 4499 1247 4572 adversario
1277 4521 1536 4595 responsurus.
1567 4495 1645 4569 Sed

145 4647 230 4695 cum
258 4647 342 4696 eam
372 4622 464 4696 infra
501 4646 638 4694 annum
667 4621 749 4717 ipse
786 4646 859 4694 non
896 4623 1005 4695 suerit
1037 4641 1269 4719 prosecutus,
1308 4638 1348 4696 et
1383 4637 1472 4717 post
1508 4645 1645 4694 annum

144 4747 361 4844 elapsum...
379 4748 459 4820 eius
475 4768 594 4842 nepos
610 4773 701 4820 suus
717 4762 937 4842 procurator
950 4746 1105 4820 effectus
1119 4748 1220 4844 apud
1232 4748 1371 4821 Sedem
1388 4745 1645 4843 Apostolicam

143 4887 365 4954 moraretur,
397 4895 443 4944 ne
472 4887 602 4944 contra
631 4887 668 4944 te
697 4871 837 4966 aliquid
874 4870 1102 4968 impetraret,
1132 4872 1343 4945 condictum
1379 4869 1646 4943 Subdiacnrum

144 5006 178 5070 el
206 4995 445 5092 Capellanum
471 5005 639 5070 nostrum
673 4996 739 5069 tibi
773 4997 994 5070 Audr'torem
1028 4996 1144 5070 trz'buz'
1161 4997 1368 5095 postulasti.
1398 4994 1473 5088 Qui
1511 5020 1645 5091 procu-

145 5139 246 5197 rator
273 5122 458 5218 quasdam
496 5122 639 5196 litteras
667 5122 745 5194 sine
774 5123 832 5194 sui
859 5121 1085 5196 conscientia
1112 5125 1315 5218 impetrans
1344 5120 1549 5206 Auditoris,
1580 5144 1646 5193 eas

144 5263 348 5344 postquam
386 5244 454 5319 illis
482 5245 764 5320 contradixeras
792 5247 840 5318 de
868 5246 968 5320 bulla
1003 5247 1235 5344 presumpsit
1261 5248 1459 5320 extrahere
1494 5245 1644 5317 lraudo-

146 5376 282 5458 lenter;
312 5396 410 5467 quas
441 5371 581 5444 viribus
608 5395 736 5444 carere
765 5369 998 5444 decrevimus
1031 5395 1099 5466 per
1126 5373 1310 5467 quasdam
1342 5371 1485 5444 litteras
1517 5370 1644 5442 subse-
