3688 5924
756 275 947 335 Innocentio
965 275 1023 336 III
1605 279 1636 337 ll

1322 379 1499 386 -Uw
1511 379 1631 388 -...---·-

131 490 211 538 rum
240 467 579 544 concanonicorum
608 485 758 543 tuorum
787 452 937 544 nomine
975 470 1220 567 respondenti
1256 472 1397 567 pariter
1423 489 1464 546 et
1495 473 1635 570 agenti,

134 613 250 684 super
288 591 483 686 prebenda
519 591 566 666 de
613 593 727 690 Faya,
766 617 841 690 que
877 593 947 667 luit
986 594 1073 669 olim
1110 596 1156 670 R.
1187 595 1235 668 de
1273 595 1416 670 Poento
1459 595 1637 670 Canonici

132 713 300 788 eiusdem
329 715 510 803 Ecclesie,
539 718 752 794 volentibus
785 719 943 816 litigare,
972 719 1148 793 dilectum
1176 718 1290 794 filium
1319 721 1513 794 Andream
1542 720 1640 794 Sub-

132 837 333 912 diaconum
371 858 412 915 et
449 839 696 938 Capelianum
731 859 902 917 nostrum
937 846 1192 919 concessimus
1221 845 1460 921 Auditorem.
1490 847 1530 917 ln
1558 845 1638 919 eius

131 963 245 1062 igitur
282 970 474 1062 presentia
507 991 721 1065 proponere
756 970 932 1043 curavisti
960 971 1064 1065 quod
1101 995 1148 1044 cx
1185 972 1456 1045 consuetudine
1493 994 1638 1069 usuque

130 1087 297 1186 longevo
325 1091 536 1168 iuramento
573 1096 795 1190 interposito
833 1096 1031 1181 roboratis,
1062 1097 1096 1167 in
1126 1095 1294 1170 Ecclesia
1335 1097 1454 1169 sancti
1483 1095 1639 1192 Georgii

130 1211 178 1286 de
207 1213 315 1310 Faya
343 1216 441 1289 ultra
478 1219 742 1295 duodecimum
771 1245 966 1294 numerum
998 1219 1177 1294 Canonici
1210 1243 1283 1294 non
1315 1220 1457 1294 debent
1483 1219 1635 1306 institui,

131 1361 199 1410 nec
228 1338 311 1412 fieri
339 1343 540 1438 promissio
569 1343 628 1417 vel
656 1346 851 1418 concessio
884 1346 932 1418 de
968 1345 1162 1442 prebenda
1197 1343 1323 1443 aliqua
1354 1367 1429 1419 non
1467 1361 1635 1437 vacante.

130 1461 267 1536 Nullus
298 1467 452 1564 insuper
481 1467 695 1542 Canonicus
725 1469 906 1567 Fayensis
925 1470 1157 1565 prebendam
1185 1484 1224 1544 et
1250 1467 1414 1565 aliquam
1441 1469 1490 1543 de
1509 1468 1641 1542 Eccle-

131 1586 194 1659 siis
221 1588 274 1662 ad
306 1591 468 1687 Capituli
506 1593 750 1667 donationem
789 1595 1047 1691 spectantibus
1084 1609 1213 1690 potest
1248 1592 1397 1667 insimul
1429 1593 1637 1690 possidere,

129 1711 197 1784 sed
226 1734 408 1790 vacantes
436 1716 518 1792 aliis
536 1717 648 1790 chori
686 1719 928 1792 servitoribus
961 1745 984 1792 a
1017 1718 1195 1815 Capitulo
1231 1719 1482 1793 conseruntur.
1523 1717 1573 1790 Et
1609 1717 1639 1790 si

131 1839 288 1934 quando
319 1841 570 1916 Ecclesiarum
604 1841 731 1917 talium
769 1843 903 1939 aliquis
939 1843 1154 1939 capellanus
1190 1845 1226 1918 in
1263 1843 1496 1918 Canonicum
1532 1867 1640 1916 assu-

130 1977 267 2047 matur,
300 1964 544 2060 capellaniam
573 1965 866 2042 valcamonicam
895 1967 1130 2065 compellitur
1149 1971 1352 2066 resignare,
1374 1993 1458 2041 cum
1478 1991 1563 2040 sese
1590 1967 1640 2039 ad

129 2086 292 2162 invicem
322 2089 370 2165 de
398 2094 671 2166 consuetudine
708 2093 855 2166 minime
890 2095 1090 2189 patiantur,
1130 2109 1168 2166 et
1206 2093 1342 2192 singuli
1378 2092 1443 2187 qui
1477 2091 1640 2188 capella-

129 2213 209 2285 nias
239 2215 438 2312 recipiunt,
467 2216 712 2312 corporaliter
739 2219 900 2316 prestito
928 2219 1137 2291 iuramento
1165 2219 1387 2314 promittant
1414 2241 1456 2290 se
1484 2217 1520 2289 in
1549 2217 1639 2313 ipsis

128 2335 382 2433 personaliter
410 2339 629 2416 servituros.
650 2339 888 2434 Quibusdam
915 2367 1006 2416 vero
1025 2343 1062 2415 in
1081 2343 1256 2416 iamdicta
1275 2339 1444 2416 Ecclesia
1463 2342 1512 2415 de
1536 2329 1639 2436 Faya

131 2459 336 2558 Capicerio
367 2480 407 2538 et
443 2464 644 2542 Canonicis
681 2468 862 2542 ordinatis
898 2470 1056 2542 absente
1091 2467 1263 2565 predicto
1297 2467 1338 2543 B.
1376 2465 1440 2562 qui
1472 2464 1558 2539 licet
1592 2465 1640 2536 sit

130 2586 271 2660 ibidem
292 2587 516 2674 Canonicus,
538 2591 573 2665 in
601 2593 685 2688 ipsa
713 2608 838 2666 tamen
868 2617 1107 2690 nequaquam
1136 2591 1376 2666 residentiam
1399 2589 1570 2677 iaciebat,
1600 2605 1641 2662 et

130 2715 179 2786 ob
197 2713 275 2786 hoc
294 2716 408 2788 abeo
437 2715 637 2790 Canonicis
657 2719 785 2792 tractis
805 2719 841 2792 in
860 2741 1013 2791 causam
1042 2738 1168 2791 coram
1188 2717 1334 2790 dilectis
1353 2713 1467 2792 liliis..
1488 2715 1640 2789 Abbate

131 2839 251 2912 sancti
274 2838 389 2913 Iovini
407 2840 455 2914 de
476 2840 630 2916 Marnes
649 2859 725 2917 et..
744 2843 898 2916 Decano
918 2841 1150 2916 Thoarceusi
1176 2841 1404 2915 Pictavensis
1422 2837 1583 2913 diocesis
1602 2853 1642 2911 et

131 2963 319 3060 magistro
348 2964 384 3038 P.
426 2963 600 3039 Barrilier
634 2965 825 3062 quondam
872 2965 1063 3041 Canonico
1105 2969 1215 3040 beate
1241 2963 1490 3062 Radegundis
1522 2963 1642 3038 Picta·

131 3088 260 3162 vensis
289 3087 472 3164 iudicibus
500 3117 522 3162 a
551 3091 642 3165 sede
670 3093 879 3188 apostolica
906 3091 1102 3190 delegatis,
1125 3117 1208 3166 cum
1238 3091 1348 3166 iidem
1369 3089 1549 3166 Canonici
1571 3088 1641 3162 sal·

132 3211 185 3284 vis
219 3211 392 3286 Ecclesie
429 3241 497 3288 sue
543 3201 875 3291 consuetudinibus
925 3218 1133 3291 iuramento
1166 3215 1323 3290 firmatis
1359 3231 1399 3288 et
1441 3238 1530 3312 pars
1568 3211 1641 3287 alia

132 3337 242 3410 unius
273 3361 321 3410 ex
349 3339 440 3435 ipsis
459 3339 641 3414 iudicibus
659 3359 698 3414 et
717 3342 763 3416 R.
793 3342 842 3415 de
867 3341 1012 3416 Poento
1031 3341 1138 3415 etO.
1160 3340 1208 3414 de
1233 3340 1398 3414 Manlaio
1416 3355 1456 3413 et
1475 3341 1522 3416 R.
1541 3339 1642 3412 luret

132 3460 297 3536 Militum
343 3463 536 3538 arbitrium
581 3463 799 3562 elegissent,
844 3466 915 3562 ipsi
965 3481 1096 3540 contra
1139 3466 1431 3541 consuetudines
1472 3463 1640 3537 Ecclesie

132 3603 344 3662 memorate
371 3611 415 3661 ac
451 3589 563 3662 etiam
601 3589 659 3664 ius
695 3615 893 3664 commune
928 3590 1075 3688 prelato
1104 3589 1151 3665 G.
1183 3591 1230 3663 de
1259 3590 1431 3663 Marnaio
1458 3587 1641 3662 detinenti

132 3736 244 3785 unam
276 3738 324 3784 ex
354 3713 531 3787 Ecclesiis
559 3715 797 3811 supradictis,
829 3741 898 3788 nec
918 3741 1001 3789 eam
1023 3715 1216 3812 resignare
1235 3715 1390 3799 curanti,
1412 3715 1534 3788 minus
1553 3737 1642 3808 pro·
1681 3736 1692 3756 ¹¹

132 3837 215 3911 vide
246 3837 497 3925 contulerunt,
528 3839 686 3935 primam
718 3839 753 3910 in
791 3838 853 3914 illa
882 3837 1050 3914 Ecclesia
1086 3855 1303 3914 vacaturam
1341 3839 1410 3913 sibi
1446 3838 1639 3934 quoddam

132 3985 299 4035 annuum
328 3963 579 4062 assignantes,
613 3981 653 4038 et
687 3963 860 4038 Villelmo
896 3965 945 4039 de
985 3963 1276 4061 Grandicampo‚
1306 3986 1436 4060 puero,
1473 3963 1639 4036 secundo

134 4101 335 4160 vacantem
360 4086 595 4163 nihilomiuus
614 4088 875 4165 concedentes.
898 4089 1080 4162 Processu
1100 4087 1281 4185 temporis
1299 4089 1523 4162 auctoritate
1541 4088 1639 4162 bone

134 4211 315 4284 memorie
345 4211 543 4286 Octaviani
580 4213 758 4310 Episcopi
798 4211 1023 4298 Hostiensis,
1064 4212 1128 4309 qui
1165 4230 1253 4286 tunc
1290 4211 1326 4284 in
1362 4208 1431 4286 illis
1469 4212 1638 4307 partibus

134 4337 335 4434 legationis
354 4337 477 4412 officio
504 4338 738 4436 fungebatur,
761 4362 830 4433 per
848 4338 1098 4412 venerabilem
1122 4337 1274 4411 fratrem
1296 4352 1497 4414 nostrum..
1521 4335 1639 4410 Picta-

135 4485 216 4536 ven.
247 4460 479 4558 Episcopum
498 4459 655 4558 predicti
683 4460 730 4537 G.
753 4461 800 4536 de
829 4461 1000 4536 Marnaio
1029 4460 1179 4558 penitus
1206 4460 1449 4535 concessione
1477 4475 1637 4533 cassata.

136 4585 217 4680 ipse
248 4585 297 4660 G.
327 4587 375 4660 de
404 4587 591 4683 premisso
626 4587 781 4660 arbitrio
814 4611 858 4660 ac
894 4587 1105 4661 cassatione
1142 4585 1355 4660 huiusmodi
1400 4607 1474 4658 non
1511 4582 1638 4658 habita

135 4711 338 4795 mentione,
367 4734 412 4783 ac
439 4710 474 4782 in
495 4709 662 4807 plurimis
689 4712 847 4785 veritate
867 4735 1086 4807 suppressa,
1107 4725 1258 4784 nostras
1282 4709 1426 4784 litteras
1446 4709 1529 4786 ad..
1551 4732 1638 4783 san-

137 4850 193 4908 cte
214 4833 473 4932 Radegundis,
486 4894 507 4911 ..
539 4837 587 4910 de
608 4833 723 4922 Cella,
744 4851 815 4911 et..
838 4835 956 4909 sancti
977 4833 1079 4908 Pauli
1106 4835 1251 4930 priores
1272 4834 1458 4909 Pictaven.
1479 4859 1502 4907 a
1531 4836 1638 4909 nobis

136 4959 296 5034 obtinuit
323 4959 503 5034 destinari
530 4977 573 5032 ut
599 4959 721 5036 dictos
751 4959 963 5034 Canonicus
991 4959 1060 5033 sibi
1088 4959 1321 5056 prebendam
1349 4983 1456 5032 suam
1490 4959 1637 5056 integre

139 5082 296 5158 reddere
324 5109 368 5158 ac
395 5085 612 5158 satisfacere
649 5083 697 5190 de
726 5084 927 5159 subtractis
956 5082 1013 5156 vel
1045 5083 1224 5158 exhibere
1260 5105 1385 5157 coram
1419 5109 1461 5157 se
1499 5083 1638 5156 iustitie

140 5209 453 5306 complementum
482 5233 551 5307 per
578 5231 774 5284 censuram
810 5207 1101 5283 ecclesiasticam
1137 5207 1389 5304 appellatione
1424 5209 1638 5304 postposita

140 5351 390 5424 coarctarent;
420 5334 488 5410 sed
516 5337 729 5411 nominatus
758 5333 806 5410 G.
837 5333 925 5408 dolo
952 5331 1013 5407 vel
1044 5333 1273 5433 negligentia
1301 5334 1446 5407 litteras
1482 5331 1636 5407 easdem
