3684 5920
239 347 295 408 622
857 343 993 402 soeculo
1012 341 1136 402 XVIII
1192 328 1194 332 ’

239 541 400 639 vestigia
427 555 586 637 paterna
613 539 719 637 sequi
748 539 905 622 videtur,
928 537 1099 636 quamvis
1119 537 1285 610 nondum
1304 534 1363 610 ille
1383 554 1624 611 recenseatur
1645 537 1732 612 inter

224 690 436 740 causarum
466 665 503 740 S.
534 663 664 738 Palatii
691 663 902 763 Apostolici
937 661 1132 748 Patronos,
1171 660 1311 758 quippe
1346 661 1647 736 animadversum
1671 662 1735 737 luit

239 791 410 887 exempla
439 815 513 864 non
540 789 676 865 deesse
704 789 910 864 collationis
938 787 1091 862 huiusce
1118 785 1283 862 muneris
1302 785 1422 860 laetae
1450 785 1621 862 Patronis
1638 787 1731 860 dum-

239 930 343 989 taxat
371 915 579 1002 Rotalibus,
610 930 649 988 et
676 914 712 988 in
739 913 827 989 albo
856 915 1143 990 Procuratorum
1172 911 1219 984 de
1240 909 1411 1010 Collegio
1431 912 1595 988 nondum
1615 938 1734 986 recen·

240 1041 331 1114 sitis.

944 1265 1036 1345 498.

244 1411 378 1486 Gallus
404 1413 506 1486 mr'lcs
533 1411 691 1486 Romam
718 1410 853 1486 obsedit
878 1455 896 1468 -
922 1436 1034 1508 caque
1060 1422 1178 1510 capta,
1207 1410 1370 1508 erigitur
1396 1407 1626 1510 Respublica,
1654 1413 1735 1486 deit-

320 1538 417 1612 cz'tur
443 1537 605 1636 regumn
635 1535 826 1632 Pontrflcrlt
852 1545 887 1609 et
912 1547 1054 1610 cessant
1077 1535 1292 1612 tratunalm.

319 1694 436 1766 (Anca.
454 1692 542 1766 Ron,
567 1691 756 1752 ‹Dr'arium
778 1693 1001 1766 Camarum).

685 1877 815 1950 Lunae
849 1901 892 1949 12
924 1875 1117 1950 Februarii
1144 1871 1291 1980 (1798).

319 2015 560 2133 Quamquam
589 2039 875 2112 nudiustertius
895 2036 1028 2111 Gallus
1046 2037 1234 2112 exercitus
1254 2054 1500 2134 properasset
1516 2039 1566 2112 ad
1588 2039 1736 2120 Urbem,
1825 2105 1826 2110 ,

240 2177 278 2236 et
306 2177 461 2237 externa
489 2163 548 2237 die
576 2163 691 2236 ferme
717 2166 876 2236 obsessa
904 2161 976 2234 iam
1008 2162 1126 2236 multo
1154 2161 1267 2236 milite
1296 2163 1419 2250 Roma
1446 2164 1613 2260 undique
1645 2165 1738 2238 vide·
1825 2151 1826 2226 l

239 2304 352 2375 retur,
383 2288 470 2361 nihil
500 2303 635 2375 tamen,
667 2289 799 2361 ceteris
819 2286 1100 2384 trepidantibus,
1123 2285 1279 2360 Sacrum
1298 2285 1476 2362 Tribunal
1496 2288 1628 2375 haesit,
1650 2315 1738 2384 quo

241 2415 362 2486 minus
390 2436 459 2509 pro
486 2436 590 2487 more
618 2412 838 2486 conveniret·
860 2427 898 2484 et
925 2411 1048 2485 causis
1077 2411 1296 2486 definiendis
1324 2412 1568 2487 incumberet.
1825 2405 1826 2414 ἒ

982 2621 1003 2665 *

953 2683 1032 2728 *ss

715 2803 812 2877 Iovis
847 2823 888 2897 15
922 2801 1114 2876 Februarii
1149 2806 1259 2897 1798.

321 2967 405 3041 Hoc
434 2992 554 3052 mane,
584 2967 701 3040 fracta
730 2965 944 3062 turpissime
973 2965 1057 3050 lide,
1088 2963 1274 3040 nonnullis
1311 2967 1359 3040 de
1396 2966 1475 3041 lece
1512 2966 1638 3042 Plebis
1676 2993 1741 3066 per

240 3090 384 3166 Urbem
403 3091 711 3165 concursantibus
731 3087 842 3164 Gallo
869 3088 983 3163 milite
1012 3089 1171 3185 stipatis,
1195 3089 1349 3185 impium
1367 3089 1549 3164 libertatis
1568 3092 1740 3166 vexillum

237 3216 376 3292 elatum
404 3217 519 3288 estin
539 3213 687 3309 Campo
708 3215 843 3289 Boario
863 3215 925 3288 ubi
943 3214 1164 3288 Advocatus
1185 3215 1351 3313 Briganti
1371 3215 1596 3312 praecipuus
1615 3219 1741 3291 coniu-
1825 3285 1826 3288 ,

238 3340 390 3416 rationis
417 3354 550 3414 auctor
576 3338 714 3414 nefaria
743 3339 859 3414 multa
890 3341 1031 3414 evomit
1057 3339 1240 3413 adversus
1278 3340 1462 3436 Regimen
1501 3340 1739 3428 Pontificium,

238 3481 280 3540 ut
307 3465 553 3540 inflammaret
580 3464 698 3560 plebis
725 3464 870 3538 animos
899 3479 1006 3538 aestu
1027 3462 1269 3559 Reipublicae
1288 3488 1401 3558 quam
1420 3465 1577 3536 eiectam
1596 3465 1743 3538 concla-
1825 3455 1826 3488 ³

237 3591 363 3677 mavit,
392 3590 539 3666 deiecto
566 3592 614 3664 ab
643 3589 743 3664 omni
770 3589 927 3686 imperio
954 3589 1167 3664 Pontifice...
1199 3587 1347 3663 Publice
1374 3589 1509 3662 eodem
1537 3589 1599 3662 die
1626 3615 1742 3686 expo

239 3716 309 3790 sita
338 3732 426 3788 sunt
452 3731 733 3812 programmata
761 3715 897 3810 quibus
924 3715 1139 3788 nunciatum
1167 3729 1237 3799 est,
1261 3713 1476 3788 Pontificem
1496 3737 1518 3786 e
1537 3739 1608 3788 suo
1628 3715 1742 3810 impe-

237 3843 292 3914 rio
319 3857 524 3925 extrusum,
556 3855 685 3913 vetera
713 3839 870 3936 proinde
897 3863 1072 3913 cessasse
1100 3837 1326 3925 Tribunalia,
1356 3853 1396 3912 et
1425 3861 1560 3912 novum
1589 3841 1741 3913 omnino

238 3991 361 4039 rerum
394 3963 562 4037 ordinem
591 3963 775 4038 recludi...
895 3997 900 4008 ·

319 4089 478 4162 Deiecto
511 4087 677 4183 quinque
709 4103 797 4184 post
834 4087 915 4162 dies
950 4089 999 4162 ab
1037 4087 1142 4162 Urbe
1180 4087 1367 4174 Pontifice,
1406 4088 1455 4162 de
1492 4111 1577 4163 meo
1615 4091 1739 4163 statim

237 4213 405 4286 discessu
435 4212 601 4309 cogitare
629 4213 736 4311 coepi
753 4211 763 4247 ¹
786 4215 844 4287 cui
864 4213 1114 4288 necessariam
1132 4213 1255 4286 intulit
1273 4214 1323 4286 ad
1341 4212 1438 4289 duos
1457 4213 1571 4286 ferme
1590 4239 1740 4288 menses

238 4361 379 4413 moram
408 4362 496 4412 cura
524 4338 807 4434 componendae
836 4340 889 4412 rei
916 4338 1116 4412 familiaris.
1146 4335 1256 4430 Quae
1285 4353 1326 4410 ut
1354 4354 1566 4434 temporum
1598 4339 1740 4412 ferebat

237 4462 422 4557 iniquitas,
453 4463 673 4558 composita,
705 4460 933 4537 Florentiam
962 4463 1076 4560 petivi
1113 4463 1301 4536 rediturus
1337 4461 1569 4558 Hispaniam.
1600 4462 1739 4536 Verum

238 4604 316 4661 tum
344 4587 431 4660 mihi
459 4604 538 4662 tum
566 4587 734 4686 collegae
763 4589 1019 4662 amantissimo
1047 4587 1093 4664 R.
1123 4588 1162 4660 P.
1194 4586 1242 4659 D.
1274 4587 1446 4672 Bardaxi,
1477 4587 1580 4660 iussa
1601 4585 1740 4662 Catho-

236 4713 294 4786 lici
322 4713 438 4811 Regis
467 4713 640 4788 nunciata
669 4731 756 4786 sunt
784 4713 920 4809 quibus
947 4710 1066 4787 exulis
1087 4711 1273 4786 Pontificis
1292 4709 1400 4784 lateri
1417 4712 1552 4786 adesse
1571 4715 1739 4787 commit·

237 4840 397 4923 tebatur,
426 4837 602 4912 auxilium
630 4861 818 4934 opemque
846 4862 916 4934 pro
945 4861 985 4910 re
1009 4853 1097 4914 nata
1116 4836 1291 4911 laturis..
1314 4833 1444 4928 Quare
1463 4837 1552 4910 dum
1572 4835 1738 4910 Pontilex

237 4961 448 5035 Florentiae
475 4961 577 5057 apud
607 4960 891 5048 Carthusianos,
922 4960 1116 5036 Gallorum
1150 4964 1274 5047 obses,
1304 4978 1558 5035 commoratus
1594 4977 1666 5047 est,
1702 4975 1737 5032 et

235 5112 304 5160 nos
333 5111 407 5159 una
433 5086 631 5172 adfuimus,
661 5089 784 5162 omnia
813 5102 988 5160 curantes
1016 5103 1057 5160 ut
1083 5086 1319 5161 Sanctissimi
1348 5086 1534 5161 Pontificis
1566 5101 1606 5158 et
1633 5111 1735 5158 vene·

235 5210 340 5286 randi
376 5211 633 5309 octuagenarii
669 5211 768 5285 senis
806 5211 1126 5286 commiserandae
1163 5211 1376 5286 levarentur
1412 5235 1623 5290 aerumnae.
1664 5207 1734 5282 Sed

324 5438 335 5472 ¹
354 5437 391 5496 R.
410 5436 445 5494 P.
463 5436 502 5494 D.
521 5433 695 5509 Gardoqui,
713 5433 923 5494 Camerarius
942 5435 1051 5510 Rotae,
1070 5437 1200 5496 natione
1217 5435 1393 5512 Hispanus.
