3748 5914
234 307 290 370 278
865 311 1002 372 Soecuto
1020 312 1053 374 X
1061 313 1108 374 VI

233 498 390 574 aliorum
420 500 593 574 ordinum
620 503 874 597 predictorum
903 502 1156 577 commendari
1184 528 1258 578 non
1296 504 1452 600 possint,
1483 521 1523 579 et
1559 504 1651 578 alias
1687 505 1738 577 de

235 624 316 710 illis,
345 625 459 698 etiam
486 650 554 722 per
583 627 712 700 sedem
742 627 948 724 predictam
976 652 1046 723 pro
1075 644 1246 726 tempore
1278 628 1374 702 lacte
1410 629 1633 702 commende
1669 655 1739 703 seu

234 747 283 822 de
310 748 381 823 illis
408 749 444 822 in
473 748 685 825 huiusmodi
712 751 974 825 commendam
1002 752 1214 826 obtinendis
1237 753 1538 849 dispensationes
1559 775 1740 828 concesse

236 871 334 948 nulle
362 873 446 959 sint,
478 875 776 970 disponentibus.

317 996 464 1091 Quibus
491 1000 674 1086 omnibus,
695 1016 736 1076 et
762 1026 892 1075 eorum
913 1001 1071 1100 singulis
1098 1002 1245 1076 etiamsi
1273 1026 1342 1099 pro
1370 1001 1515 1076 illorum
1544 1002 1741 1076 sufficienti

236 1124 482 1220 derogatione
524 1125 572 1196 de
612 1123 683 1198 illis
724 1149 933 1222 eorumque
974 1127 1063 1200 totis
1101 1125 1305 1214 tenoribus,
1336 1124 1520 1222 specialis,
1554 1127 1738 1223 specifica,

235 1246 436 1334 individua,
451 1261 491 1322 et
517 1273 701 1345 expressa
729 1251 870 1323 mentio
896 1251 1081 1334 habenda,
1098 1265 1164 1323 aut
1182 1249 1307 1346 aliqua
1326 1249 1397 1324 alia
1415 1251 1601 1348 exquisita
1620 1252 1742 1326 lorma

235 1371 384 1447 adhoc
412 1373 598 1446 servanda
624 1374 733 1461 foret,
761 1390 914 1450 tenores
942 1373 1166 1458 huiusmodi,
1195 1397 1241 1448 ac
1273 1375 1424 1462 formas,
1453 1391 1492 1448 et
1520 1377 1630 1450 datas
1658 1376 1744 1450 illo-

237 1520 330 1582 rum,
361 1522 429 1570 nec
467 1520 541 1570 non
569 1497 722 1573 decreta
748 1499 785 1571 in
812 1499 867 1572 eis
895 1501 1082 1597 apposita,
1113 1523 1157 1572 ac
1191 1501 1221 1572 si
1257 1499 1305 1574 de
1342 1501 1459 1574 verbo
1494 1502 1543 1574 ad
1581 1502 1742 1575 verbum
1868 1567 1869 1572 ,

236 1620 346 1694 nichil
380 1622 531 1716 penitus
568 1623 719 1710 omisso,
759 1639 798 1698 et
840 1623 960 1698 lorma
1001 1623 1037 1698 in
1079 1625 1149 1698 illis
1182 1625 1320 1698 tradita
1361 1625 1563 1700 observata
1599 1625 1758 1700 inserta.
1868 1679 1869 1698 2

236 1745 360 1818 lorent
387 1747 624 1841 presentibus
656 1771 727 1844 pro
764 1748 992 1822 sufficienter
1018 1749 1210 1846 expressis
1243 1748 1439 1836 habentes,
1470 1764 1663 1845 tamquam
1693 1749 1744 1822 de

237 1869 292 1943 eis
309 1869 420 1966 plene
448 1869 646 1944 informata
666 1871 792 1967 quoad
814 1873 999 1968 premissa
1018 1889 1121 1947 motu
1143 1873 1251 1946 simili
1269 1874 1489 1970 specialiter,
1506 1890 1546 1947 et
1559 1899 1745 1970 expresse

237 1996 477 2093 derogamus,
523 2011 563 2070 et
604 1995 831 2072 sufficienter
866 2000 1091 2096 derogatum
1127 2023 1215 2073 esse
1255 1999 1502 2085 decernimus,
1546 2001 1745 2074 contrariis

236 2121 537 2217 quibuscumque
557 2138 623 2194 aut
642 2122 673 2194 si
691 2122 837 2196 eisdem
855 2123 1022 2197 locorum
1044 2123 1254 2198 Ordinariis
1280 2150 1304 2198 a
1333 2125 1432 2198 dicta
1461 2126 1508 2198 sit
1535 2125 1627 2198 sede
1657 2149 1743 2198 con·

236 2270 396 2330 cessum,
425 2245 485 2320 vel
522 2245 558 2319 in
597 2263 793 2342 posterum
831 2248 984 2321 concedi
1021 2248 1226 2346 contingat,
1266 2250 1369 2344 quod
1406 2247 1631 2335 Canonicos,
1664 2249 1745 2322 Re·
1868 2313 1869 2342 ,

236 2383 371 2456 ctores,
410 2386 450 2443 et
487 2370 672 2446 Personas
710 2371 951 2446 ecclesiarum
994 2398 1145 2446 suarum
1184 2373 1398 2459 Civitatum,
1434 2390 1474 2447 et
1510 2373 1742 2456 dioecesum,

236 2496 348 2570 etiam
385 2495 421 2568 in
458 2495 712 2592 dignitatibus,
749 2497 1018 2571 Personatibus
1054 2497 1462 2584 Administrationibus,
1502 2497 1561 2571 vel
1599 2497 1746 2572 Officiis
1868 2509 1869 2552 ³

235 2618 459 2692 constitutas
477 2642 547 2715 per
564 2619 879 2694 substractionem
899 2637 1148 2716 proventuum
1168 2619 1431 2694 beneficiorum
1451 2644 1602 2694 suorum
1622 2619 1746 2693 eccle-

237 2743 483 2828 siasticorum,
512 2757 579 2816 aut
605 2743 697 2818 alias
725 2745 950 2842 compellere
979 2745 1129 2818 valeant
1155 2746 1204 2817 ad
1233 2746 1475 2819 residendum
1495 2745 1748 2840 personaliter

236 2869 273 2941 in
301 2867 457 2962 eisdem,
486 2892 552 2941 seu
583 2870 613 2942 si
642 2868 861 2957 Ordinariis
887 2887 927 2943 et
955 2868 1140 2966 Capitulis
1168 2871 1333 2967 prelatis,
1353 2869 1413 2944 vel
1441 2872 1635 2968 quibusvis
1661 2873 1746 2946 aliis

236 2994 492 3082 communiter,
523 2995 583 3068 vel
611 2995 757 3068 divisim
784 2997 833 3069 ab
859 2997 994 3069 eadem
1024 2995 1072 3068 sit
1101 2997 1193 3070 sede
1224 2995 1419 3082 indultum,
1448 2996 1509 3070 vel
1544 2996 1580 3069 in
1613 3015 1746 3093 poste-

238 3141 321 3190 rum
362 3119 545 3217 indulgeri
586 3120 790 3216 contingat,
821 3119 924 3216 quod
967 3119 1177 3205 Canobicis,
1216 3120 1450 3208 Rectoribus,
1494 3137 1534 3196 et
1569 3122 1746 3216 personis

238 3266 391 3315 suarum
420 3244 609 3320 civitatum
637 3260 676 3320 et
703 3244 930 3330 dioecesum,
961 3246 1073 3320 etiam
1102 3246 1137 3320 in
1175 3245 1429 3342 dignitatibus,
1461 3244 1743 3332 Personatibus,

236 3366 645 3452 Administrationibus,
675 3383 715 3442 et
743 3369 885 3444 Officiis
914 3371 1138 3456 constitutis,
1159 3371 1253 3445 etin
1277 3369 1347 3444 illis
1376 3394 1451 3444 non
1479 3370 1742 3458 residentibus,

237 3509 305 3564 aut
331 3495 395 3588 qui
424 3495 541 3568 ineis
569 3495 727 3591 primam
756 3519 830 3568 non
860 3495 1015 3568 fecerint
1046 3496 1288 3570 residentiam
1318 3495 1555 3592 personalem
1585 3519 1746 3570 consue·

238 3629 327 3703 tam,
357 3617 499 3691 lructus
528 3618 706 3710 redditus,
736 3636 775 3693 et
803 3635 1010 3715 proventus
1039 3645 1192 3695 suorum
1220 3618 1485 3694 beneficiorum
1522 3619 1746 3696 ecclesiasti·

238 3765 366 3814 corum
395 3741 432 3812 in
458 3743 629 3816 absentia
657 3751 725 3817 'sua
753 3745 963 3817 ministrare
992 3744 1142 3818 minime
1179 3759 1389 3832 teneantur,
1418 3762 1458 3819 et
1485 3745 1534 3818 ad
1569 3745 1606 3818 id
1640 3770 1745 3818 com-

237 3864 324 3962 pelli
352 3888 425 3939 non
462 3867 609 3961 possint
645 3891 714 3964 per
748 3868 876 3942 literas
916 3867 1144 3965 apostolicas
1181 3893 1254 3943 non
1297 3869 1476 3943 iacientes
1512 3868 1675 3965 plenam,
1706 3887 1746 3942 et

239 4013 469 4086 expressam,
500 4013 544 4064 ac
572 3993 620 4066 de
648 3995 765 4067 verbo
793 3994 841 4067 ad
879 3995 1035 4067 verbum
1070 3995 1118 4068 de
1160 3993 1302 4067 indulto
1337 3992 1551 4068 huiusmodi
1584 3994 1746 4069 mentio-

239 4116 334 4200 nem',
364 4130 404 4189 et
431 4115 658 4212 quibuslibet
685 4117 765 4191 aliis
793 4117 1006 4217 privilegiis,
1037 4117 1288 4217 indulgentiis,
1319 4134 1358 4192 et
1385 4117 1500 4194 literis
1527 4117 1744 4213 apostolicis

237 4241 487 4339 generalibus,
519 4242 578 4316 vel
607 4241 830 4339 specialibus
858 4266 1182 4340 quorumcumque
1207 4257 1380 4318 tenorum
1399 4244 1563 4318 existant
1582 4266 1650 4338 per
1668 4268 1744 4339 que

238 4366 478 4462 presentibus
508 4393 580 4441 uon
617 4393 809 4464 expressa,
839 4368 898 4442 vel
933 4368 1101 4442 totaliter
1135 4393 1210 4442 non
1247 4369 1388 4442 inserta
1424 4367 1579 4442 effectus
1613 4391 1743 4440 earum

238 4491 409 4586 impediri
436 4491 586 4567 valeant
613 4492 899 4587 quomodolibet
925 4492 984 4567 vel
1012 4493 1161 4579 diflerri,
1182 4509 1221 4568 et
1248 4493 1296 4566 de
1325 4493 1461 4589 quibus
1480 4517 1742 4588 quorumcum-

240 4639 314 4711 que
351 4615 439 4692 totis
477 4616 670 4692 tenoribus
707 4616 755 4690 de
792 4618 909 4691 verbo
946 4619 995 4692 ad
1031 4621 1188 4693 verbum
1230 4618 1404 4693 habenda
1444 4618 1493 4691 sit
1529 4619 1565 4692 in
1602 4616 1741 4692 nostris

239 4737 355 4814 literis
383 4743 524 4817 mentio
552 4742 735 4838 specialis.

321 4864 503 4940 Volumus
522 4882 660 4953 autem,
691 4868 794 4964 quod
823 4867 1121 4964 incompatibilia,
1144 4891 1188 4942 ac
1216 4869 1286 4941 sub
1315 4868 1470 4965 singulis
1489 4867 1597 4942 tectis
1625 4866 1740 4942 consi·

240 4992 388 5080 stentia,
415 5010 456 5066 et
482 4991 554 5065 alia
581 4991 773 5076 secularia,
805 5015 873 5066 nec
901 5017 975 5066 non
1004 4992 1196 5090 Regulare
1215 4991 1395 5067 beneficia
1413 4993 1626 5066 huiusmodi
1644 4991 1741 5066 debi-

240 5116 287 5191 tis
316 5131 519 5215 propterea
560 5142 633 5190 non
676 5117 894 5190 fraudentur
934 5117 1135 5213 obsequiis,
1167 5131 1205 5191 et
1244 5117 1451 5190 animarum
1493 5141 1582 5190 cura
1614 5117 1652 5188 in
1687 5115 1740 5190 eis

241 5243 376 5338 quibus
418 5239 479 5315 illa
518 5241 719 5328 immineat,
760 5240 971 5316 nullatenus
1012 5241 1260 5340 negligeatur,
1300 5242 1369 5315 sed
1400 5241 1436 5315 in
1472 5242 1538 5328 eis,
1582 5265 1740 5337 quorum

240 5364 381 5440 fructus
401 5364 437 5438 in
455 5366 627 5442 absentia
646 5365 869 5454 huiusmodi,
891 5367 1047 5441 eosdem
1067 5365 1274 5441 Auditores
1293 5381 1333 5440 et
1354 5365 1629 5441 Locatenentes
1657 5389 1742 5463 per-
