3720 5914
722 345 913 406 Alexandro
940 345 987 406 VI

815 677 901 756 136.

93 837 226 912 Motus
247 838 432 938 proprias
459 838 682 913 Alexandri
703 840 764 915 VI
782 839 983 913 collatzam's
1000 837 1233 912 auditaratas
1252 841 1370 914 Ratae
1379 853 1457 942 pra
1478 841 1600 914 Iacobo

180 965 385 1062 Dragate'a.

179 1119 296 1188 (Asca
314 1119 405 1192 Rom,
429 1119 681 1180 ‹Adme'sse'anes
694 1143 720 1194 ι,
736 1125 826 1195 part.
844 1119 871 1186 1,
886 1119 979 1180 Alex.
1005 1117 1058 1194 VI,
1076 1137 1109 1180 n.
1128 1119 1170 1190 2).

1419 1279 1498 1343 Sine
1516 1282 1599 1344 data.

178 1445 289 1519 Motu
313 1445 466 1542 proprio
494 1460 534 1519 et
560 1470 608 1518 ex
636 1459 740 1518 certa
768 1445 934 1520 scientia.
966 1444 1075 1532 Cum,
1106 1461 1148 1518 ut
1174 1448 1400 1542 accepimus,
1421 1447 1598 1522 Matheus

91 1572 143 1648 de
172 1589 294 1668 porta,
321 1571 409 1644 olim
429 1596 524 1644 unus
543 1596 591 1644 ex
610 1570 738 1666 palatii
757 1571 953 1666 apostolici
974 1595 1171 1645 causarum
1193 1571 1451 1660 Auditoribus,
1472 1572 1600 1647 deces-

93 1697 198 1780 serit,
229 1695 401 1770 volentes
429 1694 627 1791 providere
652 1717 698 1768 ne
718 1695 769 1769 ob
788 1695 990 1770 carentiam
1009 1694 1237 1796 Auditorum
1256 1694 1344 1770 dicti
1362 1695 1492 1792 palatii
1512 1723 1600 1772 cau·

94 1846 237 1912 sarum,
266 1819 458 1918 litigantes
487 1821 523 1892 in
551 1820 687 1894 eodem
716 1818 856 1916 palatio
885 1819 1149 1894 detrimentum
1182 1821 1384 1916 patiantur,
1423 1821 1599 1896 dilectum

94 1945 209 2019 lilium
225 1945 400 2019 Iacobum
417 1943 653 2042 Dragatium,
671 1943 903 2017 Canonicum
920 1943 1137 2030 Sibrincen.,
1155 1946 1352 2039 utriusque
1366 1944 1455 2018 iuris
1473 1946 1599 2022 docto-

96 2096 184 2156 rem,
217 2069 321 2145 cuius
349 2069 505 2144 seientia
532 2086 571 2143 et
599 2069 797 2168 integritas
825 2069 933 2143 nobis
961 2085 1052 2143 nota
1080 2086 1151 2156 est,
1190 2069 1226 2142 in
1255 2069 1482 2144 Auditorem
1512 2073 1598 2147 dicti

93 2219 294 2269 causarum
331 2192 459 2290 palatii
495 2207 536 2268 et
578 2193 825 2291 Capellanum
863 2209 1034 2267 nostrum
1067 2194 1305 2282 assumimus,
1350 2219 1522 2269 creamus
1559 2212 1598 2271 et

94 2321 322 2418 deputamus
349 2345 434 2393 cum
462 2319 635 2394 omnibus
663 2334 703 2392 et
729 2317 888 2417 singulis
915 2319 1130 2404 honoribus,
1161 2320 1349 2406 oneribus,
1380 2318 1596 2419 privilegiis,

93 2443 395 2540 exemptionibus
415 2458 455 2517 et
471 2442 766 2516 immunitatibus
785 2442 988 2530 consuetis,
1005 2443 1244 2527 Mandantes‚
1261 2458 1366 2517 motu
1386 2457 1425 2518 et
1444 2445 1598 2518 scientia

94 2565 287 2654 similibus,
317 2565 454 2642 dilecto
482 2567 556 2641 filio
584 2567 751 2641 Ascanio
781 2567 900 2642 Marie
919 2566 975 2642 tit.
997 2565 1126 2640 Sancti
1145 2566 1222 2641 Viti
1251 2567 1287 2641 in
1315 2567 1483 2656 macello,
1505 2569 1598 2642 Dia-

93 2717 190 2768 cono
219 2691 408 2767 Cardinali
435 2706 475 2766 et
503 2691 828 2778 Vicecancellario,
858 2717 902 2766 ac
930 2691 1076 2766 dilectis
1104 2693 1186 2766 filiis
1205 2693 1364 2769 Decano
1381 2709 1420 2768 et
1438 2693 1596 2768 Audito

93 2819 196 2893 ribus
225 2817 313 2891 dicti
340 2817 477 2914 palatii,
509 2835 551 2889 ut
577 2817 753 2891 eumdem
781 2816 969 2901 Iacobum,
1000 2816 1160 2890 servatis
1188 2816 1225 2890 in
1254 2817 1432 2893 similibus
1455 2817 1597 2892 servari

91 2944 294 3030 consuetis,
325 2941 361 3016 in
392 2941 614 3015 Auditorem
642 2941 692 3016 ad
719 2941 881 3015 officium
900 2957 939 3016 et
957 2939 1079 3015 locum
1099 2941 1313 3016 huiusmodi
1333 2943 1595 3017 Auditoriatus

91 3067 266 3164 illiusque
292 3066 452 3142 liberum
480 3066 699 3142 exercitium
736 3067 917 3162 recipiant
943 3082 984 3140 et
1010 3065 1222 3142 admittant.
1254 3064 1595 3142 Constitutionibus

90 3209 129 3266 et
156 3192 455 3268 ordinationibus
480 3189 712 3289 apostolicis,
739 3193 892 3266 statutis
921 3207 960 3266 et
987 3191 1319 3266 consuetudinibus
1347 3193 1435 3266 dicti
1454 3193 1593 3289 palatii,

89 3319 203 3393 etiam
222 3317 433 3392 iuramento
452 3315 512 3391 vel
530 3317 738 3414 apostolica
757 3317 983 3391 auctoritate
1002 3316 1198 3401 roboratis,
1220 3315 1433 3413 ceterisque
1451 3316 1487 3390 in
1507 3341 1595 3392 con·

89 3443 246 3516 trarium
261 3441 481 3517 facientibus
496 3465 571 3514 non
590 3440 828 3516 obstantibus
842 3442 1154 3537 quibuscumque.
1171 3483 1197 3494 -
1212 3440 1341 3514 Placet
1356 3450 1391 3514 et
1406 3441 1460 3516 ita
1477 3451 1593 3516 meta

81 3567 245 3666 prapn'o
273 3565 508 3641 mandamus.
538 3567 589 3641 R.

806 3846 892 3927 137.

168 4029 394 4104 Alexander
430 4029 490 4103 Vl
509 4027 754 4102 Auditaribus
781 4027 980 4114 confirmat
998 4027 1199 4124 pmae'legea
1226 4027 1266 4100 ia
1293 4029 1536 4126 expectabam.

171 4194 291 4266 (Anca
310 4193 397 4266 Rom,
420 4191 643 4264 ‹Prattegia
662 4215 689 4264 ι,
707 4195 783 4250 tom.
802 4190 831 4264 I,
847 4195 934 4265 part.
953 4190 982 4264 J,
999 4207 1032 4250 n.
1051 4189 1225 4263 XXVIII).

1217 4351 1296 4424 1498,
1314 4352 1393 4410 maii
1412 4352 1438 4426 1,
1456 4350 1589 4409 Romae.

168 4520 388 4594 Alexander
414 4519 625 4616 episcopus,
648 4542 781 4592 servus
808 4539 1004 4590 servorum
1035 4515 1119 4590 Dei.
1149 4515 1212 4589 Ad
1240 4515 1404 4590 suturam
1431 4514 1484 4590 rei
1512 4538 1591 4588 me·

86 4643 257 4719 moriam.
287 4643 453 4717 Romani
467 4641 655 4740 ponteficis
677 4639 910 4738 pravallaaea
941 4641 1198 4738 circumspecta
1230 4639 1465 4736 singulorum
1501 4661 1590 4712 con-

85 4769 250 4844 ditiones
283 4785 323 4842 et
349 4769 483 4842 merita
516 4767 729 4852 attendens,
760 4765 842 4839 illos
876 4765 1086 4861 potioribus
1119 4764 1309 4838 favoribus
1350 4763 1592 4861 prosequitur

84 4895 151 4992 qui
178 4893 317 4993 iugiter
343 4895 422 4967 suis
449 4908 488 4966 et
515 4891 722 4991 apostolice
742 4891 843 4966 sedis
871 4889 1088 4964 insistentes
1106 4889 1311 4985 obsequiis,
1334 4888 1483 4963 labores
1502 4909 1591 4962 con-

85 5021 214 5095 tinuos
250 5034 290 5095 et
326 5019 522 5117 graviores
559 5017 725 5113 perferre
763 5033 980 5092 noscuntur.
1020 5014 1153 5110 Nuper
1190 5013 1376 5110 siquidem
1405 5012 1590 5088 nonnullis

83 5145 340 5232 familiaribus,
371 5143 557 5219 continuis
585 5141 899 5216 commensalibus
927 5141 1080 5226 nostris,
1120 5140 1155 5212 in
1193 5138 1306 5213 certis
1342 5138 1424 5212 aliis
1456 5137 1590 5210 litteris

84 5273 226 5348 nostris
253 5269 466 5367 descriptis,
495 5268 682 5364 quasdam
708 5267 980 5341 antelationum
1010 5264 1284 5363 prerogativas
1302 5265 1338 5336 in
1381 5262 1589 5338 Canonica-

84 5413 189 5472 tuum
204 5411 245 5471 et
272 5393 552 5493 prebendarum
580 5417 624 5468 ac
652 5390 888 5492 dignitatum,
920 5403 1204 5488 personatuum,
1226 5385 1587 5462 administrationum
