3720 5916
289 330 346 392 w
910 333 1048 394 Saeculo
1067 334 1096 394 X
1108 335 1173 396 VII

287 527 408 625 pedes
423 525 530 602 SSriii
548 525 598 602 ad
616 526 819 624 petendam
837 526 1151 604 benedictionem:
1172 527 1258 604 ideo
1277 531 1530 604 necessarium
1549 529 1778 604 existimabat

287 654 391 751 quod
420 652 692 751 deputarentur
711 653 786 728 duo
805 652 868 749 qui
887 651 1034 727 adirent
1055 652 1231 728 eumdem
1252 653 1489 739 Cardinalem
1509 669 1551 729 ut
1569 654 1778 754 dignaretur

287 780 488 876 impetrare
516 777 742 853 audientiam
770 791 810 852 et
837 776 979 852 aditum
1007 775 1058 851 ad
1076 776 1249 852 SSmum.
1270 778 1376 853 Dixit
1398 780 1539 874 pariter
1556 778 1660 876 quod
1677 805 1779 854 occa·
1839 823 1840 876 3

288 905 393 978 sione
420 901 525 1002 quod
554 900 773 976 Cardinales
811 901 935 976 solent
971 901 1007 974 in
1041 899 1223 998 principio
1261 902 1502 978 Pontificatus
1529 904 1710 978 accedere
1734 903 1779 978 ad

288 1027 514 1114 Pontificem,
542 1042 722 1123 expetere
750 1027 799 1102 ab
826 1023 890 1100 illo
917 1027 1072 1124 gratias,
1103 1026 1207 1123 quod
1234 1025 1417 1102 deberent
1444 1027 1586 1124 pariter
1613 1027 1779 1126 deputari
1839 1053 1840 1114 r

285 1153 346 1229 alii
373 1153 437 1248 qui
457 1165 636 1250 rogarent
656 1150 877 1226 Cardinales
905 1150 1023 1225 nostri
1043 1150 1209 1238 Ordinis,
1231 1175 1365 1250 nempe
1386 1151 1625 1240 Cecchinum,
1645 1153 1778 1228 Ottho·

286 1279 424 1353 bonum
453 1292 492 1350 et
521 1274 732 1350 Corradum
760 1292 803 1350 ut
829 1275 1073 1374 dignarentur
1100 1276 1366 1351 commendare
1386 1276 1552 1352 Pontifici
1580 1278 1780 1352 Auditores

286 1418 325 1478 et
361 1399 540 1476 Tribunal
568 1401 692 1476 Rotae
724 1416 763 1475 et
790 1400 827 1474 in
854 1401 980 1498 specie
1010 1416 1295 1498 repraesentare
1324 1399 1424 1477 Suae
1452 1401 1660 1490 Sanctitati,
1680 1401 1780 1498 quod

284 1527 439 1603 attentis
473 1523 689 1600 differentiis
727 1549 826 1622 quae
862 1540 1015 1602 vertunt
1041 1525 1138 1600 inter
1169 1527 1277 1622 Ipsos
1310 1527 1518 1602 Auditores
1545 1543 1585 1602 et
1618 1527 1780 1602 Barones

199 1661 200 1664 ’
284 1667 442 1750 propter
460 1675 556 1746 quas
576 1651 699 1746 spatio
718 1665 776 1725 tot
802 1673 985 1724 annorum
1005 1649 1118 1723 iidem
1137 1649 1344 1726 Auditores
1362 1651 1595 1726 abstinerent
1611 1652 1660 1727 ab
1676 1651 1780 1749 equi-

286 1775 413 1863 tando,
442 1792 485 1849 ut
516 1775 735 1874 dignaretur
761 1774 800 1850 S.
837 1774 875 1851 S.
909 1775 1037 1850 iubere
1065 1775 1156 1872 quid
1184 1776 1259 1873 Ipsi
1286 1776 1449 1850 debeant
1476 1801 1603 1875 agere,
1632 1800 1781 1873 reprae-

283 1884 470 1976 sentando
498 1899 662 1974 rationes
685 1916 725 1974 et
746 1899 987 1974 fundamenta
1006 1915 1164 1997 propter
1190 1925 1289 1996 quae
1309 1901 1515 1976 Auditores
1534 1901 1690 1975 credunt
1715 1901 1781 1974 sibi

284 2026 413 2102 deberi
441 2025 744 2123 praecedentiam
767 2041 806 2100 et
833 2026 1028 2120 signanter
1052 2026 1334 2122 possessionem
1362 2042 1401 2100 et
1433 2024 1602 2100 ultimum
1628 2041 1777 2112 statum,
1839 2019 1840 2062 l

284 2151 384 2226 unde
411 2149 461 2224 ad
489 2149 629 2226 dietum
655 2151 829 2226 ellectum
850 2150 1020 2248 deputati
1048 2149 1199 2226 luerunt
1226 2151 1275 2228 D.
1298 2151 1476 2226 Decanus
1503 2167 1543 2226 et
1562 2152 1611 2228 D.
1633 2151 1778 2226 Bichius

282 2292 439 2373 propter
465 2274 731 2371 impedimenta
758 2274 979 2350 infirmitatis
1010 2275 1057 2350 D.
1093 2274 1329 2374 Peutingerii,
1358 2293 1401 2352 ut
1433 2276 1581 2350 adirent
1616 2276 1780 2351 Barberi·

284 2427 385 2490 num,
406 2401 559 2474 Domini
586 2425 677 2476 vero
698 2398 863 2488 Meltius,
886 2399 1093 2497 Verospius
1108 2415 1148 2476 et
1167 2400 1339 2500 Angelus
1368 2400 1503 2476 Celsus
1531 2416 1572 2475 ut
1600 2401 1779 2477 instarent

240 2535 243 2541 '
281 2527 384 2624 apud
412 2524 532 2601 dictos
561 2524 781 2600 Cardinales
800 2541 842 2601 ut
869 2524 1115 2622 dignarentur
1140 2523 1281 2600 habere
1309 2526 1570 2622 particularem
1589 2551 1714 2600 curam
1741 2541 1779 2600 et

282 2651 554 2748 protectionem
582 2649 806 2734 Tribunalis,
836 2649 1002 2748 illudque
1029 2649 1294 2724 commendare
1323 2648 1499 2735 Pontifici,
1524 2665 1563 2724 et
1591 2651 1780 2750 signanter

281 2773 455 2850 insistere
483 2799 597 2872 super
624 2773 877 2856 declaratione
904 2773 1192 2871 praecedentiae
1220 2774 1269 2848 ad
1297 2773 1464 2850 savorem
1492 2772 1672 2862 eiusdem,
1702 2790 1775 2848 tam

282 2924 366 2974 cum
397 2898 617 2985 Batonibus,
649 2923 762 2994 quam
790 2921 874 2971 cum
904 2896 1058 2972 Clericis
1088 2897 1283 2974 Camerae.

362 3021 531 3097 Ulterius
568 3021 654 3096 mihi
683 3022 834 3122 Angelo
864 3021 989 3108 Celso,
1020 3023 1073 3095 uti
1099 3022 1364 3110 thesaurario,
1395 3022 1607 3100 ordinatum
1639 3023 1706 3098 luit
1735 3039 1775 3097 ut

281 3147 459 3222 deberem
488 3147 668 3222 conficere
689 3146 764 3222 duo
793 3146 1026 3221 Memorialia
1045 3147 1186 3222 directa
1214 3146 1391 3236 Pontifici,
1412 3146 1507 3222 alter
1525 3147 1560 3220 in
1589 3173 1667 3246 quo
1689 3173 1773 3244 sup-

281 3273 482 3370 plicaretur
508 3298 577 3368 pro
605 3271 792 3346 solutione
821 3271 945 3347 salarii
972 3271 1045 3345 iam
1073 3272 1222 3346 decursi
1250 3273 1285 3345 in
1314 3271 1413 3346 Sede
1440 3290 1597 3348 vacante
1633 3289 1672 3348 et
1702 3296 1773 3346 uon

280 3397 393 3471 soluti
410 3423 454 3473 ac
483 3397 518 3470 in
547 3397 710 3470 futurum
738 3395 976 3484 decurrendi;
1004 3396 1101 3470 alter
1127 3420 1217 3471 vero
1237 3421 1307 3494 pro
1330 3397 1432 3472 dono
1461 3414 1652 3472 scutorum
1672 3419 1771 3490 2400

279 3521 359 3596 auri
387 3519 465 3595 fieri
494 3521 606 3595 solito
633 3521 668 3593 in
696 3521 886 3596 creatione
914 3521 1000 3596 novi
1029 3521 1214 3596 Pontificis
1230 3579 1344 3599 .....

990 3886 1079 3967 269.

278 4049 500 4124 Alexander
535 4049 618 4126 VII
635 4051 739 4138 iubet,
770 4051 1016 4126 Auditoribus
1041 4039 1135 4125 salvi
1158 4050 1342 4126 salam'um
1368 4013 1561 4127 decursam
1589 4063 1625 4127 et
1648 4053 1771 4128 datur-

357 4175 515 4249 randum
546 4201 588 4250 ac
614 4176 826 4251 donativum
863 4199 961 4273 240⁰
988 4185 1076 4252 scut.
1106 4177 1199 4251 auri
1221 4176 1315 4252 dari
1342 4177 1487 4252 salitum
1522 4181 1563 4252 in
1598 4179 1770 4278 creatione

358 4301 445 4374 novi
472 4301 607 4399 Papae.

357 4477 472 4548 (Arcu.
492 4475 579 4549 Run,
603 4477 793 4536 ‹Drarium
814 4476 949 4550 Celsr'»).

730 4694 803 4768 Die
831 4695 929 4770 lovis
963 4715 1006 4788 15
1039 4695 1180 4790 Aprilis
1214 4702 1326 4792 1655.
1445 4710 1449 4726 “

357 4871 405 4948 D.
424 4873 550 4948 Celius
566 4872 871 4959 Piecolomlneus,
892 4873 1124 4949 Secretarius
1148 4875 1432 4962 Memorialium,
1458 4878 1666 4953 transmisit
1685 4875 1764 4950 mihi

275 4998 351 5071 duo
380 4997 614 5074 Memorialia
630 5058 637 5074 .
656 5055 693 5075 ..
723 4999 849 5096 quoad
877 4997 1058 5096 primum:
1096 5001 1172 5072 «A
1199 5001 1320 5077 Mans.
1359 5001 1396 5075 T
1391 5002 1546 5076 esariere
1573 5005 1635 5076 che
1653 5001 1763 5094 faccia

281 5152 299 5195 ‹
317 5125 480 5220 cseguire
507 5125 539 5198 il
547 5133 770 5223 pagamenta
797 5123 889 5198 delle
899 5123 1041 5223 partite
1058 5121 1201 5199 decorae
1218 5153 1236 5200 a
1253 5151 1366 5224 regua
1384 5152 1409 5201 a
1428 5127 1593 5228 pagarlc
1611 5130 1650 5204 in
1667 5149 1763 5201 aare·

280 5247 436 5322 ‹nire›
471 5265 510 5322 et
538 5247 666 5344 quoad
685 5248 913 5324 secundum:
951 5247 1031 5322 «A
1039 5247 1171 5326 'Iliona
1199 5249 1237 5324 T
1230 5253 1387 5327 esuriere
1409 5251 1471 5326 clu
1483 5253 1611 5348 faccia
1628 5251 1763 5351 seguire
1839 5337 1840 5346 ἵ

281 5402 300 5445 e
317 5371 350 5446 il
367 5381 591 5472 pagamcnta
609 5401 647 5447 ».
1095 5390 1099 5402 ·
