3720 5914
875 253 1011 314 soeculo
1029 252 1062 312 X
1070 251 1096 311 V

979 567 1000 611 dt

945 629 1034 673 11*

241 766 444 840 Auditores
470 767 599 852 Rotae,
638 775 731 841 certe
764 765 908 863 cognito
944 766 1126 839 voluntate
1162 763 1290 864 Papae
1324 764 1450 864 quoad
1481 766 1739 840 admuum

320 890 517 964 Francisci
545 889 684 976 Brevii,
714 891 827 964 uilem
854 889 1031 966 obediunt.

321 1046 437 1118 (Aaou
456 1045 543 1120 Rom,
566 1070 579 1097 ι
590 1045 819 1106 Admt'ssiones
831 1069 857 1118 2,
875 1046 970 1106 Sixto
987 1045 1049 1118 IV,
1067 1063 1100 1104 n.
1119 1048 1177 1118 16).

1413 1221 1492 1296 1482,
1511 1220 1695 1282 decembris
1712 1221 1741 1280 3.

400 1405 644 1482 Sanctissime
670 1431 715 1481 ac
742 1405 1030 1482 clementissime
1058 1420 1187 1502 pater:

321 1532 411 1606 Post
439 1531 577 1628 pedum
606 1531 733 1606 oscula
761 1534 969 1618 beatorum,
1001 1530 1144 1606 Retulit
1170 1531 1280 1606 nobis
1306 1529 1480 1606 dominus
1510 1530 1743 1606 Guillermus

239 1659 288 1732 de
307 1656 476 1743 Peteriis,
498 1655 709 1731 Coauditor
727 1670 866 1744 noster,
887 1655 967 1730 heri
984 1679 1060 1754 que
1087 1653 1157 1730 suit
1174 1655 1255 1730 dies
1282 1654 1381 1742 lune,
1399 1679 1443 1730 se
1469 1653 1585 1731 fuisse
1613 1682 1743 1732 coram

238 1781 447 1856 Sanctitate
465 1781 604 1856 Vestra
632 1781 692 1854 die
719 1779 866 1855 veneris
895 1779 1065 1877 proxime
1083 1779 1274 1876 preterita,
1295 1797 1336 1854 et
1352 1781 1402 1855 ab
1419 1780 1553 1856 eadem
1573 1781 1746 1855 tenuisse

241 1907 344 2002 quod
371 1905 546 1980 voluntas
573 1905 654 1979 eius
681 1922 765 1980 erat
791 1920 843 1992 ut,
863 1905 1037 1980 omnibus
1055 1904 1214 1991 reiectis,
1234 1902 1519 1980 admitteremus
1548 1905 1745 1980 dominum

241 2028 480 2104 Franciscum
515 2028 701 2115 Brevium,
730 2029 958 2125 precedente
994 2042 1119 2101 tamen
1158 2029 1328 2102 examine
1364 2043 1560 2104 consueto.
1590 2029 1640 2100 Et
1676 2029 1741 2114 ita,

239 2153 369 2229 audita
396 2153 588 2229 voluntate
617 2152 833 2228 Sanctitatis
862 2151 1010 2240 Vestre,
1040 2175 1182 2240 omnes,
1205 2152 1351 2227 nemine
1379 2153 1628 2250 discrepante,
1649 2153 1744 2228 deli-

240 2279 453 2355 beravimus
481 2278 604 2355 iacere
630 2292 670 2352 et
696 2301 847 2375 parere;
868 2293 908 2352 et
935 2277 1033 2352 duos
1060 2275 1325 2374 deputavimus
1344 2278 1395 2351 ad
1421 2276 1620 2351 dicendum
1640 2277 1742 2352 Rriro

241 2404 394 2478 domino
425 2401 739 2478 Vicecaucellario
776 2400 880 2498 quod
915 2401 1141 2476 deliberaret
1176 2401 1224 2476 de
1261 2401 1323 2475 die
1359 2401 1550 2476 examinis.
1592 2401 1744 2476 Deinde

240 2527 458 2625 supervenit
486 2527 708 2602 Mandatum
737 2525 953 2602 Sanctitatis
971 2525 1109 2600 Vestre
1137 2527 1209 2600 sub
1236 2527 1344 2623 penis
1371 2542 1410 2601 et
1437 2526 1615 2613 censuris,
1637 2528 1743 2623 quod

239 2654 380 2729 dictum
407 2652 599 2727 dominum
620 2651 866 2726 'Franciscum
894 2651 1119 2726 deberemus
1147 2651 1228 2726 sine
1254 2652 1426 2728 examine
1442 2650 1652 2738 admittere,
1674 2675 1745 2748 per
1858 2696 1859 2699 π

242 2793 361 2854 totam
388 2777 482 2853 hanc
501 2777 601 2852 diem
620 2776 769 2852 tertiam
788 2778 975 2873 presentis
994 2775 1150 2880 mensis:
1171 2777 1220 2851 de
1238 2800 1316 2872 quo
1335 2776 1565 2874 permaxime
1584 2773 1743 2850 admira·

242 2929 336 2992 mur,
362 2927 446 2978 cum
474 2927 549 2977 non
576 2902 625 2978 sit
652 2900 821 2976 auditum
849 2925 871 2976 a
900 2902 1028 2977 seculo
1055 2900 1160 2998 quod
1188 2901 1388 3001 quisquam
1416 2900 1528 2975 suerit
1553 2899 1741 2976 admissus
1858 2939 1859 2958 .

241 3028 292 3102 ad
317 3027 431 3102 talem
458 3043 499 3101 et
526 3041 671 3101 tantum
699 3025 821 3099 locum
850 3025 930 3101 sine
957 3028 1139 3101 examine.
1170 3025 1220 3099 Et
1246 3025 1332 3101 licet
1367 3025 1439 3100 hoc
1471 3049 1630 3099 examen
1664 3039 1744 3098 sta-
1858 3039 1859 3052 ³

241 3151 379 3228 tuerint
406 3151 699 3248 predecessores
722 3149 939 3225 Sanctitatis
958 3149 1096 3224 Vestre
1124 3175 1194 3247 pro
1223 3150 1366 3225 honore
1394 3149 1495 3224 sedis
1522 3147 1741 3246 apostolice,

242 3293 282 3352 et
308 3291 350 3348 ut
377 3275 551 3350 omnibus
587 3275 799 3349 innotescat
829 3273 934 3372 quod
961 3275 993 3348 is
1021 3273 1085 3374 qui
1112 3273 1318 3349 assumitur
1352 3273 1401 3348 ad
1435 3287 1583 3348 tantum
1619 3273 1743 3346 locum

241 3401 392 3487 iustitie,
414 3400 462 3475 sit
489 3399 637 3488 doctus,
666 3415 705 3473 et
734 3414 938 3496 propterea
964 3424 1123 3474 examen
1150 3397 1275 3496 ipsum
1301 3397 1454 3473 cederet
1482 3397 1532 3472 ad
1558 3398 1745 3472 honorem

243 3525 459 3601 Sanctitatis
486 3524 625 3600 Vestre
653 3549 728 3624 que
754 3523 879 3622 ipsum
907 3523 1020 3622 recipi
1048 3525 1212 3612 mandat,
1243 3539 1382 3612 tamen,
1413 3523 1445 3597 si
1480 3521 1606 3620 placet
1639 3522 1746 3618 quod

241 3651 279 3724 id
306 3673 381 3725 non
409 3649 484 3735 fiat,
506 3647 747 3724 transibimus
775 3663 814 3722 et
841 3649 963 3744 ipsum
992 3649 1225 3745 recipiemus,
1256 3662 1369 3745 prout
1404 3673 1453 3722 ex
1489 3669 1586 3721 nunc
1619 3646 1744 3742 ipsum

243 3773 453 3871 recipimus,
483 3789 522 3848 et
540 3773 661 3871 parati
685 3796 815 3847 sumus
834 3773 987 3849 obedire
1015 3787 1055 3847 et
1081 3773 1279 3850 obedimus
1307 3771 1503 3848 Sanctitati
1536 3767 1685 3846 Vestre.

324 3898 505 3974 Eiusdem
532 3897 748 3972 Sanctitatis
776 3895 913 3973 Vestre
1492 3903 1494 3908 '

1049 4021 1253 4097 Humillimi
1285 4036 1324 4096 et
1356 4019 1587 4096 devotissimi
1619 4020 1746 4094 famuli

1075 4148 1283 4222 Auditores
1311 4147 1426 4221 vestri
1454 4145 1549 4220 sacri
1577 4145 1715 4242 palatii.

325 4343 460 4448 (verso)
481 4346 602 4443 Copia
621 4346 827 4421 litterarum
848 4346 1151 4421 transmissarum
1172 4343 1210 4420 S.
1228 4344 1277 4422 D.
1295 4344 1342 4420 N.
1361 4342 1468 4419 Sixto
1487 4342 1562 4440 lllJ,
1580 4343 1747 4418 secunda

245 4471 337 4558 vice,
365 4475 461 4564 1482
494 4471 555 4544 die
583 4471 710 4545 martis
741 4493 761 4563 3
792 4469 1013 4546 decembris.
1776 4479 1780 4485 '
