3708 5918
714 327 866 408 Iohanne
885 323 991 386 XXII
1553 329 1589 385 77

99 522 261 599 eiusdem
290 524 450 621 regestri
482 521 672 618 recipiant,
704 521 735 594 si
762 521 870 617 copia
906 520 988 616 ipsa
1024 520 1059 592 in
1092 519 1248 593 sormam
1278 517 1463 614 publicam
1492 520 1590 593 redi-

102 665 216 747 gatur.
234 648 277 722 Si
303 673 395 752 vero
412 648 624 722 huiusmodi
652 649 759 744 copia
786 646 824 719 in
851 645 994 741 papiro,
1026 646 1226 740 recipiatur
1252 659 1366 742 prout
1395 670 1510 742 supra
1541 647 1590 718 de

101 775 172 849 aliis
201 773 317 869 copiis
345 789 407 846 est
431 796 665 868 expressum.

172 900 190 995 5
220 921 240 992 3
247 921 281 991 3.
303 899 407 983 Item,
429 895 532 994 quod
550 899 598 971 de
617 896 801 972 sententia
820 894 1012 969 diffinitiva
1026 919 1096 991 pro
1110 895 1279 991 qualibet
1296 897 1398 990 petia
1417 896 1587 992 regestri,

102 1039 252 1120 possunt
278 1047 320 1097 12
344 1021 482 1096 similes
510 1023 676 1118 recipere
696 1038 933 1094 turonenses.
955 1020 1016 1093 De
1042 1019 1292 1094 instrumento
1320 1045 1409 1093 vero
1429 1019 1587 1116 publico,

101 1173 176 1222 cum
203 1147 273 1244 per
300 1171 342 1220 se
370 1149 418 1222 de
437 1147 623 1221 sententia
641 1147 724 1242 ipsa
743 1145 952 1219 conlectum
968 1143 1142 1228 extiterit,
1180 1167 1222 1215 12
1254 1142 1391 1217 similes
1419 1159 1591 1218 turonen·

102 1299 156 1347 ses
180 1298 252 1369 pro
280 1269 446 1368 qualibet
465 1271 626 1370 regestri
651 1270 753 1369 petia
780 1270 999 1352 debeantur,
1028 1285 1067 1341 et
1095 1293 1164 1364 pro
1192 1267 1300 1364 copia
1328 1267 1523 1351 sententie,
1555 1267 1590 1340 in

101 1396 242 1493 publico
279 1397 359 1470 sive
394 1396 430 1468 in
459 1395 624 1492 simplici,
664 1387 846 1492 quantum
873 1409 913 1467 et
940 1409 1055 1490 prout
1082 1393 1129 1466 de
1165 1391 1245 1466 aliis
1273 1392 1389 1489 copiis
1418 1393 1590 1488 superius

102 1539 155 1596 est
179 1545 415 1618 expressum.

169 1647 187 1742 ξ
220 1667 280 1737 34.
297 1645 402 1728 Item,
420 1643 523 1739 quod
543 1645 590 1718 de
608 1640 897 1717 interlocutoriis
916 1665 991 1737 que
1009 1641 1084 1714 vim
1104 1639 1291 1714 definitive
1311 1640 1533 1726 habuerunt,
1550 1653 1592 1712 ut

97 1772 140 1843 de
158 1769 344 1844 sententia
371 1793 486 1864 supra
505 1769 675 1864 proxime
693 1767 921 1864 exprimitur,
943 1768 1177 1840 observetur.
1200 1765 1239 1838 Si
1265 1788 1355 1840 vero
1375 1765 1459 1838 talis
1478 1765 1592 1838 inter-

96 1894 272 1970 locutoria
315 1894 390 1968 vim
436 1893 625 1967 diffinitive
668 1916 908 1988 nequaquam
946 1891 1093 1978 habeat,
1133 1890 1359 1986 recipiantur
1398 1915 1415 1962 2
1453 1886 1592 1963 similes

48 2044 53 2056 ·
95 2032 211 2094 turon.
242 2042 312 2115 pro
330 2018 431 2114 petia
459 2019 629 2116 regestri,
652 2033 692 2092 ut
712 2003 827 2113 supra
844 2015 977 2090 dicitur
1005 2014 1278 2112 computando:
1299 2029 1337 2088 et
1360 2012 1391 2086 si
1411 2015 1459 2087 de
1478 2013 1592 2087 inter-

94 2143 271 2218 locutoria
297 2144 380 2240 ipsa
408 2141 597 2239 publicum
625 2139 912 2216 instrumentum
940 2165 1007 2238 per
1045 2165 1087 2214 se
1118 2138 1192 2226 fiat,
1224 2165 1291 2212 sex
1318 2137 1458 2212 similes
1492 2155 1591 2212 turo·

96 2291 232 2342 nenses
259 2291 329 2364 pro
357 2267 491 2342 eodem
520 2267 632 2364 recipi
661 2282 839 2363 poterunt
865 2264 1125 2339 instrumento.

165 2395 194 2490 ᾗ.
218 2416 243 2486 3
249 2414 282 2486 5.
305 2391 409 2475 Item,
425 2391 608 2476 volumus,
632 2390 831 2465 statuimus
850 2403 889 2462 et
903 2387 1130 2475 ordinamus,
1147 2387 1251 2485 quod
1265 2401 1391 2461 cetere
1408 2388 1591 2484 scripture

34 2566 38 2578 ·
91 2517 279 2592 iudiciales
302 2531 477 2590 taxentur
496 2514 701 2588 secundum
731 2514 883 2588 modum
911 2515 1085 2608 superius
1112 2514 1358 2610 assignatum,
1376 2511 1446 2586 hoc
1466 2527 1590 2586 tamen

89 2643 235 2717 adiecto
252 2658 295 2716 et
313 2640 486 2715 ordinato
506 2640 717 2736 specialiter
743 2656 783 2714 et
804 2663 998 2737 expresse,
1027 2638 1131 2735 quod
1163 2638 1335 2712 videlicet
1367 2639 1591 2734 ubicumque

86 2767 120 2840 in
147 2767 401 2841 taxationibus
428 2764 626 2839 antedictis
654 2767 700 2840 de
729 2765 921 2838 turonensi
947 2787 1085 2861 grosso
1112 2762 1177 2836 fiat
1205 2764 1354 2850 mentio,
1385 2761 1423 2834 id
1450 2762 1499 2836 de
1528 2760 1590 2836 illo

89 2891 243 2990 intelligi
281 2889 467 2979 volumus,
502 2891 680 2987 quamdiu
715 2890 886 2964 Romana
921 2891 1021 2962 curia
1057 2888 1167 2961 suerit
1194 2888 1285 2962 citra
1322 2904 1491 2973 montes;
1528 2887 1592 2962 ubi

86 3041 174 3091 vero
193 3017 296 3092 ultra
315 3030 474 3102 montes,
496 3016 618 3090 Rome
637 3014 810 3089 videlicet
828 3015 887 3089 vel
916 3015 951 3088 in
979 3014 1060 3086 aliis
1086 3012 1210 3087 Ytalie
1238 3015 1419 3108 partibus,
1450 3012 1589 3086 curiam

85 3140 203 3237 ipsam
232 3165 322 3215 esse
350 3140 559 3238 contigerit,
591 3165 777 3226 romanus,
808 3140 891 3214 loco
924 3138 1148 3224 turonensis,
1179 3153 1341 3234 ponatur
1373 3152 1413 3211 et
1440 3162 1590 3233 compu-

88 3281 187 3340 tetur
214 3266 252 3339 in
284 3263 537 3338 taxationibus
564 3265 775 3338 antedictis.

163 3369 313 3488 μᾶ*
342 3388 514 3464 Caveant
540 3404 665 3462 tamen
698 3389 830 3462 notarii
857 3387 1045 3474 antedicti,
1070 3387 1174 3482 quod
1202 3402 1359 3483 propter
1385 3386 1590 3481 premissas

86 3515 405 3601 modificationes,
449 3513 653 3610 scripturas
694 3514 915 3611 prolixiores
957 3535 1195 3609 nequaquam
1241 3509 1423 3598 efficiant;
1468 3535 1589 3606 neque

83 3657 226 3737 ponant
246 3639 440 3736 superflua
457 3639 669 3727 in'eisdem,
690 3640 759 3712 nisi
778 3653 891 3743 prout
910 3638 1163 3712 necessarium
1182 3635 1301 3723 luerit,
1323 3652 1363 3710 et
1385 3652 1445 3708 est
1463 3635 1590 3708 hacte-

86 3789 152 3838 nus
189 3765 275 3839 fieri
303 3779 546 3851 consuetum;
577 3787 644 3838 nec
680 3763 864 3838 malitiose
901 3761 1073 3836 diflerant
1108 3760 1167 3834 vel
1204 3759 1352 3835 differre
1388 3777 1591 3856 procurent

84 3892 295 3992 scripturas
314 3889 483 3985 partibus
501 3889 709 3986 assignare.
727 3887 965 3963 Contrarium
985 3911 1077 3960 vero
1098 3886 1285 3972 iacientes,
1307 3885 1462 3980 duplum
1482 3886 1590 3959 resti-

86 4031 201 4091 tuant.
244 4017 299 4089 Et
327 4015 358 4087 si
386 4039 501 4111 super
528 4015 625 4088 hunc
661 4013 980 4111 frequentaverint
1006 4035 1215 4095 excessum,
1244 4011 1293 4085 ab
1320 4010 1505 4084 auditorio
1534 4009 1590 4084 sui

85 4141 272 4216 auditoris
302 4154 342 4213 et
369 4139 509 4236 palatio
537 4138 707 4235 predicto
735 4135 1018 4234 expellantur.*

395 4335 546 4408 Finiunt
573 4335 858 4410 constitutiones
886 4333 1013 4431 palatii
1040 4358 1248 4406 causarum.
1272 4331 1283 4366 ¹

159 4519 179 4614 ᾖ
210 4538 279 4611 37.
311 4513 496 4589 Volumus
524 4514 687 4610 insuper,
719 4515 919 4587 statuimus
938 4530 977 4587 et
995 4513 1107 4588 etiam
1131 4471 1359 4598 ordinamus,
1382 4511 1485 4607 quod
1504 4535 1588 4584 ven.

83 4639 115 4714 fl.
137 4641 288 4728 Nostri,
320 4638 358 4713 S.
381 4638 427 4714 R.
447 4639 492 4711 E.
513 4639 720 4713 cardinales
744 4639 794 4711 ab
818 4639 1052 4712 auditoribus
1080 4651 1119 4710 et
1147 4637 1298 4720 notariis
1328 4636 1415 4721 suis,
1446 4659 1590 4709 necnon

83 4763 332 4840 Camerarius
347 4763 488 4836 Noster
514 4765 564 4836 ab
581 4763 767 4836 Auditore
788 4763 845 4836 vel
861 4761 1138 4836 Viceauditore
1157 4761 1281 4835 curiae
1311 4759 1494 4834 Camerae
1523 4784 1590 4833 no-

84 4906 181 4965 strae
212 4889 416 4988 ipsiusque
445 4887 602 4973 Notarii,
619 4904 659 4961 et
676 4889 788 4960 etiam
808 4885 1053 4962 Marescallus
1073 4887 1181 4960 Rom.
1205 4885 1341 4958 Curiae
1359 4909 1381 4958 a
1409 4885 1590 4958 iudicibus

85 5032 121 5088 et
140 5013 318 5090 Notariis
344 5037 487 5098 eorum,
509 5037 575 5085 seu
601 5013 827 5108 quicumque
846 5011 906 5084 alii
924 5013 1148 5085 auctoritate
1166 5009 1374 5105 apostolica
1393 5031 1527 5082 causas
1556 5009 1590 5080 in
1670 5039 1676 5048 ·

157 5239 167 5274 ¹
187 5238 236 5297 Ita
255 5235 363 5296 codex
382 5234 455 5294 Vat.
475 5234 544 5292 Lat.
563 5233 647 5292 3986:
665 5247 748 5306 quae
767 5241 947 5306 sequuntur
966 5231 1162 5306 paragraphi
1180 5231 1361 5304 descriptae
1380 5229 1592 5288 inveniuntur

81 5329 113 5388 in
142 5337 234 5388 textu
267 5324 370 5384 huius
400 5321 620 5401 ordinationis
650 5323 684 5380 in
715 5321 814 5380 Libro
844 5319 1116 5381 constitutionum
1147 5319 1250 5379 Rotae
1274 5317 1389 5377 Palatii
1414 5317 1592 5392 Apostolici

76 5417 137 5489 sol.
157 5417 201 5478 12
219 5427 322 5475 verso
341 5417 372 5471 et
389 5429 452 5486 ssq.
471 5421 502 5471 et
523 5413 557 5470 in
577 5410 737 5470 Bullariis.
