3688 5924
655 345 833 419 Praefatio
850 345 896 405 ad
914 346 1067 404 lectorem

775 603 870 680 Sixti
898 607 943 680 V.

197 765 381 842 XXXIX.
415 766 522 844 Bulla
549 767 763 842 authentica
798 768 896 866 typis
931 767 1031 842 edita
1067 769 1269 842 ‹Romani
1303 768 1496 864 Pontrficis
1523 778 1613 887 prq-

120 891 270 965 vriicntr'a
288 921 325 968 ›.
359 893 449 966 Dat.
480 893 623 967 Romae
650 892 752 988 apud
781 892 818 966 S.
851 893 1001 966 Petrum
1028 891 1101 965 kal.
1131 891 1316 979 februarii,
1353 897 1462 987 1589.

724 1107 929 1182 iunocentii
957 1106 1006 1184 X.

193 1267 275 1344 XL.
308 1269 431 1343 Breve
458 1269 627 1344 authent.
656 1269 690 1342 in
719 1292 888 1366 pergam.
919 1269 1009 1344 Dat.
1054 1269 1199 1344 Romae
1242 1269 1344 1366 apud
1381 1269 1420 1343 S.
1461 1270 1610 1343 Petrum
1754 1322 1756 1336 .

123 1415 139 1486 7
169 1395 292 1480 Mart,
331 1400 441 1488 1645.

704 1536 907 1609 Alexandri
934 1535 1012 1610 VII.

192 1693 291 1771 XLI.
326 1696 446 1769 Breve
474 1697 642 1772 authent.
673 1697 707 1769 in
738 1721 908 1794 pergam.
941 1697 1028 1772 Dat.
1060 1698 1204 1770 Romae
1231 1697 1334 1792 apud
1378 1695 1415 1770 S.
1453 1694 1611 1768 Mariam

119 1819 297 1894 Maiorem
329 1826 377 1893 26
407 1821 565 1895 Octobr.
602 1827 712 1915 1655.
795 1809 801 1823 ’

718 2017 924 2092 Clementis
954 2017 1003 2092 X.
1034 2007 1038 2016 ¹

189 2159 308 2234 XLII.
341 2160 538 2257 Sumptum
567 2162 671 2236 auth.
700 2161 735 2232 in
763 2185 908 2257 papyro
938 2158 1067 2234 Bullae
1103 2159 1306 2234 <Romani
1322 2158 1515 2254 Pontzficr's
1533 2186 1611 2233 con·

113 2295 207 2358 sueta
235 2285 444 2382 benzgm'las
472 2313 509 2359 ».
541 2286 630 2360 Dat.
663 2286 807 2360 Romae
836 2286 937 2382 apud
967 2287 1003 2360 S.
1037 2286 1195 2374 Mariam
1225 2285 1313 2359 Mai.
1350 2309 1396 2378 14
1436 2284 1508 2360 kal.
1539 2285 1610 2358 ian.

116 2411 222 2482 Anno
249 2412 303 2484 ab
331 2410 526 2494 Incarnat„
564 2416 675 2503 1671.

188 2533 207 2575 ξ’·
238 2534 386 2608 Eadem
418 2535 523 2608 Bulla
552 2537 650 2632 typis
679 2535 791 2612 edita.

189 2659 324 2734 XLIII.
356 2659 458 2734 Nota
486 2660 645 2756 simplex
672 2677 851 2743 actorum,
883 2684 998 2755 super
1017 2661 1270 2757 exequutione
1288 2661 1457 2734 eiusdem
1483 2659 1612 2734 Bullae

116 2785 147 2855 in
174 2808 334 2880 papyro,
376 2791 486 2877 1672.

193 2907 332 2982 XLIV.
364 2907 577 2982 Declaratio
605 2909 794 3006 originalis
824 2907 982 3004 Collegii
1010 2909 1325 2983 Abbreviatorum
1346 2934 1461 3007 super
1488 2911 1613 2984 obser-

113 3036 232 3107 vantia
264 3049 304 3106 et
331 3033 585 3129 exequutione
614 3033 781 3106 eiusdem
813 3033 956 3120 Bullae,
989 3057 1008 3125 3
1039 3033 1201 3132 augusti,
1240 3039 1350 3127 1677.

720 3227 924 3304 Clementis
953 3225 1019 3304 XI.

189 3372 315 3448 XLV.
346 3373 467 3446 Breve
486 3373 655 3448 authent.
676 3373 711 3445 in
740 3396 909 3470 pergam.
933 3373 1020 3447 Dat.
1043 3363 1187 3446 Romae
1220 3374 1321 3469 apud
1341 3372 1378 3448 S.
1402 3373 1454 3448 M.
1477 3373 1609 3448 Maior.

122 3522 161 3588 ¹9
189 3501 419 3584 novembris,
456 3503 565 3590 1716.

697 3674 890 3748 Benedicti
918 3673 1020 3749 XIV.

190 3815 330 3891 XLVI.
372 3817 492 3890 Breve
524 3815 693 3890 authent.
734 3817 769 3889 in
811 3841 980 3915 pergam.
1023 3815 1111 3891 Dat.
1152 3816 1297 3891 Romae
1334 3818 1435 3912 apud
1478 3817 1518 3892 S.
1557 3817 1609 3893 M.

115 3941 244 4018 Maior.
287 3965 331 4015 ιο
359 3941 497 4037 aprilis,
534 3962 645 4034 1743.

187 4064 208 4106 *⁸
238 4065 408 4140 Litterae
436 4062 634 4139 familiares
663 4065 864 4163 originales
892 4091 974 4139 cum
1004 4064 1105 4140 dicto
1126 4065 1235 4139 Brevi
1263 4065 1399 4139 missae
1419 4067 1467 4140 ad
1488 4067 1612 4140 Rotae

115 4187 324 4264 Decanum.

188 4313 210 4354 ⁸³
241 4315 408 4388 Decreta
435 4314 649 4388 authentica
678 4313 996 4412 Congregationis
1025 4313 1317 4388 Caeremonialis
1346 4315 1394 4389 de
1423 4317 1557 4411 quibus
1576 4317 1613 4390 in

112 4439 211 4514 dicto
243 4440 366 4514 Brevi.

685 4600 816 4674 Incerti
845 4601 1038 4697 temporis.

192 4759 346 4836 XLVII.
380 4760 467 4835 Duo
496 4779 648 4858 sumpta
676 4761 855 4858 simplicia
897 4762 1036 4849 Rotuli,
1074 4765 1152 4836 sive
1190 4763 1361 4836 Mandati
1403 4761 1451 4836 de
1488 4762 1611 4860 provi-

114 4883 239 4958 dendo
268 4885 304 4958 in
333 4909 477 4981 papyro
505 4886 620 4982 antiq.
651 4886 860 4962 chartaceo.
1403 4895 1406 4902 ’

192 5009 374 5084 XLVIII.¹
393 5011 592 5106 Sumptum
621 5010 779 5106 simplex
808 5011 843 5084 in
872 5003 1016 5108 papyro
1045 5011 1326 5107 supplicationis
1347 5036 1418 5086 non
1440 5013 1612 5112 signatae

116 5135 228 5230 antiq.
259 5137 376 5210 chart.

193 5259 334 5336 XLIX.
364 5261 564 5358 Sumptum
593 5259 752 5358 simplex
778 5261 816 5334 in
844 5286 997 5358 papyro
1025 5261 1305 5358 supplicationis
1339 5285 1411 5336 non
1440 5265 1611 5362 signatae

123 5383 232 5478 antiq.
263 5383 377 5461 chart.
