3718 5918
867 268 1129 359 'soeculo‘xvn

949 679 1039 760 318.

241 842 358 916 Rotae
384 840 566 916 decretum
591 842 692 940 quod
715 840 949 916 resolutiones
965 853 1165 918 causarum
1192 845 1390 942 capiantur
1416 870 1496 918 cum
1517 845 1728 944 pluralitate
1825 871 1826 878 ¹

321 974 496 1042 votorum.

322 1138 438 1210 (Aaou.
456 1137 543 1208 Ron,
567 1137 758 1196 ‹Dubrr'um'
776 1137 887 1198 Iacobi
903 1137 1042 1198 Emerix
1054 1142 1090 1211 »).

545 1369 547 1376 ’
637 1427 640 1436 .
728 1359 859 1432 Lunae
894 1377 938 1450 17
968 1357 1109 1456 Aprilis
1144 1364 1255 1452 1673.

324 1543 385 1630 76.
416 1535 513 1611 Cum
541 1535 634 1612 alias
662 1537 871 1612 dubitatum
892 1535 1033 1622 luisset,
1055 1535 1146 1633 quid
1176 1535 1401 1612 servandum
1429 1535 1527 1614 foret
1555 1565 1624 1637 pro
1643 1565 1731 1614 reso·

241 1661 441 1737 lutionibus
462 1660 671 1736 Causarum
692 1662 882 1756 inquibus
902 1661 1115 1735 ordinatum
1135 1677 1203 1748 est,
1226 1677 1268 1735 ut
1286 1661 1484 1737 videantur
1501 1666 1550 1738 ab
1569 1665 1731 1739 omnibus

243 1785 426 1870 Dominis,
449 1785 542 1859 er'rs
562 1785 611 1860 D.
634 1783 876 1884 AlbergatuS,
901 1783 1088 1869 Decanus,
1110 1786 1316 1882 assumpsit
1343 1787 1440 1861 inse
1463 1812 1559 1861 onus
1579 1790 1733 1887 desuper

242 1908 412 2007 capiendi
439 1899 736 1985 informationem
765 1936 833 2006 per
860 1909 1004 1984 litteras
1031 1911 1079 1985 ab
1109 1909 1205 1985 Eliso
1235 1911 1282 1985 D.
1316 1910 1514 1988 Cardinale
1548 1912 1667 1989 Cerro
1699 1930 1733 1988 et

241 2052 419 2112 oretenus
453 2036 501 2109 ab
538 2033 634 2108 Emo
663 2034 862 2109 Cardinale
892 2035 1114 2110 Otthobono
1146 2050 1186 2108 et
1212 2035 1334 2122 hodie,
1369 2039 1567 2114 occasione
1599 2038 1732 2114 discor·
1825 2069 1826 2074 ¹

242 2159 326 2235 diae
346 2178 520 2235 votorum
540 2187 637 2258 quae
660 2163 727 2236 luit
746 2162 781 2234 in
810 2186 924 2235 causa
953 2161 1236 2248 Barchinonen.,
1259 2161 1462 2262 Congruae
1486 2190 1610 2240 coram
1634 2167 1677 2240 R.
1698 2165 1729 2238 P.
1825 2153 1826 2158 ¹

244 2280 291 2360 D.
323 2283 428 2382 Taya
454 2284 491 2358 in
518 2309 595 2383 qua
622 2286 835 2360 ordinatum
865 2283 986 2358 suerat
1014 2300 1055 2357 ut
1089 2285 1280 2359 videretur
1312 2287 1362 2360 ab
1398 2287 1582 2372 omnibus,
1618 2289 1732 2363 retulit

242 2425 319 2484 tam
336 2409 471 2483 Effium
492 2409 663 2494 Cerrum,
687 2434 799 2506 quam
820 2408 956 2483 Eoum
978 2409 1025 2484 D.
1048 2409 1310 2484 Otthobonum
1330 2413 1571 2506 respondisse
1591 2437 1733 2510 semper
1825 2479 1826 2492 ,

241 2533 279 2606 in
315 2534 526 2608 huiusmodi
563 2535 710 2607 casibus
747 2533 1004 2631 praevaluisse
1040 2531 1290 2630 pluralitatem
1327 2554 1512 2621 votorum,
1543 2537 1593 2610 ita
1633 2553 1673 2612 ut
1702 2535 1731 2607 in

243 2657 455 2733 huiusmodi
483 2658 630 2733 casibus
649 2661 698 2733 ab
726 2659 880 2754 antiquo
900 2674 1011 2754 capta
1039 2657 1150 2731 luerit
1169 2657 1347 2733 resolutio
1368 2684 1437 2756 pro
1464 2661 1526 2733 illa
1544 2677 1653 2758 parte
1672 2684 1733 2757 pro
1825 2707 1826 2762 p

242 2808 317 2881 qua
336 2785 487 2858 stabant
506 2783 613 2880 plura
628 2799 727 2870 vota,
744 2781 889 2857 etiamsi
909 2798 1134 2880 superarent
1148 2779 1182 2852 in
1202 2799 1275 2855 uno
1295 2799 1384 2858 voto
1399 2799 1543 2858 tantum
1565 2784 1733 2882 suffragia
1825 2771 1826 2848 l

242 2911 426 2983 contraria
454 2925 493 2981 et
521 2910 569 2982 de
588 2909 658 2983 hoc
677 2925 806 2982 extare
834 2905 940 3003 plura
958 2905 1130 3002 exempla
1155 2905 1397 2980 Decisionum
1418 2933 1515 3003 quae
1544 2908 1730 3006 incipiunt:

250 3063 268 3106 c
287 3031 440 3106 Domini
459 3056 527 3129 pro
556 3033 685 3107 maiori
714 3049 821 3130 parte
849 3023 1085 3117 censuerunt,
1108 3031 1441 3126 responderunt»,
1461 3035 1520 3108 vel
1549 3033 1729 3108 similibus.

241 3155 487 3253 Quapropter
513 3157 724 3230 ordinatum
752 3157 829 3241 luit,
861 3174 902 3230 ut
929 3153 1141 3230 huiusmodi
1179 3156 1297 3251 stylus
1326 3157 1587 3252 inposterum
1616 3161 1731 3232 incon-

241 3309 351 3357 cusse
371 3298 596 3356 servaretur.
615 3281 664 3354 Et
682 3307 757 3379 ego
771 3282 819 3353 ad
835 3297 1056 3378 perpetuam
1071 3283 1124 3354 rei
1139 3281 1354 3356 memoriam
1372 3281 1584 3358 huiusmodi
1600 3283 1730 3358 Decre-

243 3422 321 3479 tum
351 3407 420 3498 hic,
437 3405 638 3503 registrare
667 3405 776 3481 volui.

946 3743 1037 3822 319.

245 3905 297 3979 Ob
325 3932 397 3978 non
417 3905 631 4004 procursum
658 3905 857 3978 absentiam
884 3906 994 3979 onim
1018 3907 1202 3993 Ponentz's,
1224 3906 1325 3979 illius
1345 3907 1497 4006 primus
1519 3905 1730 4006 Corresport-

323 4031 414 4104 solis
425 4039 575 4130 poterat
591 4057 720 4104 cousus
738 4031 840 4104 illius
850 4043 1067 4132 proponere,
1078 4031 1302 4130 praeaudz'to
1317 4031 1564 4105 tantummodo
1578 4031 1726 4103 Decano.

322 4205 438 4278 (Anca.
457 4205 544 4279 Rom,
566 4203 758 4264 ‹Diarium
776 4204 887 4264 Iacobr'
903 4204 1043 4264 Emert'x
1055 4207 1089 4278 ι).

771 4424 900 4498 Lunae
932 4449 951 4518 3
982 4424 1061 4498 Iulii
1097 4433 1207 4518 1673.

326 4625 385 4695 77.
418 4603 507 4677 Post
534 4602 774 4677 transmissas
794 4604 993 4678 schedulas
1013 4603 1223 4678 Causarum
1252 4621 1291 4677 et
1318 4605 1395 4677 lere
1424 4605 1495 4678 iam
1523 4604 1728 4678 distributas

243 4728 457 4823 scripturas,
488 4729 705 4823 supervenit
733 4729 777 4803 R.
809 4729 847 4804 P.
877 4729 925 4802 D.
957 4755 1041 4802 meo
1070 4727 1226 4803 Castillo
1255 4729 1378 4812 lebris,
1409 4752 1508 4825 quae
1535 4728 1726 4825 impedivit,

241 4853 442 4949 quominus
471 4854 551 4946 ipse
580 4869 712 4948 posset
740 4853 788 4926 ad
812 4854 948 4927 Rotam
977 4854 1173 4929 accedere:
1195 4853 1293 4927 unde
1323 4879 1369 4927 ne
1390 4854 1521 4928 Partes
1549 4879 1648 4950 quae
1666 4853 1728 4925 iam

242 4976 532 5051 informaverant
568 4977 653 5051 inde
689 4978 839 5051 nimium
874 4978 1058 5074 dispendii
1093 4993 1322 5075 paterentur,
1353 4973 1574 5074 praesertim
1609 4981 1644 5052 in
1670 4977 1730 5050 hac

242 5101 370 5175 ultima
397 5101 587 5175 audientia
606 5117 694 5175 ante
715 5101 855 5189 Ferias,
878 5102 964 5200 Ego
991 5103 1057 5198 qui
1076 5103 1123 5176 illi
1143 5103 1181 5176 in
1208 5102 1338 5176 Turno
1367 5102 1559 5198 proximus
1577 5102 1730 5176 assideo.

240 5227 321 5298 eius
357 5225 436 5299 vice
466 5225 613 5299 Causas
648 5227 827 5323 proposui
862 5241 900 5299 et
934 5226 1111 5326 suffragia
1143 5229 1278 5324 recepi,
1309 5253 1406 5323 quae
1444 5243 1579 5323 postea
1617 5227 1728 5302 eidem

242 5350 387 5436 tradidi,
419 5376 459 5424 re
487 5368 613 5425 tamen
643 5353 747 5447 prius
775 5353 1046 5426 communicata
1073 5378 1156 5427 cum
1187 5353 1285 5425 Rriio
1315 5352 1362 5428 D.
1394 5377 1478 5427 meo
1508 5353 1672 5428 Decano.
