3684 5920
740 283 805 343 Pio
826 284 908 344 VIII

775 614 867 696 522.

78 759 116 831 Α
148 784 237 832 novo
264 758 442 853 Pontificc
461 759 532 832 Pio
558 761 664 834 VIII
675 761 811 833 Rotam
838 759 1032 856 apcrc'cndi
1046 759 1152 831 uenia
1163 759 1307 856 petitur
1333 768 1368 831 cl
1392 759 1572 854 accipitur

154 926 179 938 -
197 883 242 956 ab
271 883 395 980 quue
413 883 618 980 apostolecis
644 883 953 958 constitutionibus
971 884 1177 980 derogatur
1194 883 1380 983 allapsus
1401 885 1574 982 temporis

153 1033 224 1104 quo
242 1006 351 1080 Sedes
377 1017 574 1080 vacaverat
598 1016 633 1080 ct
658 1009 758 1081 Rota
772 1007 930 1105 pronde
961 1007 1062 1080 omni
1073 1008 1212 1101 fuerat
1234 1009 1448 1081 auctoritate
1466 1022 1572 1104 expo·

153 1132 257 1218 hitto,
288 1131 390 1204 utc'lzs
416 1141 507 1205 cssct
531 1131 669 1205 duobus
702 1142 809 1206 antea
838 1131 956 1206 clectis
984 1131 1229 1204 Auditoribus
1248 1145 1325 1230 pro
1355 1131 1574 1205 absolutionc

147 1271 353 1356 processus.

85 1497 87 1504 y
156 1415 271 1484 (Anca.
291 1411 376 1486 Ron,
402 1411 530 1471 «Liber
548 1412 582 1470 S.
600 1411 706 1470 Rotae
724 1429 756 1470 n.
776 1411 839 1484 A»,
855 1419 933 1486 pag.
953 1411 1127 1478 258-259).

672 1639 684 1686 1
719 1615 860 1710 Aprilis
896 1617 1006 1704 1829.

156 1777 217 1848 Ad
248 1776 442 1848 Summum
464 1774 678 1850 Pontificem
698 1776 792 1860 veni,
816 1791 952 1848 uttam
972 1800 1067 1860 meo,
1091 1799 1204 1870 quam
1223 1775 1380 1849 aliorum
1396 1774 1433 1848 S.
1452 1775 1575 1849 Rotae

79 1901 301 1974 Auditorum
332 1901 480 1974 nomine
508 1902 671 1975 laetitiae
700 1926 835 1974 sensus
872 1915 911 1974 et
938 1901 1200 1998 gratulationis
1236 1900 1359 1973 eidem
1396 1899 1443 1972 de
1471 1925 1575 1974 more

78 2027 291 2122 panderem,
321 2050 444 2120 eaque
472 2041 582 2122 capta
610 2025 903 2121 opportunitate,
937 2026 1121 2098 Eumdem
1151 2026 1254 2098 oravi
1289 2041 1330 2096 ut
1363 2024 1575 2099 facultatem

81 2150 196 2223 Nobis
224 2150 365 2223 faceret
393 2151 537 2224 noviter
565 2149 808 2223 conveniendi
836 2151 870 2222 in
901 2149 938 2226 S.
971 2151 1070 2224 Rota
1096 2149 1146 2223 ad
1174 2175 1308 2223 causas
1337 2151 1574 2226 dirimendas.

81 2275 232 2348 Summa
261 2275 493 2371 benignitate
523 2275 743 2370 petitionem
773 2273 941 2348 Pontifex
970 2276 1129 2369 excepit,
1160 2275 1395 2370 proindeque
1422 2275 1458 2347 in
1478 2273 1578 2348 Rota

82 2402 102 2474 8
131 2399 272 2494 Aprilis
300 2399 436 2472 iterum
465 2400 563 2474 facta
590 2399 658 2473 luit
687 2400 897 2474 Causarum
928 2399 1138 2496 Propositio
1157 2399 1258 2474 iuxta
1278 2399 1439 2485 solitum,
1462 2401 1578 2496 ipsius

81 2527 160 2598 novi
188 2525 333 2598 Summi
363 2523 547 2598 Pontificis
576 2525 725 2599 nomine
753 2541 792 2598 et
819 2523 1051 2598 auctoritate.

157 2649 329 2721 Durante
357 2649 481 2722 adhuc
509 2649 727 2744 pontificatu
757 2648 795 2722 S.
827 2649 879 2722 M.
910 2648 1048 2721 Leonis
1068 2647 1138 2720 Xll
1165 2643 1274 2721 electi
1293 2647 1441 2722 fuerant
1458 2648 1579 2721 Audi-

81 2789 188 2858 tores,
219 2773 282 2846 die
313 2797 359 2866 23
391 2773 547 2847 lanuarii
591 2773 635 2848 R.
681 2775 719 2848 P.
764 2773 813 2847 D.
843 2771 997 2847 Zacchia
1038 2789 1078 2846 et
1119 2771 1179 2846 die
1225 2779 1272 2845 26
1314 2771 1410 2846 illius
1439 2771 1578 2846 mensis

81 2895 122 2973 R.
154 2899 191 2973 P.
223 2898 272 2971 D.
312 2897 370 2971 De
401 2897 545 2994 Cuppis
586 2923 655 2994 pro
682 2897 819 2994 quibus
860 2898 934 2970 iam
972 2897 1092 2971 fuerat
1133 2897 1324 2970 institutus
1363 2896 1577 2976 Processus,

81 3021 320 3119 Subsequuta
348 3023 463 3119 ipsius
492 3022 531 3097 S.
564 3021 748 3096 Pontificis
778 3047 879 3096 mors
907 3021 1059 3096 dubium
1088 3023 1272 3104 excitavit,
1303 3039 1503 3095 essetnec
1532 3046 1578 3093 ne

82 3171 145 3242 pro
173 3148 283 3221 dictis
322 3147 461 3222 Electis
503 3166 665 3245 tempus,
695 3149 798 3244 quod
828 3164 986 3221 vacante
1023 3146 1122 3221 Sede
1154 3150 1355 3234 exciderat,
1386 3146 1474 3220 utile
1509 3161 1598 3243 pro'

80 3273 312 3347 absolutione
341 3271 556 3358 Processus,
588 3271 647 3346 vel
675 3273 803 3369 potius
830 3288 960 3346 essent
979 3273 1152 3346 demendi
1173 3272 1425 3370 quadraginta
1444 3297 1578 3344 novem

80 3395 156 3470 dies
184 3397 246 3484 illi,
278 3396 490 3495 inquibus,
519 3415 667 3471 attenta
695 3397 838 3470 Summi
868 3397 1052 3471 Pontificis
1081 3414 1213 3484 morte,
1244 3397 1398 3471 Sacrum
1418 3395 1578 3469 Audito·
1613 3455 1616 3464 .

80 3521 168 3594 rium
197 3524 299 3595 omni
328 3523 447 3596 fuerat
475 3521 698 3597 auctoritate
726 3524 968 3618 expoliatum.
999 3523 1038 3595 In
1068 3548 1213 3596 summa
1243 3521 1302 3608 rei¹
1323 3523 1577 3620 ambiguitate,

79 3663 333 3742 opportunum
363 3647 482 3721 visum
511 3667 570 3721 est
600 3665 640 3719 ut
668 3647 968 3721 Sacratissimum
998 3645 1205 3744 Principem
1235 3671 1430 3720 exorarem
1451 3671 1580 3742 quam-

79 3767 164 3844 libet
192 3773 381 3868 derogare
409 3773 505 3845 velle
535 3771 863 3858 Constitutionem,
884 3771 926 3864 ,si
955 3797 1054 3868 quae
1073 3789 1233 3854 extaret,
1255 3797 1300 3844 ne
1326 3769 1580 3866 impedimenti

78 3913 178 3969 esset
206 3898 408 3994 quominus
447 3897 481 3969 in
513 3897 637 3993 spatio
674 3898 783 3970 trium
819 3897 1002 3970 mensium
1039 3897 1102 3992 qui
1144 3897 1193 3968 ad
1234 3897 1455 3970 Processum
1494 3912 1581 3968 sunt

80 4023 292 4106 necessarii,
321 4038 632 4096 enumerarentur
660 4045 814 4116 quoque
842 4021 924 4094 dies
952 4021 1132 4116 praedicti
1161 4019 1271 4094 Sedis
1299 4023 1476 4106 vacantis,
1503 4046 1583 4092 ser-

79 4146 173 4219 vatis
202 4146 363 4220 coeteris
396 4147 542 4243 inipso
572 4146 754 4221 Processu
798 4145 1004 4220 servandis.
1042 4145 1150 4219 quta
1190 4161 1279 4219 vota
1322 4169 1457 4218 novam
1486 4144 1582 4218 hanc

81 4271 297 4364 petitionem
326 4270 503 4346 Summus
533 4271 700 4345 Pontifex
727 4271 887 4366 excepit,
918 4270 1113 4367 Electique
1142 4269 1347 4344 Auditores
1366 4270 1504 4342 nullum
1533 4271 1582 4343 ab

80 4392 188 4467 Sedis
218 4395 385 4469 vacantis
415 4395 663 4479 incommodo,
694 4420 764 4492 pro
792 4395 1030 4469 absolutione
1069 4396 1285 4478 Processus,
1316 4394 1580 4468 detrimentum

81 4521 182 4614 passi
215 4537 313 4596 sunt.
