3708 5918
233 337 271 394 ot
408 317 410 322 ¹
859 340 996 400 Saeculo
1014 340 1105 402 XIII

236 438 523 447 ----.-.---
526 441 674 448 κ--η-
677 441 1269 450 -—-—-——-——.-.-—-...—-.—-
1272 443 1351 450 ..ο-.-

310 552 459 601 causam
485 528 661 600 srnkntr'a
679 527 818 624 definit,
838 555 956 604 secum
982 538 1091 604 anna
1110 531 1223 627 plena
1240 531 1495 606 deliberatione
1505 532 1726 632 praenota

309 695 328 708 ·
354 655 680 750 commum'catoquc
705 655 853 729 consito
872 655 1082 753 pm'torum
1110 697 1127 714 ·
1153 665 1189 730 et
1203 657 1314 750 facta
1340 683 1421 731 cum
1448 657 1537 732 aliis
1569 657 1727 733 Audito·
1850 629 1851 642 ,

311 777 414 851 ribus
441 776 589 852 Palatii
612 777 787 852 relatum
812 778 919 865 fideli
941 823 959 836 ·
985 789 1020 853 et
1044 807 1070 854 a
1098 781 1208 881 Papa
1234 781 1373 856 obtenta
1395 782 1540 856 lz'ccntr‘rt
1557 793 1728 880 pruriun-

312 901 444 977 ciandt‘.
473 945 492 958 -
520 901 724 976 Sententiae
754 903 946 997 conficitur
973 905 1161 1004 prtblz'cum
1197 907 1479 981 instrumentum
1508 919 1583 1006 per
1613 908 1728 982 Nolo·

310 1027 412 1100 rium
439 1069 456 1082 ·
482 1028 551 1124 qui
572 1053 609 1102 se
635 1029 762 1125 signat
786 1029 985 1129 Imperzbli
1007 1033 1223 1106 auctoretate
1248 1075 1265 1088 -
1293 1040 1328 1105 et
1352 1031 1397 1105 de
1419 1032 1521 1105 iussu
1540 1031 1732 1130 Aymcn'ci

312 1153 508 1227 smnno'as
534 1153 816 1227 instrununtum
842 1155 964 1228 munit
979 1155 1137 1229 eiusdnn
1155 1156 1354 1230 Auditoris
1380 1155 1514 1252 szgz'llo.

312 1325 403 1396 (Rae.
423 1325 515 1392 Vns..
533 1326 590 1399 37,
600 1325 664 1400 sol.
685 1327 760 1400 155,
785 1343 875 1386 anno
899 1327 963 1398 III,
986 1345 1018 1385 n.
1037 1327 1100 1398 63,·
1126 1327 1212 1404 Jann
1238 1329 1391 1390 Gurnnuo
1417 1329 1454 1387 in
1487 1328 1646 1388 «Btblr'ot.
1673 1329 1728 1387 des

233 1392 346 1474 &oles
356 1414 471 1489 franc.
490 1415 555 1474 Les
573 1415 745 1488 Regr'stres
762 1415 803 1474 de
822 1415 981 1489 Gregor're
998 1415 1041 1488 X,
1059 1416 1174 1490 Paris,
1192 1417 1281 1478 1892
1292 1443 1318 1491 »,
1337 1435 1370 1476 n.
1388 1417 1481 1488 435).

1248 1628 1326 1702 1274,
1343 1629 1484 1689 octobris
1501 1629 1546 1700 23,
1564 1628 1726 1706 Lugduni.

320 1804 339 1848 t
359 1775 531 1852 ..Abbati
550 1790 590 1849 et
603 1775 803 1850 conventui
823 1771 1012 1878 Maiori[s]
1038 1777 1255 1852 monasterii
1273 1778 1504 1852 Turonensis
1526 1778 1576 1851 ad
1596 1778 1729 1853 Roma·

233 1923 319 1974 nam
345 1896 542 1974 ecclesiam
570 1897 672 1975 nullo
699 1899 826 1975 medio
854 1900 1085 1998 pertinentis,
1115 1899 1256 1975 ordinis
1285 1902 1405 1976 sancti
1433 1901 1635 1978 Benedicti.

314 2023 370 2098 Ea
406 2048 481 2121 que
513 2023 647 2098 iudicio
681 2040 765 2110 etc„
805 2049 928 2121 usque
960 2024 1189 2100 communiri.
1230 2025 1329 2100 Sane
1365 2039 1585 2124 presentata
1623 2026 1728 2100 nobis

232 2165 359 2224 vestra
386 2149 519 2246 petitio
545 2149 771 2235 continebat,
792 2148 897 2247 quod
924 2150 1066 2224 dudum
1085 2150 1182 2224 inter
1199 2150 1393 2246 quondam
1412 2149 1729 2237 Bartholomeum,

233 2275 323 2348 dum
350 2273 505 2358 viveret,
535 2289 575 2348 et
602 2275 825 2371 Aymonem,
847 2274 911 2371 qui
937 2275 1156 2349 monasterii
1174 2276 1290 2350 vestri
1309 2276 1479 2351 monachi
1499 2275 1728 2360 dicebantur,

233 2423 349 2495 super
375 2399 542 2495 prioratu
571 2413 700 2472 sancte
727 2397 921 2474 Trinitatis
950 2399 1201 2474 Eboracensis
1229 2400 1265 2473 in
1293 2425 1380 2497 quo,
1412 2415 1499 2473 mne
1518 2417 1674 2474 vacante
1692 2416 1733 2473 et

232 2522 283 2598 ad
318 2523 588 2598 monasterium
624 2524 758 2620 ipsum.
789 2539 832 2596 ut
868 2523 1060 2608 asseritur,
1090 2523 1205 2618 pleno
1237 2525 1316 2599 iure
1354 2538 1560 2619 spectante,
1591 2539 1643 2608 tu,
1684 2524 1732 2598 fili

233 2649 363 2732 abbas,
393 2646 490 2722 sicut
516 2647 566 2722 ad
595 2665 632 2722 te
660 2649 869 2744 spectabat,
900 2647 1086 2744 prelatum
1116 2647 1425 2724 Bartholomeum
1452 2649 1657 2724 instituisse
1681 2649 1733 2723 di-

231 2771 377 2848 cebaris
405 2774 582 2848 canonice
609 2775 646 2846 in
673 2775 848 2869 priorem,
879 2775 1035 2849 materia
1063 2775 1271 2872 questionis
1290 2792 1433 2857 exorta,
1459 2774 1618 2849 dilectus
1636 2773 1733 2848 filius

234 2913 364 2972 noster
391 2897 452 2983 O.,
484 2898 602 2972 sancti
629 2898 785 2973 Adriani
813 2897 992 2973 diaconus
1024 2896 1232 2986 cardinalis,
1263 2915 1353 2973 tunc
1389 2899 1425 2971 in
1456 2899 1627 2994 partibus
1664 2895 1733 2973 illis
1850 2903 1851 2918 ¹

231 3021 439 3121 apostolice
467 3023 568 3096 sedis
596 3020 756 3123 legatus,
787 3047 939 3097 causam
968 3023 1178 3098 huiusmodi
1206 3023 1397 3121 quondam
1425 3023 1608 3122 magistro
1628 3022 1735 3097 Guil·
1848 3043 1850 3084 1

231 3144 344 3221 lelmo
380 3145 428 3220 de
457 3145 653 3242 Spectinis,
683 3146 826 3221 decano
862 3146 1111 3234 Antiocheno,
1140 3148 1273 3243 primo,
1302 3171 1347 3222 ac
1382 3162 1517 3242 postea
1551 3146 1734 3244 magistro

233 3271 434 3358 Arditioni,
467 3271 677 3368 primicerio
714 3271 998 3356 Mediolanensi,
1035 3272 1232 3349 commisit.
1273 3271 1384 3347 Unde
1418 3271 1516 3346 idem
1553 3271 1735 3370 magister

234 3397 396 3484 Arditio,
425 3396 585 3496 cognitis
613 3396 730 3492 ipsius
758 3421 871 3471 cause
899 3397 1041 3472 meritis
1076 3415 1116 3472 et
1152 3399 1241 3472 iuris
1277 3397 1409 3472 ordine
1442 3399 1655 3483 observato,
1685 3396 1734 3472 de
1849 3403 1850 3422 ³

233 3519 385 3618 speciali
412 3519 558 3600 licentia
585 3521 781 3596 memorati
808 3518 923 3618 legati
951 3521 1091 3596 dictum
1119 3521 1271 3596 fratrem
1298 3523 1511 3619 Aymonem
1529 3521 1580 3595 ab
1597 3520 1734 3596 eodem

232 3648 401 3743 prioratu
429 3644 701 3720 sententialiter
727 3670 918 3734 amovens,
939 3645 1108 3721 decrevit
1136 3661 1177 3720 ut
1204 3645 1325 3720 eidem
1345 3646 1447 3722 fratri
1468 3643 1734 3720 Bartholomeo

233 3773 374 3846 dictum
393 3771 610 3868 prioratum,
632 3786 825 3866 tamquam
844 3771 940 3845 illius
960 3771 1084 3867 priori,
1100 3770 1258 3848 liberum
1277 3771 1481 3847 dimitteret
1494 3796 1537 3846 ac
1552 3771 1732 3867 quietum,
1849 3819 1850 3830 κ

234 3896 357 3972 eidem
385 3895 489 3969 tratri
518 3895 679 3992 Aymoni
708 3920 823 3991 super
851 3895 935 3991 ipso
963 3895 1130 3993 prioratu
1159 3913 1384 3993 perpetuum
1412 3893 1600 3970 silentium
1617 3893 1735 3991 impo-

236 4021 371 4107 nendo,
402 4036 441 4094 et
467 4020 589 4115 ipsum
618 4020 667 4093 ad
695 4019 968 4094 restitutionem
999 4021 1165 4106 omnium
1192 4019 1378 4096 fructuum
1410 4038 1450 4094 et
1485 4033 1735 4116 proventuum

235 4147 284 4220 de
312 4147 411 4220 dicto
440 4145 606 4242 prioratu
635 4143 761 4220 medio
789 4161 958 4241 tempore
986 4161 1250 4242 perceptorum
1270 4169 1338 4242 per
1357 4144 1570 4219 huiusmodi
1589 4159 1739 4218 senten·

235 4271 326 4345 tiam
344 4269 667 4366 condempnando,
688 4286 800 4367 prout
819 4269 854 4342 in
873 4269 1123 4344 instrumento
1142 4267 1291 4367 publico
1310 4269 1396 4344 inde
1416 4269 1596 4354 coniecto,
1619 4269 1738 4365 ipsius

236 4395 406 4494 magistri
433 4393 642 4468 Arditionis
670 4391 793 4493 sigilio
820 4395 974 4478 munito,
1004 4392 1151 4490 plenius
1184 4394 1318 4468 dicitur
1349 4393 1540 4478 contineri,
1574 4418 1617 4467 ac
1654 4419 1740 4490 pre·

236 4520 333 4595 satus
361 4517 522 4617 legatus,
553 4518 658 4615 quod
686 4543 801 4615 super
819 4519 890 4594 hoc
908 4543 978 4615 per
995 4518 1156 4594 eundem
1174 4519 1423 4616 primicerium
1443 4518 1581 4592 iactum
1600 4517 1735 4602 iuerat,

233 4645 457 4720 auctoritate
486 4667 554 4716 sue
581 4641 780 4742 legationis
807 4644 1050 4738 postmodum
1078 4641 1320 4718 confirmavit.
1342 4641 1517 4738 Cumque
1535 4644 1583 4717 ab
1601 4642 1738 4718 eadem

235 4767 421 4841 sententia
448 4782 525 4840 tam
553 4791 623 4861 pro
642 4782 750 4862 parte
768 4763 990 4840 venerabilis
1017 4765 1141 4840 fratris
1169 4766 1320 4844 nostri..
1349 4765 1619 4865 archiepiscopi
1638 4765 1738 4839 Ebo-

236 4891 412 4977 racensis,
442 4891 667 4964 sententiam
695 4891 816 4987 ipsam
844 4889 879 4963 in
908 4915 1018 4964 suum
1046 4890 1160 4964 latam
1188 4890 1431 4985 preiudicium
1468 4906 1507 4965 et
1534 4890 1639 4986 quod
1668 4915 1739 4962 sua

236 5016 415 5091 intererat
447 5041 489 5089 se
516 5040 631 5112 super
668 5015 739 5090 hoc
770 5038 964 5112 opponere
1002 5015 1219 5100 asserentis,
1248 5039 1363 5111 quam
1398 5039 1468 5111 pro
1505 5030 1613 5111 parte
1647 5013 1740 5088 dicti

234 5141 358 5216 fratris
387 5140 571 5238 Aymonis
597 5139 646 5216 ad
675 5139 860 5237 prefatam
889 5139 1019 5214 sedem
1038 5134 1269 5236 appellatum
1288 5139 1431 5223 fuisset,
1451 5165 1495 5215 ac
1514 5153 1741 5237 procurator

235 5263 453 5340 eorumdem
466 5263 736 5360 archiepiscopi
750 5279 790 5337 et
804 5262 926 5338 fratris
936 5263 1118 5360 Aymonis
1133 5262 1355 5360 magistrum
1372 5262 1521 5338 Petrum
1536 5263 1738 5361 Rostagni,

234 5387 453 5470 canonicum
482 5385 842 5484 Rothomagensem,
872 5384 1106 5481 capellanum
1135 5385 1236 5460 sedis
1263 5385 1441 5482 predicte,
1461 5402 1502 5460 et
1530 5401 1616 5461 tunc
1634 5387 1740 5460 audi·
