3748 5914
776 327 862 387 'Pio
879 329 934 387 IV
1562 329 1614 388 301

124 431 203 440 ——-
547 431 601 436 -.--
617 429 670 436 ...ρ-.-

114 551 251 600 cavere
278 527 451 610 debeant,
474 541 514 600 et
531 551 601 622 pro
629 526 798 620 ipsorum
818 523 1108 599 substitutorum
1128 523 1226 596 facto
1255 522 1400 596 Notarii
1428 523 1508 618 ipsi,
1539 548 1616 619 quo

115 651 163 724 ad
191 652 376 724 interesse
397 650 570 747 partium,
592 665 771 746 tanquam
791 649 1044 746 principaliter
1063 648 1218 745 obligati
1238 649 1389 722 omnino
1403 662 1614 722 teneantur.

199 801 259 850 22.
292 775 507 849 Districtius
535 776 785 871 precipientes
799 774 1003 859 modernis,
1023 789 1063 846 et
1090 798 1159 869 pro
1178 788 1351 869 tempore
1370 773 1617 846 existentibus

115 899 374 983 Auditoribus,
405 914 445 973 et
472 923 603 973 eorum
632 899 788 982 decan0,
817 899 852 970 in
882 897 1020 971 virtute
1038 915 1192 971 sanctae
1211 897 1458 983 obedientiae,
1480 921 1523 969 ac
1547 898 1618 970 sub

115 1024 385 1125 indignationis
415 1041 568 1120 nostrae
596 1040 634 1096 et
661 1023 1055 1097 excommunicationis
1083 1023 1180 1095 latae
1213 1022 1433 1108 sententiae,
1458 1020 1616 1117 aliisque

116 1166 259 1234 nostro,
276 1165 315 1222 et
333 1175 403 1246 pro
422 1165 595 1245 tempore
614 1148 811 1221 existentis
832 1147 991 1222 Romani
1010 1146 1195 1220 Pontificis
1227 1146 1391 1230 arbitrio,
1408 1144 1617 1244 infligendis

113 1276 233 1370 penis,
249 1290 292 1347 ut
318 1291 557 1370 praesentem
584 1273 890 1347 constitutionem
919 1287 1085 1346 nostram
1115 1270 1271 1368 singulis
1298 1271 1406 1346 annis
1434 1271 1468 1342 in
1498 1270 1616 1366 prima

113 1399 315 1486 audientia,
347 1423 420 1472 una
449 1425 533 1472 cum
560 1398 643 1472 aliis
671 1397 999 1472 constitutionibus
1040 1397 1215 1491 antiquis,
1246 1397 1331 1493 legi,
1364 1411 1403 1468 et
1437 1395 1615 1493 publicari

113 1527 261 1608 saciant,
277 1540 317 1598 ct
344 1525 454 1610 illam,
484 1549 528 1596 ac
555 1525 690 1609 omnia,
712 1539 751 1596 et
778 1523 924 1620 singula
942 1523 979 1594 in
1006 1546 1052 1594 ca
1080 1536 1257 1594 contenta
1275 1520 1474 1618 diligenter
1492 1522 1616 1594 obser·

116 1665 218 1740 vent,
248 1666 287 1723 et
315 1651 364 1723 ab
383 1673 513 1724 eorum
544 1647 721 1734 Notariis,
742 1665 780 1722 et
798 1648 891 1733 aliis,
916 1663 1103 1742 quatenus
1131 1647 1180 1720 ad
1203 1671 1270 1719 eos
1289 1645 1463 1741 pertinet,
1485 1645 1617 1718 obser-

116 1776 192 1850 vari
221 1791 355 1850 curent
382 1800 466 1848 cum
494 1773 641 1848 ellectu.

199 1924 262 1994 23·
283 1900 543 1974 Decernentes
563 1899 801 1972 nihilominus
816 1899 957 1972 irritum
978 1913 1017 1970 et
1035 1899 1154 1980 inane,
1173 1898 1203 1970 si
1224 1921 1332 1970 secus
1352 1896 1543 1993 superbis
1569 1896 1617 1969 ab

117 2027 219 2122 ipsis,
251 2023 310 2100 vel
339 2026 533 2121 quibusvis
571 2026 663 2108 aliis,
699 2026 859 2098 scienter
895 2021 954 2096 vel
992 2023 1210 2122 ignoranter
1247 2022 1446 2119 contigerit
1482 2037 1619 2096 attem·
1650 2119 1653 2124 ἱ

119 2151 227 2246 ptari.

198 2301 260 2366 24.
293 2275 378 2348 Non
399 2274 635 2350 obstantibus
654 2273 994 2358 constitutionibus,
1016 2289 1054 2345 et
1072 2271 1368 2356 ordinationibus
1386 2269 1615 2366 apostolicis,

118 2399 187 2474 ac*
215 2402 385 2498 ipsorum
413 2399 639 2474 Auditorum
662 2397 832 2496 Collegii,
854 2398 967 2470 etiam
990 2398 1210 2482 iuramento,
1232 2395 1511 2471 confirmatione
1529 2419 1619 2490 apo·

121 2527 263 2611 stolica,
293 2524 353 2598 vel
380 2524 513 2619 quavis
542 2523 717 2596 firmitate
744 2522 815 2596 alia
843 2524 1039 2605 roboratis,
1070 2521 1233 2606 statutis,
1264 2538 1303 2594 et
1340 2518 1618 2592 consuetudini-

120 2653 198 2738 bus,
231 2648 436 2748 privilegiis
463 2673 628 2747 quoque,
658 2646 819 2734 indultis,
849 2663 888 2722 et
915 2647 1164 2732 facultatibus,
1186 2646 1328 2720 eisdem
1357 2636 1615 2728 Auditoribus‚

120 2792 159 2850 et
186 2777 374 2873 Collegio,
402 2776 514 2848 etiarn
545 2775 652 2847 Motu
682 2775 846 2870 proprio,
876 2787 915 2846 et
943 2773 1260 2856 consistorialiter,
1291 2773 1362 2844 sub
1381 2770 1619 2866 quibuscum·

118 2925 191 2995 que
220 2901 425 2986 tenoribus
455 2913 494 2973 et
521 2899 660 2982 formis,
690 2923 846 2971 aecum
875 2897 1068 2993 quibusvis
1096 2895 1283 2980 clausulis,
1312 2911 1353 2968 et
1378 2894 1550 2979 decretis,
1580 2894 1616 2965 in

118 3050 270 3121 genere,
300 3025 358 3099 vel
388 3026 423 3096 in
451 3024 586 3119 specie,
618 3048 686 3118 per
713 3046 959 3120 quoscunque
996 3022 1191 3095 Romanos
1229 3021 1427 3095 Pontifices
1463 3019 1616 3115 praede·

118 3175 289 3224 cessores
317 3164 481 3236 nostros,
509 3149 715 3222 autetiam
756 3173 825 3221 nos
853 3147 1053 3232 concessis,
1084 3145 1313 3242 approbatis,
1344 3160 1383 3219 et
1410 3143 1614 3219 innovatis:

120 3276 255 3370 quibus
283 3274 467 3358 omnibus,
498 3273 663 3345 etiamsi
691 3297 760 3368 pro
793 3270 937 3346 illorum
958 3270 1153 3344 sufficienti
1181 3271 1437 3367 derogatione,
1459 3271 1507 3341 de
1535 3267 1615 3350 illis,

118 3423 327 3494 eorumque
356 3397 447 3473 totis
466 3397 659 3471 tenoribus
679 3396 861 3493 specialis
882 3395 1064 3493 specifica,
1086 3411 1125 3469 et
1144 3420 1325 3492 expressa
1352 3421 1395 3468 ac
1415 3394 1613 3478 individua,

119 3527 231 3600 etde
260 3526 377 3599 verbo
406 3524 454 3598 ad
482 3524 648 3610 verbum,
684 3546 758 3597 non
791 3538 918 3596 autem
960 3547 1028 3619 per
1065 3521 1251 3595 clausulas
1287 3521 1485 3618 generales
1517 3519 1616 3594 idem
1731 3621 1734 3628 A

118 3652 378 3747 importantes,
409 3649 549 3722 mentio
577 3649 759 3734 habenda,
792 3673 857 3720 seu
888 3647 1043 3742 quaevis
1071 3646 1143 3720 alia
1171 3645 1356 3742 exquisita
1388 3645 1507 3720 forma
1540 3671 1618 3719 ser-

119 3777 242 3850 vanda
269 3775 376 3860 soret,
407 3792 558 3847 tenores
588 3773 799 3846 huiusmodi
828 3798 896 3871 pro
929 3772 1154 3846 sufficienter
1195 3773 1385 3866 expressis
1422 3770 1616 3855 habentes,

119 3899 339 3996 specialiter,
369 3915 410 3972 et
436 3922 619 3994 expresse
655 3897 896 3996 derogamus,
926 3898 1120 3970 contrariis
1154 3897 1464 3992 quibuscumque,
1495 3913 1560 3968 aut
1587 3897 1618 3968 si

122 4012 298 4121 praelatis
326 4023 586 4109 Auditoribus,
616 4023 675 4096 vel
704 4023 898 4117 quibusvis
926 4021 1006 4096 aliis
1036 4022 1282 4094 communiter
1309 4019 1369 4092 vel
1396 4021 1542 4094 divisim
1569 4022 1618 4094 ab

120 4150 254 4223 eadem
284 4147 332 4221 sit
361 4147 452 4222 sede
481 4147 677 4232 indultum,
707 4146 809 4244 quod
844 4147 1022 4232 interdici,
1052 4145 1244 4242 suspendi,
1278 4144 1337 4220 vel
1369 4144 1618 4219 excommuni—

120 4275 194 4346 cari
236 4297 311 4346 non
353 4273 501 4368 possint
543 4297 611 4368 per
638 4271 782 4344 litteras
810 4270 1038 4368 apostolicas
1067 4296 1140 4344 non
1168 4270 1347 4344 facientes
1383 4270 1546 4366 plenam,
1580 4286 1619 4342 et

122 4421 352 4493 expressam,
391 4421 435 4468 ac
473 4394 521 4470 de
563 4396 681 4470 verbo
718 4396 766 4469 ad
807 4396 963 4469 verbum
999 4396 1049 4467 de
1085 4395 1230 4468 indulto
1267 4395 1479 4468 huiusmodi
1516 4419 1617 4467 men-

124 4523 275 4595 tionem.

203 4667 265 4740 25.
296 4643 350 4718 Ut
368 4660 494 4719 autem
515 4660 735 4742 praesentes
763 4645 910 4719 litterae
924 4645 973 4718 ad
1001 4645 1166 4719 omnium
1186 4645 1354 4718 notitiam
1371 4643 1615 4726 deducantur,

121 4771 318 4867 nullusque
347 4769 491 4843 illarum
520 4771 770 4868 ignorantiam
797 4771 1050 4866 praetendere
1079 4771 1212 4857 valeat,
1242 4769 1416 4842 volumus
1447 4783 1487 4840 et
1518 4791 1618 4840 man·

122 4895 264 4981 damus,
287 4893 368 4969 illas
396 4896 431 4968 in
451 4893 619 4968 eiusdem
639 4894 864 4968 Audientiae
883 4895 1011 4992 palatii
1032 4897 1160 4980 nostri,
1180 4919 1223 4968 ac
1244 4891 1496 4966 Cancellariae
1516 4894 1618 4988 Apo·

123 5019 274 5093 stolicae
316 5017 447 5106 valvis,
480 5036 519 5094 et
550 5021 631 5093 acie
668 5019 804 5115 Campi
841 5017 987 5103 Florae,
1022 5045 1090 5116 per
1121 5019 1267 5114 aliquos
1304 5043 1351 5090 ex
1389 5015 1617 5089 Cursoribus

122 5143 258 5217 nostris
285 5143 397 5241 affigi,
428 5160 468 5217 et
496 5169 564 5241 per
590 5145 742 5240 aliquod
771 5145 952 5240 temporis
981 5145 1155 5239 spatium,
1186 5142 1314 5216 relicta
1332 5141 1468 5214 ibidem
1487 5165 1616 5214 earum

121 5269 228 5364 copia
259 5268 381 5356 affixa,
413 5269 580 5353 detineri,
611 5285 650 5342 et
688 5269 822 5343 exinde
856 5292 999 5355 omnes,
1038 5284 1077 5342 et
1109 5264 1289 5365 singulos
1328 5290 1489 5360 quorum
1523 5265 1617 5338 inte-

9 5479 10 5490 ,
122 5411 209 5480 rest,
231 5394 289 5468 vel
308 5393 492 5468 interesse
520 5395 659 5491 poterit
688 5393 972 5489 quomodolibet
999 5393 1231 5478 infuturum,
1260 5391 1408 5464 afficere
1436 5391 1534 5464 acsi
1562 5391 1616 5462 eis
