3718 5918
617 338 628 352 κ
733 257 899 320 Clemente
920 258 990 320 ΧΠ
1557 258 1612 320 503

113 450 162 523 ad
189 431 447 546 quaecumque
477 449 591 525 Urbis
620 451 818 526 tribunalia
844 452 980 528 mentis
1009 467 1161 528 nostrae
1183 452 1300 526 aciem
1329 454 1547 551 dirigentes,
1568 477 1613 526 ea

113 574 315 670 praecipue
343 599 441 671 quae
471 575 696 650 Auditorum
725 575 853 672 palatii
891 578 1008 650 nostri
1044 575 1191 650 laudem
1229 577 1403 672 interque
1429 601 1496 650 eos
1525 600 1611 650 una·

113 701 248 772 ninrem
279 699 586 795 tranquillitatem
614 701 814 775 confovere
834 717 1006 797 possunt,
1027 725 1120 798 prae
1144 702 1263 777 oculis
1290 701 1483 798 speciatim
1504 703 1614 777 habe·

113 849 208 909 mus
240 839 283 896 ut
310 849 446 920 nempe
472 826 697 899 auditorium
734 825 857 921 ipsum
885 827 1028 900 cunctis
1066 827 1291 914 nationibus,
1321 827 1392 900 huc
1427 850 1498 922 pro
1529 850 1613 901 con-

114 949 381 1022 troversiarum
411 947 599 1023 decisione
627 950 945 1036 convenientibus,
975 950 1213 1046 incorruptae
1249 951 1386 1023 mentis
1413 950 1615 1044 praeconio

112 1071 333 1156 celebretur,
362 1072 521 1168 eiusque
550 1072 692 1158 iudicia,
725 1089 766 1146 ut
792 1073 974 1148 hactenus
1002 1073 1141 1148 sactum
1169 1090 1241 1160 est,
1261 1075 1402 1170 ubique
1431 1088 1613 1147 terrarum

50 1191 55 1202 ’
111 1197 242 1271 debito
270 1197 403 1291 plausu
432 1199 677 1293 excipiantur.

194 1321 327 1417 ltaque
355 1347 435 1407 nos,
457 1322 587 1396 intimo
607 1323 731 1398 cordis
749 1322 885 1397 aflectu
914 1324 1103 1408 iustitiam,
1124 1347 1171 1398 eo
1199 1349 1277 1420 quo
1304 1348 1374 1420 par
1399 1341 1460 1397 est
1487 1322 1613 1397 studio

110 1459 152 1518 et
180 1445 380 1520 sedulitate
398 1470 442 1520 ac
461 1445 542 1519 sine
562 1443 636 1519 ulla
653 1447 872 1542 acceptione
901 1471 1159 1542 personarum,
1182 1448 1218 1521 in
1245 1447 1368 1520 causis
1395 1447 1612 1520 iamdudum

111 1569 335 1644 introductis
363 1570 423 1643 vel
450 1571 696 1666 imposterum
725 1573 1007 1646 introducendis
1034 1571 1284 1646 administrari
1312 1588 1351 1645 et
1379 1569 1480 1645 nullo
1498 1550 1613 1645 modo

111 1695 295 1768 retardari
315 1694 523 1791 cupientes,
539 1695 642 1792 quod
661 1694 755 1769 alias
773 1697 857 1792 piae
875 1697 1078 1771 memoriae
1096 1712 1381 1771 antecessorum
1400 1709 1614 1770 nostrorum

112 1819 371 1893 Romanorum
400 1818 618 1896 Pontificum
647 1821 717 1894 hac
744 1821 792 1894 de
820 1846 860 1894 re
878 1822 989 1894 editis
1008 1821 1336 1896 constitutionibus
1363 1838 1514 1896 cautum
1541 1837 1612 1908 est,

111 1967 248 2016 omnes
266 1941 464 2042 longarum
492 1944 611 2019 litium
638 1946 821 2042 ambages
844 1961 884 2020 et
911 1945 1188 2020 controversias
1215 1969 1366 2044 magna,
1387 1962 1429 2018 ut
1455 1971 1524 2042 par
1541 1961 1612 2030 est,

111 2069 360 2144 solliciwtine
387 2069 437 2144 ad
465 2070 632 2144 debitum
661 2070 771 2144 finem
800 2069 953 2166 perduci
981 2070 1170 2157 volumus,
1200 2071 1507 2167 quandoquidem
1536 2086 1613 2144 tam

110 2209 306 2288 spectatae
337 2193 485 2268 virtutis
520 2195 748 2270 auditorium
782 2197 831 2270 ab
867 2196 1001 2270 iisdem
1030 2195 1268 2271 Pontificibus
1308 2197 1613 2271 antecessoribus

111 2320 263 2404 nostris,
302 2321 487 2418 nobisque
514 2320 617 2416 ipsis,
647 2322 699 2394 ob
730 2320 957 2418 integritatis
983 2336 1023 2395 et
1050 2322 1248 2419 utriusque
1274 2321 1363 2396 iuris
1390 2321 1613 2418 prudentiae

110 2443 248 2516 sarnam
269 2444 363 2518 tanti
380 2445 519 2520 lactum
538 2445 653 2520 luisse
672 2460 832 2530 constat,
853 2445 963 2540 quasi
983 2446 1152 2520 certatim
1170 2447 1389 2543 permagnis
1407 2446 1612 2543 gratiarum

110 2567 315 2667 privilegiis
343 2584 383 2642 et
400 2569 604 2644 honoribus
631 2568 721 2643 illud
739 2594 874 2644 ornare
893 2571 1123 2658 studuerint;
1153 2570 1290 2666 quibus
1317 2569 1388 2666 ipsi
1405 2571 1613 2646 Auditores

111 2694 254 2790 optime
280 2693 461 2780 instructi,
491 2701 644 2790 unoque
671 2695 758 2769 iusti
786 2710 825 2770 et
852 2697 944 2771 recti
973 2697 1098 2770 studio
1125 2720 1218 2792 prae
1245 2695 1364 2770 oculis
1391 2695 1529 2781 habito,
1556 2696 1613 2769 ius

111 2844 223 2892 suum
250 2821 386 2915 cuique
413 2821 578 2896 tribuere
606 2835 834 2918 satagerent.
866 2819 981 2916 Quod
1013 2823 1207 2907 hactenus,
1238 2822 1313 2896 Dei
1339 2821 1461 2920 gratia
1488 2823 1614 2918 opitu-

108 2942 224 3030 lante,
253 2943 402 3031 lactum,
433 2944 595 3042 amplius
621 2945 801 3042 deinceps
829 2946 1014 3020 iacturum
1042 2947 1085 3020 iri
1113 2972 1322 3044 speramus,
1353 2946 1448 3020 itaut
1474 2947 1510 3021 in
1531 2962 1612 3020 toto

109 3069 299 3143 auditorio
325 3071 388 3142 vix
416 3068 622 3165 quidquam
649 3070 938 3144 desiderandum
968 3071 1145 3166 supersit.

194 3191 454 3279 Nihilominus,
475 3195 610 3270 eodem
630 3196 819 3271 auditorio
836 3220 906 3291 pro
934 3221 1004 3270 sua
1021 3197 1214 3294 vigilantia
1240 3213 1280 3271 et
1298 3197 1487 3293 probitate
1505 3198 1613 3273 nobis

108 3318 298 3392 humiliter
325 3335 567 3418 suggerente,
588 3321 796 3396 animorum
814 3345 969 3396 suorum
998 3322 1114 3416 quieti
1131 3320 1372 3419 iustitiaeque
1400 3324 1612 3398 consultum

109 3442 165 3528 iti,
196 3443 228 3516 si
256 3467 329 3518 una
356 3459 396 3518 et
422 3443 542 3518 altera
568 3445 848 3520 controversae
876 3444 1038 3520 formido
1065 3471 1087 3520 e
1118 3446 1243 3522 medio
1278 3445 1484 3534 tolleretur,
1513 3471 1613 3544 quae

109 3567 299 3641 interdum
328 3567 534 3642 discordias
562 3593 691 3642 serere
716 3595 762 3644 ac
781 3569 897 3645 totius
924 3570 1099 3645 auditorii
1125 3571 1270 3644 animos
1298 3595 1374 3646 non
1402 3571 1482 3646 sine
1506 3573 1614 3669 gravi

109 3715 310 3768 causarum
345 3693 644 3768 ventilandarum
680 3693 920 3768 incommodo
954 3696 1106 3770 turbare
1143 3711 1320 3792 possent:
1354 3718 1513 3792 quorum
1542 3707 1612 3772 n'os

109 3819 306 3916 providam
325 3819 698 3916 circumspectionem
716 3835 758 3894 et
784 3820 871 3894 boni
890 3805 1026 3916 publici
1045 3821 1210 3894 studium
1239 3819 1446 3909 laudantes,
1467 3847 1613 3896 eorum·

110 3968 187 4040 que
223 3943 480 4039 expositiones
521 3944 670 4040 plurimi
710 3944 904 4053 iacientes,
948 3946 1019 4019 bac
1060 3962 1196 4040 nostra
1223 3947 1504 4032 constitutione,
1546 3973 1613 4022 eas

110 4068 286 4142 effectum
305 4093 374 4165 per
401 4067 483 4144 illos
512 4086 684 4165 optatum
713 4072 866 4167 assequi
893 4069 1079 4146 volumus.
1100 4070 1211 4164 Quae
1239 4072 1392 4167 quidem
1420 4071 1492 4146 huc
1512 4097 1614 4146 sum·

109 4195 239 4267 matim
258 4193 499 4268 reducuntur.
534 4194 586 4268 Ut
612 4195 649 4268 in
678 4211 885 4290 posterum,
906 4195 1092 4270 decanatu
1110 4195 1286 4271 auditorii
1307 4213 1474 4284 vacante,
1495 4214 1612 4293 atque

110 4318 161 4412 ad
190 4341 325 4391 munus
353 4319 475 4415 ipsum
504 4317 636 4392 decani
655 4319 841 4394 Auditore
869 4320 966 4394 inter
984 4335 1133 4394 ceteros
1151 4321 1375 4416 antiquiore,
1398 4320 1467 4394 sed
1485 4337 1612 4395 tamen

109 4441 326 4538 episcopali,
356 4443 663 4540 archiepiscopali
691 4442 751 4517 vel
778 4445 891 4518 etiarn
913 4445 1151 4542 patriarchali
1178 4445 1362 4544 dignitate
1390 4446 1613 4521 residentiae

110 4567 215 4641 oneri
242 4567 435 4652 adstricto,
465 4568 525 4642 vel
553 4570 668 4642 etiam
698 4593 773 4643 non
800 4569 995 4654 adstricto,
1028 4571 1095 4644 sed
1122 4596 1146 4643 a
1174 4569 1284 4644 titulo
1320 4587 1465 4646 tantum
1494 4572 1613 4646 deno-

111 4693 254 4766 minato
282 4693 317 4765 in
346 4693 528 4788 partibus,
558 4707 600 4766 ut
627 4692 771 4780 dicitur,
802 4693 1015 4780 infidelium,
1045 4693 1289 4790 quiquidem
1322 4696 1486 4768 Auditor
1521 4696 1614 4770 anti-

111 4815 232 4914 quior,
253 4817 441 4892 eiusmodi
469 4819 654 4915 dignitate
681 4819 886 4914 praeditus,
908 4834 996 4892 tunc
1023 4845 1159 4894 munus
1187 4818 1476 4895 locumtenentis
1504 4847 1614 4896 occu-

111 4966 218 5038 pans,
239 4943 277 5016 in
304 4965 487 5017 concursu
505 4941 660 5016 alterius
678 4965 727 5016 ex
744 4944 877 5017 iisdem
897 4942 1156 5030 Auditoribus,
1178 4947 1300 5020 minus
1325 4962 1450 5018 tamen
1469 4946 1614 5041 antiqui

111 5083 227 5162 atque
264 5066 372 5140 simili
399 5066 583 5165 dignitate
611 5067 761 5142 minime
788 5066 977 5166 fulgentis,
1008 5070 1087 5142 sive
1114 5069 1229 5142 etiam
1257 5070 1333 5164 qui,
1362 5071 1416 5144 uti
1448 5071 1613 5144 decanus

111 5208 198 5265 actu
227 5190 406 5277 existens,
437 5189 487 5264 ad
513 5188 676 5286 aliquam
706 5217 754 5264 ex
782 5193 1001 5294 memoratis
1033 5192 1278 5290 dignitatibus
1312 5210 1611 5290 promoveretur,

112 5315 198 5390 ideo
226 5316 360 5390 decani
387 5341 523 5390 munus
552 5341 620 5413 pro
647 5318 768 5392 altero
802 5317 872 5392 sibi
909 5318 1122 5394 immediate
1159 5318 1374 5394 succedenti
1402 5317 1613 5416 relinquere
