3686 5916
688 287 867 348 Benedicta
885 287 940 350 XI
944 287 974 350 V
1522 287 1578 347 549

1576 399 1584 444 t

79 503 154 575 que
182 479 232 554 illi
259 481 295 554 in
324 479 555 577 Episcopum
584 482 771 578 praefecit,
804 506 888 556 eum
917 483 1127 556 retentione
1155 481 1265 556 osficii
1284 482 1464 557 auditoris
1492 508 1580 558 cau·

79 627 206 677 sarum
236 603 377 702 *Palatii
414 604 620 702 Apostolici
660 607 777 680 ‹sub
811 606 920 681 titulo
955 605 1243 682 locumtenentis
1277 609 1326 682 ad
1363 605 1580 682 Sanctitatis

87 757 106 799 ‹
124 727 224 803 Suae
252 745 292 803 et
319 729 431 805 Sedis
450 731 697 827 Apostolicae
716 730 998 828 Beneplacitum
1017 757 1055 818 »,
1076 748 1165 807 sunt
1182 733 1299 808 verba
1317 730 1458 806 decreti
1478 730 1580 806 Con-

78 853 275 928 cistorialis
303 855 373 928 hac
400 853 460 928 die
487 857 652 930 emanati
681 855 785 929 cuius
814 857 922 952 eopia
949 857 985 930 in
1014 856 1192 932 Ardrivio
1219 873 1448 931 asservatur.

786 1191 877 1271 436.

77 1353 177 1426 Rota
205 1360 361 1426 cassatur
387 1361 430 1426 ut
454 1351 674 1428 Benedictus
701 1353 815 1430 XIV
833 1352 1099 1427 mutilationes
1124 1351 1277 1428 Rotalcs
1293 1377 1444 1427 servare
1460 1354 1579 1440 factat

158 1477 198 1550 in
225 1477 444 1552 admissam
470 1479 557 1552 novi
585 1477 783 1552 Audzbris
811 1478 943 1552 Veneti.

157 1631 275 1702 (Aaou.
293 1630 381 1704 Ror..
406 1631 596 1692 ‹Dr'crrr'um
621 1631 845 1705 camerate-t

681 1822 704 1890 6
735 1817 827 1892 lunii
862 1838 973 1911 1755.
1071 1818 1074 1825 '

157 1977 302 2052 Rumor
343 1978 379 2050 in
422 1978 523 2052 Rota
551 1980 829 2073 percrebuerat,
860 1978 899 2053 S.
929 1978 979 2054 D.
1010 1977 1057 2053 N.
1087 1977 1275 2053 inlocum
1316 1978 1402 2053 Rriri
1430 1977 1574 2054 Molino

73 2103 296 2199 propediem
337 2129 385 2176 ex
426 2103 526 2178 Arce
570 2101 696 2178 Castri
739 2099 956 2200 Gandulphi
996 2103 1078 2178 fore
1114 2103 1392 2178 declaraturum
1435 2128 1573 2178 novum

73 2227 199 2302 Rotae
226 2227 450 2303 Auditorem
481 2253 595 2302 unum
623 2253 671 2302 ex
698 2243 862 2325 quatuor
889 2253 987 2326 quos
1019 2251 1139 2324 nuper
1168 2227 1397 2324 Respublica
1424 2229 1573 2302 Veneta

73 2353 122 2428 de
149 2377 254 2428 more
283 2353 550 2441 nominaverat,
580 2352 753 2428 videlicet
781 2353 826 2429 R.
850 2354 887 2428 P.
911 2353 960 2428 D.
981 2353 1238 2441 Rezzonieum,
1261 2354 1307 2428 R.
1329 2354 1368 2428 P.
1391 2354 1439 2429 D.
1466 2353 1573 2429 Savi-

71 2501 160 2551 man
189 2477 234 2576 (l)
262 2476 429 2552 Clericos
458 2476 655 2566 Camerae,
685 2479 731 2555 R.
753 2478 791 2553 P.
814 2478 862 2554 D.
894 2476 1109 2552 Cornelium
1130 2477 1341 2554 Praelatum
1366 2476 1572 2553 Consultae

71 2619 111 2675 et
140 2602 190 2678 D.
229 2603 540 2703 Savorgnanum.
563 2665 570 2678 .
593 2663 632 2680 ..
664 2603 764 2678 Ssriri
802 2601 1091 2690 Cubicularium‚
1133 2627 1294 2699 cumque
1327 2601 1417 2677 illud
1458 2605 1573 2678 etiam

72 2725 213 2799 sensim
240 2727 408 2826 evulgari
443 2728 633 2825 coepisset
667 2727 771 2824 quod
813 2751 949 2824 nempe
988 2726 1028 2804 S.
1059 2726 1096 2804 S.
1127 2727 1402 2803 deliberaverat
1434 2751 1572 2803 novum

71 2850 169 2924 hunc
197 2850 361 2926 futurum
390 2851 615 2926 Auditorem
643 2853 772 2927 statim
800 2869 1045 2949 praesentare
1078 2877 1193 2950 posse
1229 2852 1571 2950 Motumproprium

69 2999 163 3056 suae
189 2976 380 3051 electionis
408 2994 632 3076 ceterasque
661 3003 846 3078 peragere
873 2993 1075 3052 consuetas
1103 2977 1312 3053 functiones
1339 2977 1388 3051 ad
1416 3003 1572 3075 posses·

70 3103 216 3176 sionem
243 3126 365 3200 usque
393 3103 570 3177 inclusive
598 3103 746 3177 etiamsi
775 3103 895 3176 Rffrus
915 3101 1058 3178 Molino
1076 3103 1199 3178 adhuc
1218 3101 1271 3176 uti
1291 3101 1570 3177 Locumtenens

70 3226 105 3298 in
137 3226 238 3300 Rota
265 3225 488 3313 consideret,
509 3227 630 3301 visum
657 3242 720 3301 est
748 3221 994 3330 DD[ominis]
1014 3250 1202 3301 rumorem
1220 3240 1425 3323 utcumque
1451 3227 1572 3301 incer·

72 3366 152 3426 tum
180 3375 254 3426 non
282 3376 369 3426 esse
399 3350 678 3451 negligendum.

154 3475 406 3551 Commissum
435 3476 572 3551 idcirco
600 3477 667 3550 fuit
695 3477 740 3552 R.
772 3478 810 3552 P.
833 3477 881 3551 D.
904 3475 1129 3552 Paracciano
1158 3492 1200 3550 ut
1217 3477 1311 3573 ipse,
1329 3491 1441 3574 capta
1461 3501 1572 3552 occa·

71 3602 178 3676 sione
205 3600 389 3676 invisendi
432 3601 480 3678 D.
525 3601 638 3677 Card.
669 3599 965 3700 Argenvillieres
1000 3601 1190 3676 Proaudit.
1221 3601 1329 3675 SSriri
1366 3600 1403 3673 in
1433 3601 1571 3676 Castro

69 3725 215 3800 Aritiae
244 3742 551 3816 commorantem,
581 3727 629 3802 de
669 3752 760 3802 vero
801 3751 926 3800 rerum
968 3740 1071 3801 statu
1112 3725 1314 3826 diligenter
1355 3725 1568 3823 inquireret,

70 3876 220 3947 unaque
248 3851 357 3928 simul
384 3851 604 3926 ostenderet
630 3877 748 3950 grave
776 3850 1039 3926 inconveniens
1067 3851 1347 3950 maximumque
1365 3851 1571 3927 absurdum

69 3977 176 4073 quod
204 3975 288 4074 quis
316 3975 364 4051 de
392 3976 513 4051 officio
542 3976 708 4052 nondum
735 3993 895 4052 vacante
921 3971 1185 4073 provideatur:
1218 3975 1369 4050 Novum
1411 3977 1448 4051 id
1490 3976 1570 4051 sore

69 4103 285 4199 exemplum
312 4119 444 4178 contra
470 4102 678 4177 laudabiles
705 4101 918 4177 Tribunalis
946 4102 1248 4189 consuetudines,
1279 4119 1409 4176 contra
1437 4127 1570 4178 omnes

70 4229 159 4302 iuris
188 4228 339 4326 regulas
367 4244 406 4302 et
433 4243 565 4301 contra
592 4252 813 4324 expressam
842 4227 1129 4324 dispositionem
1171 4226 1439 4301 saluberrimae
1472 4225 1569 4301 Con·

69 4353 273 4428 stitutionis
300 4351 395 4427 Sixti
423 4351 485 4440 IV,
516 4377 615 4451 quae
656 4367 761 4427 vetat
790 4353 1036 4426 Auditoribus
1064 4377 1112 4426 ne
1152 4350 1265 4425 ullum
1294 4351 1330 4424 in
1372 4367 1569 4447 posterum

67 4479 248 4574 recipiant
261 4475 357 4551 ultra
377 4501 573 4552 numerum
588 4477 880 4552 duodenarium:
899 4475 997 4550 Hinc
1012 4477 1191 4574 paulatim
1206 4475 1328 4550 invehi
1343 4475 1378 4549 in
1396 4490 1567 4550 nostrum

69 4602 247 4678 Tribunal
275 4602 422 4678 exitiale
449 4627 572 4700 genus
593 4601 935 4698 Expectativarum‚
957 4601 1040 4675 hinc
1067 4601 1181 4674 latam
1200 4600 1335 4698 aperiri
1363 4603 1463 4675 viam
1483 4602 1568 4676 sub·

66 4729 237 4803 vertendi
251 4726 357 4827 leges
375 4745 491 4826 atque
511 4727 694 4802 Ordinem
708 4729 879 4828 eiusdem
898 4726 1110 4802 Tribunalis
1139 4751 1253 4822 quem
1268 4741 1393 4800 tamen
1413 4743 1569 4801 exterae

69 4853 254 4928 Nationes
272 4869 499 4926 venerantur
516 4867 555 4926 et
573 4851 609 4925 in
629 4852 706 4926 suis
726 4852 960 4927 nominandis
980 4851 1227 4925 Auditoribus
1247 4868 1350 4925 caste
1370 4877 1413 4926 ac
1440 4865 1569 4927 sancte

69 4979 300 5063 observant;
328 4993 394 5051 aut
422 4975 535 5075 igitur
563 4977 888 5075 supersedendum
916 5001 1002 5050 esse
1030 4976 1067 5051 in
1095 4975 1182 5048 novi
1216 4973 1411 5050 Auditoris
1445 4975 1569 5052 decla-

71 5103 224 5189 ratione,
256 5118 322 5175 aut
358 5103 610 5176 revocandum
647 5101 936 5198 beneplacitum,
980 5103 1085 5174 cuius
1118 5101 1249 5199 vigore
1278 5100 1388 5174 Drius
1425 5098 1569 5175 Molino

69 5225 193 5300 locum
221 5225 344 5300 adhuc
373 5242 478 5300 tenet
497 5225 692 5300 Auditoris
711 5224 868 5301 Veneti:
889 5227 941 5299 ita
961 5250 1113 5322 quoque
1131 5225 1224 5300 alias
1244 5241 1434 5300 servatum
1453 5225 1569 5300 luisse

71 5351 118 5424 de
146 5375 246 5424 anno
280 5357 380 5426 1660
407 5376 492 5426 cum
521 5350 619 5424 Rriro
648 5350 780 5426 Meltio
808 5367 985 5450 promoto
1011 5350 1060 5425 ad
1103 5349 1310 5426 Ecclesiam
1346 5351 1568 5450 Papiensem
