3720 5914
789 289 986 350 cazz‘storrr
1321 247 1334 264 ’
1573 291 1621 348 151

115 486 244 559 ducali
274 513 341 560 seu
360 485 432 560 alia
451 486 582 582 quavis
601 483 855 558 ecclesiastica
874 483 931 554 vel
955 483 1143 556 mundana
1162 483 1343 580 dignitate
1372 482 1620 580 prefulgeant,

113 612 268 684 etiamsi
297 612 332 682 in
361 611 449 684 data
479 612 622 704 priores
652 634 719 680 seu
748 609 785 680 in
814 608 1053 702 processibus
1074 607 1330 704 diligentiores
1348 623 1414 681 aut
1440 610 1476 680 in
1498 605 1623 680 Cano-

119 715 225 810 nicos
254 735 396 831 recepti
424 761 492 808 seu
520 734 673 808 alicuius
711 734 812 830 regis
840 730 898 804 vel
941 734 1069 826 regine
1108 733 1317 826 patriarche
1354 731 1623 828 archiepiscopi

116 853 291 956 episcopi
318 860 424 934 ducis
452 885 519 932 seu
549 859 814 952 cuiuscumque
846 856 1000 930 alterius
1038 854 1291 930 ecclesiastica
1327 875 1392 930 aut
1434 857 1622 930 mundana

119 985 306 1080 dignitate
335 983 480 1080 prediti,
513 981 707 1078 Capellani
735 983 848 1056 etiam
877 983 1048 1066 maioreS,
1078 977 1142 1052 aut
1172 981 1369 1065 Cantores,
1401 982 1565 1054 scolares
1584 997 1623 1053 et

119 1109 244 1182 dictas
272 1135 340 1184 seu
367 1109 459 1182 alias
488 1131 748 1211 quascumque
767 1106 967 1202 qualitates
987 1107 1169 1180 habentes
1198 1121 1238 1180 et
1265 1106 1299 1179 in
1319 1106 1504 1202 aliquibus
1524 1106 1624 1179 litte-

121 1235 172 1308 ris
201 1234 418 1329 apostolicis
439 1234 535 1306 circa
553 1235 698 1328 aliquas
727 1233 780 1304 eis
809 1257 1010 1304 concessas
1030 1233 1292 1328 prerogativae
1311 1255 1376 1304 seu
1407 1230 1623 1305 declaratio·

11 1399 12 1406 *
123 1386 192 1432 nes
221 1359 401 1454 descripti
428 1359 574 1443 suerint,
605 1358 698 1453 ipsis
727 1357 763 1432 S.
795 1357 840 1430 R.
872 1358 914 1430 E.
945 1357 1194 1430 cardinalibus
1222 1358 1419 1430 dumtaxat
1447 1373 1485 1429 et
1513 1355 1622 1428 nullis

120 1485 201 1558 aliis
230 1485 408 1578 exceptis,
439 1484 694 1578 preferrantur
721 1499 760 1555 et
787 1482 944 1577 preferri
964 1484 1135 1555 debeant.
1159 1481 1245 1554 Non
1274 1484 1510 1556 obstantibus
1529 1505 1623 1578 qua-

121 1633 285 1702 cumque
327 1607 400 1682 litis
443 1607 645 1703 pendentia
681 1631 724 1680 ac
761 1607 1086 1679 constitutionibus
1128 1621 1169 1679 et
1209 1605 1502 1679 ordinationibus
1534 1631 1622 1700 apo·

122 1733 263 1806 stolicis
292 1750 409 1828 atque
437 1733 642 1806 nostriset
670 1731 869 1827 presertim
899 1731 969 1804 illis
998 1731 1135 1825 quibus
1156 1729 1339 1804 voluimus
1369 1731 1567 1804 statuimus
1585 1744 1624 1802 et

119 1858 378 1932 ordinavimus
414 1859 516 1954 quod
555 1859 589 1930 in
628 1856 869 1930 assecucione
907 1855 1171 1928 beneficiorum
1211 1857 1341 1952 vigore
1369 1856 1623 1950 expectativa-

120 2008 203 2054 rum
232 1983 403 2056 facienda
431 1983 577 2079 priores
606 1981 878 2076 posterioribus
906 1981 1161 2076 preferrentur
1190 1995 1229 2054 et
1256 1980 1412 2075 preferri
1439 1981 1623 2053 deberent

119 2127 160 2180 et
188 2110 225 2181 in
255 2124 438 2203 quantum
467 2133 535 2203 per
563 2107 644 2180 illas
672 2106 763 2202 ipsis
794 2106 1041 2180 lluditoribus
1072 2131 1137 2178 seu
1167 2104 1466 2178 locatenentibus
1496 2104 1623 2199 quoad

118 2233 304 2338 effectum¹
331 2235 562 2329 presentium
598 2233 750 2330 aliquod
787 2232 894 2306 fieret
923 2257 989 2305 seu
1019 2231 1096 2302 fieri
1124 2256 1239 2327 posse
1271 2230 1513 2326 preiudicium
1541 2229 1622 2302 aliis

120 2375 160 2431 et
190 2358 220 2429 si
251 2359 377 2431 forsan
405 2357 441 2430 in
470 2359 634 2430 futurum
662 2357 710 2430 ad
739 2359 857 2430 instar
890 2358 934 2431 fe.
976 2380 1027 2427 re.
1068 2354 1211 2428 Nicolai
1250 2356 1314 2451 Pp.
1354 2355 1387 2423 V
1420 2353 1621 2450 predeces-

120 2484 221 2556 soris
251 2484 369 2556 nostri
401 2498 655 2557 statueremus
674 2498 713 2556 et
727 2483 986 2557 ordinaremus
1004 2507 1071 2556 eos
1091 2497 1168 2555 tum
1190 2483 1224 2555 in
1252 2480 1490 2554 assecutione
1506 2481 1624 2567 bene-

121 2608 291 2681 ficiorum
334 2607 545 2680 huiusmodi
581 2608 724 2680 censeri
761 2606 958 2682 familiares
1001 2607 1197 2680 continuos
1231 2603 1504 2678 commensales
1546 2627 1621 2698 que

120 2734 202 2804 veri
231 2732 429 2806 familiares
449 2748 487 2806 et
507 2733 543 2806 in
563 2730 702 2828 palatio
722 2731 928 2827 apostolico
949 2730 1146 2805 familiares
1165 2731 1328 2804 continui
1347 2729 1621 2802 commensales

120 2859 330 2931 existerent
357 2857 527 2952 quamvis
556 2873 598 2930 ut
626 2859 721 2930 tales
750 2859 785 2930 in
814 2856 908 2932 libro
938 2856 1165 2930 Cancellarie
1194 2853 1400 2951 apostolice
1443 2853 1620 2948 descripti

120 3007 188 3054 seu
218 2983 255 3052 in
283 2981 385 3054 libris
413 2983 629 3077 apostolicis
659 2981 890 3054 describendi
918 2979 977 3054 vel
1006 2979 1217 3053 nominandi
1248 2995 1288 3050 ut
1316 2979 1513 3052 familiares
1533 3002 1620 3051 con-

118 3107 213 3178 tinui
255 3106 527 3180 commensales
565 3109 779 3180 existerent.
819 3106 941 3179 Etiam
985 3106 1014 3178 si
1044 3105 1369 3179 constitutionibus
1408 3102 1620 3178 huiusmodi

117 3247 225 3304 esset
253 3256 434 3326 expresse
471 3232 709 3328 derogatum,
731 3232 967 3313 Cantoribus,
991 3230 1191 3326 capellanis
1209 3244 1249 3302 et
1267 3227 1409 3302 clericis
1429 3231 1463 3300 in
1496 3228 1622 3324 capel-

118 3356 218 3430 lania
248 3373 376 3430 nostra
404 3357 652 3430 servientibus
672 3356 868 3430 dumtaxat
896 3357 1075 3452 exceptis.
1098 3355 1251 3430 Necnon
1273 3354 1519 3449 expectativis
1538 3378 1622 3450 gra·

119 3483 193 3566 tiis,
226 3482 554 3566 nominacionibus‚
575 3481 824 3566 facultatibus
845 3481 1169 3562 reservationibus,
1192 3481 1391 3566 mandatis,
1411 3481 1619 3562 unionibus,

118 3607 402 3690 annexionibus,
416 3607 788 3702 incorporationibus,
799 3607 1138 3701 suppressionibus,
1153 3605 1414 3702 prerogativis,
1426 3605 1621 3678 antelacio-

120 3734 241 3810 nibus,
263 3732 558 3827 exceptionibus,
582 3732 905 3817 declarationibus,
926 3727 1205 3804 reductionibus
1224 3755 1268 3804 ac
1282 3727 1362 3802 aliis
1383 3730 1618 3823 supradictis

119 3857 258 3952 quibus
286 3859 458 3931 omnibus
486 3875 525 3929 et
553 3857 721 3952 singulis,
750 3858 862 3930 etiam
892 3858 922 3929 si
942 3857 1069 3950 quoad
1088 3855 1231 3928 illorum
1261 3855 1545 3951 derogationem
1573 3856 1621 3927 de

119 3982 213 4077 ipsis
240 4005 446 4077 eorumque
475 3985 564 4056 totis
592 3983 784 4056 tenoribus
812 3982 859 4055 de
889 3982 1002 4055 verbo
1021 3981 1070 4054 ad
1098 3983 1253 4054 verbum
1282 4005 1326 4053 ac
1355 3979 1562 4053 nominibus
1582 3995 1622 4053 et

118 4106 407 4202 cognominibus
434 4123 474 4179 et
502 4105 741 4202 qualitatibus
761 4131 1005 4202 personarum
1025 4107 1159 4201 quibus
1180 4131 1246 4180 seu
1275 4105 1325 4179 ad
1353 4129 1511 4200 quarum
1531 4130 1621 4200 sup-

118 4230 358 4326 plicationem
374 4231 433 4303 vel
448 4231 661 4304 instantiam
677 4255 821 4306 necnon
841 4232 984 4317 intuitu,
1007 4248 1193 4327 respectu,
1214 4229 1413 4304 occasione
1428 4228 1486 4301 vel
1505 4245 1620 4322 'causa

119 4380 197 4450 quo
213 4355 272 4428 vel
287 4378 363 4450 qua
376 4379 557 4428 concessa
576 4355 685 4430 fuerit
704 4355 875 4450 specialis
895 4371 933 4428 et
955 4355 1126 4450 specifica
1144 4371 1183 4428 et
1202 4379 1382 4450 expressa
1400 4377 1475 4426 non
1493 4371 1619 4426 autem

117 4502 188 4574 per
215 4480 415 4575 generales
443 4504 510 4551 seu
539 4479 631 4552 alias
659 4505 878 4574 expressam
907 4479 1134 4554 mentionem
1158 4480 1404 4574 importantes
1433 4477 1619 4550 clausulas

117 4604 260 4678 mentio
280 4603 451 4678 habenda
466 4629 534 4678 seu
553 4605 625 4678 alia
644 4604 776 4700 quevis
796 4589 1023 4700 specificatio
1040 4621 1106 4677 aut
1125 4619 1226 4678 certe
1247 4603 1411 4676 clausule
1430 4603 1619 4698 appositio

118 4754 187 4804 seu
216 4729 343 4824 aliqua
370 4727 534 4824 desuper
562 4731 755 4826 signatura
782 4729 955 4803 habenda
983 4745 1096 4814 esset,
1127 4729 1271 4802 illorum
1301 4744 1452 4802 tenores
1481 4745 1522 4800 et
1547 4729 1618 4800 alia

117 4855 335 4949 supradicta
365 4856 602 4949 presentibus
630 4879 699 4949 pro
719 4855 911 4949 expressis
931 4855 1113 4928 habentes
1133 4854 1259 4948 quoad
1288 4854 1482 4949 premissa,
1514 4868 1618 4927 motu

117 4996 157 5052 et
186 4978 342 5052 scientia
371 4979 550 5052 similibus
578 5004 758 5074 expresse
787 4981 1016 5075 derogamus
1035 5005 1078 5052 ac
1107 5003 1267 5075 quorum
1286 4980 1358 5052 vim
1378 4995 1416 5052 et
1444 4977 1617 5052 effectum

118 5103 395 5198 suspendimus,
426 5119 466 5175 et
492 5127 567 5198 que
596 5121 634 5177 et
663 5103 699 5174 in
728 5121 908 5198 quantum
939 5127 1035 5198 opus
1077 5103 1135 5187 sit,
1167 5128 1387 5177 revocamus
1425 5127 1618 5176 cassamus

116 5229 353 5302 annullamus
382 5243 421 5300 et
450 5252 518 5322 pro
547 5227 690 5300 infectis
719 5227 902 5302 habemus
921 5251 990 5322 per
1017 5243 1233 5321 presentes:
1254 5226 1336 5312 illis,
1356 5225 1457 5313 alias,
1480 5227 1515 5299 in
1549 5249 1620 5300 suo

119 5353 255 5427 robore
284 5352 551 5450 permansuris.
584 5352 808 5448 Ceterisque
835 5351 1031 5426 contrariis
1059 5352 1368 5448 quibuscumque.
