3708 5918
242 281 294 341 110
883 285 1019 346 soeculo
1039 285 1108 345 XV

319 479 337 573 §
358 480 392 551 8.
415 475 606 575 Quodque
634 477 802 572 notqpius
821 479 885 576 qui
908 492 1060 552 notatus
1092 471 1159 550 a'ut
1181 476 1395 551 diffamatus
1413 477 1609 563 exstiterit,
1631 479 1731 574 quod

236 601 433 690 malitiose,
462 604 707 702 negligenter,
739 603 798 676 vel
834 627 905 699 per
941 601 1080 687 dolum,
1118 601 1257 699 aliquid
1292 602 1415 699 egerit
1450 603 1508 675 vel
1544 603 1733 698 scripserit
1847 629 1848 640 ¹

236 726 341 821 quod
368 725 404 798 in
433 751 624 823 processu,
656 727 715 800 vel
743 727 889 810 iudicio,
921 726 1123 800 deductum
1151 727 1209 799 vel
1237 742 1363 800 actum
1391 751 1466 799 non
1502 727 1612 801 luerit
1639 729 1735 801 inter

237 865 374 945 parteS,
406 874 473 922 seu
494 850 597 944 quod
625 851 707 946 ipse
726 874 986 946 personarum,
1016 849 1052 921 in
1071 873 1229 946 quarum
1248 850 1373 923 causis
1393 851 1530 935 scribit,
1558 867 1735 948 acceptor

236 973 294 1060 sit,
316 975 371 1047 eis
391 989 538 1048 secreta
567 999 703 1048 causae
731 974 960 1072 detegendo,
989 991 1055 1048 aut
1082 975 1174 1048 alias
1207 974 1244 1048 in
1271 975 1424 1048 alterius
1443 975 1560 1070 partis
1588 977 1732 1072 praeiu-

237 1098 370 1172 dicium
392 1099 534 1194 aliquid
563 1100 844 1183 committendo,
873 1125 920 1173 eo
948 1099 1031 1194 ipso
1060 1100 1116 1172 sui
1145 1099 1353 1172 notariatus
1390 1099 1511 1174 officio
1539 1101 1588 1174 sit
1615 1101 1734 1198 priva·

234 1239 304 1298 tus,
328 1224 377 1297 Et
405 1225 453 1297 de
471 1225 683 1298 huiusmodi
703 1225 862 1310 infamia,
893 1240 932 1299 et
958 1223 1039 1298 aliis
1058 1225 1274 1320 praemissis
1302 1249 1370 1321 per
1397 1223 1537 1299 dictum
1557 1225 1733 1300 Vicecan·

232 1347 433 1433 cellarium,
456 1348 515 1421 vel
543 1350 592 1422 ab
620 1373 667 1422 eo
694 1349 965 1444 deputandum,
986 1347 1199 1433 summarie,
1230 1348 1455 1444 simpliciter,
1486 1350 1592 1423 etde
1619 1351 1736 1448 plano

232 1472 296 1545 fiat
324 1472 484 1570 diligens
512 1473 711 1569 inquisitio.
739 1473 789 1546 Et
817 1474 848 1547 si
874 1497 944 1568 per
970 1473 1247 1570 inquisitionem
1275 1475 1487 1548 huiusmodi
1513 1475 1596 1572 ipse
1624 1492 1733 1551 nota-

232 1597 309 1669 rius
337 1597 529 1694 culpabilis
562 1613 735 1694 repertus
764 1597 883 1682 luerit,¹
900 1614 971 1680 ¹aut
989 1600 1165 1696 purgatio
1189 1599 1353 1672 extiterit
1379 1598 1586 1686 indicenda,
1607 1618 1656 1687 et,
1679 1604 1734 1676 in·

232 1719 342 1811 dicta,
372 1745 413 1794 se
440 1720 567 1795 debite
596 1747 670 1794 non
698 1722 926 1821 purgaverit,
958 1723 1126 1819 privetur
1153 1722 1453 1819 quibuscumque
1481 1724 1561 1798 aliis
1589 1725 1731 1814 officiis,

232 1868 331 1940 quae
358 1844 396 1918 in
412 1845 547 1920 eadem
575 1845 691 1919 Curia
718 1847 911 1922 obtinebit.
944 1846 993 1918 Et
1021 1847 1119 1920 idem
1151 1846 1325 1920 volumus
1357 1847 1405 1921 de
1433 1849 1735 1947 quibuscumque

232 1969 386 2044 notariis
413 1995 738 2068 quorumcumque
766 1969 804 2046 S.
834 1971 881 2046 R.
913 1971 955 2046 E.
986 1971 1238 2055 cardinalium,
1274 1972 1452 2072 judicum,
1487 1989 1528 2046 et
1559 1976 1734 2050 commis-

234 2095 417 2168 sariorum
455 2096 491 2169 in
529 2095 660 2170 eadem
699 2094 813 2170 Curia
846 2121 917 2192 pro
953 2114 1124 2194 tempore
1160 2095 1438 2192 deputatorum,
1474 2097 1736 2176 inviolabiliter

233 2219 437 2295 observari.

312 2347 385 2442 59.
408 2345 468 2430 Et,
494 2343 741 2434 nihilominus,
763 2346 867 2441 quod
896 2346 983 2422 dicti
1012 2346 1144 2420 notarii
1172 2347 1208 2420 in
1235 2346 1493 2421 exactionibus
1511 2348 1733 2439 salariorum

232 2494 387 2545 suorum
405 2494 475 2565 pro
504 2473 580 2544 suis
609 2473 848 2568 processibus
876 2490 916 2545 et
944 2471 1137 2566 scripturis
1166 2488 1274 2544 taxas
1303 2497 1418 2569 super
1440 2473 1511 2545 hoc
1538 2474 1735 2550 ordinatas

232 2619 301 2690 per
329 2595 467 2669 dictum
496 2595 699 2670 Iohannem
735 2595 845 2670 XXII
882 2621 965 2668 cum
995 2595 1138 2668 illarum
1167 2595 1498 2680 moderationibus
1527 2600 1734 2674 observare

233 2734 441 2793 teneantur.
471 2717 585 2812 Quod
615 2721 646 2794 si
676 2721 770 2794 ultra
808 2721 945 2793 dictam
973 2735 1100 2794 taxam
1134 2717 1274 2816 aliquid
1307 2737 1439 2816 petere
1474 2738 1542 2796 aut
1576 2725 1733 2821 exigere

232 2844 502 2940 quoquomodo
530 2845 863 2942 praesumpserint,
898 2870 1014 2942 super
1049 2871 1207 2919 excessu
1236 2845 1448 2920 huiusmodi
1483 2847 1533 2921 ad
1552 2848 1734 2940 Vieecan-

232 2969 440 3052 cellarium,
486 2968 545 3042 vel
591 2969 907 3044 locumtenentem
946 2970 1188 3066 praedictum,
1219 2971 1403 3046 habeatur
1443 2996 1629 3059 recursus,
1668 2977 1734 3070 qui

233 3095 374 3167 vocatis
402 3119 516 3191 super
543 3094 613 3168 hoc
641 3095 782 3190 peritis,
812 3095 1025 3169 huiusmodi
1051 3120 1231 3168 excessus
1253 3094 1355 3168 iuxta
1384 3109 1492 3170 taxas
1519 3098 1734 3193 praedictas

231 3220 387 3294 reducat
421 3220 470 3294 ad
497 3221 663 3294 debitum
700 3222 953 3296 moderamen.
993 3221 1043 3294 Et
1076 3221 1107 3294 si
1134 3222 1302 3296 notarius
1330 3223 1411 3318 ipse
1440 3223 1488 3296 de
1514 3223 1613 3297 lacto
1646 3226 1734 3321 plus

231 3345 425 3440 receperit,
456 3344 611 3439 duplum
638 3345 736 3439 parti
754 3344 880 3420 laesae
901 3344 1098 3418 refundere
1117 3360 1302 3419 teneatur.
1326 3343 1517 3441 Quodque
1544 3372 1614 3443 pro
1642 3348 1734 3423 cita-

231 3468 407 3556 tionibus,
431 3469 702 3565 ·compulsoriis
737 3485 776 3543 et
813 3469 1100 3554 inhibitionibus,
1130 3469 1293 3544 decretis
1321 3470 1355 3542 in
1384 3471 1564 3566 partibus,
1595 3489 1732 3569 procu-

233 3595 392 3680 ratoriis,
430 3593 697 3681 instrumentis
736 3619 780 3669 ac
817 3594 1096 3669 remissionibus
1132 3594 1182 3668 ad
1216 3612 1355 3691 partes,
1394 3597 1732 3672 examinationibus

233 3719 396 3806 testium,
428 3733 467 3792 et
495 3719 793 3817 quibuscumque
820 3719 900 3793 aliis
928 3719 1133 3816 scripturis,
1154 3719 1211 3794 bis
1240 3721 1387 3816 scriptis
1416 3722 1452 3793 in
1479 3722 1614 3795 eodem
1644 3748 1732 3818 pro·

233 3869 357 3930 cessu,
387 3844 457 3916 uisi
485 3845 601 3916 semel
630 3844 828 3918 dumtaxat
855 3845 997 3918 taxatio
1025 3843 1100 3918 fiat.

312 3970 331 4064 ξ
366 3965 446 4042 ro*
467 3968 674 4052 Praeterea,
692 3970 903 4055 statuimus,
924 3983 964 4041 et
986 3969 1096 4042 etiam
1125 3967 1352 4054 ordinamus,
1374 3969 1477 4064 quod
1499 3983 1578 4044 tam
1597 3972 1731 4046 notarii

233 4117 429 4167 causarum
457 4094 544 4166 dicti
575 4093 713 4180 Palatii,
744 4118 857 4189 quam
885 4093 997 4168 etiam
1026 4108 1291 4189 procuratores
1318 4109 1356 4167 et
1383 4094 1567 4183 advocati,
1587 4072 1732 4192 paupe-

232 4219 334 4293 ribus
362 4217 503 4291 clericis
531 4218 567 4290 in
596 4219 696 4292 dicta
725 4217 837 4292 Curia
866 4244 981 4316 super
1017 4218 1209 4314 quibusvis
1244 4217 1432 4315 beneficiis
1469 4218 1731 4294 ecclesiasticis

233 4342 474 4441 litigantibus,
506 4341 570 4438 qui
598 4343 800 4417 iuraverint
828 4369 869 4416 se
907 4368 976 4439 pro
1005 4345 1082 4416 suis
1119 4343 1242 4416 causis
1278 4342 1524 4418 defendendis
1551 4347 1730 4440 pecunias

232 4494 307 4542 non
325 4469 477 4553 habere,
497 4469 615 4564 gratis
634 4469 671 4540 in
690 4467 903 4546 huiusmodi
922 4468 1043 4541 causis
1063 4469 1236 4554 scribant,
1260 4469 1538 4565 scripturasque
1566 4469 1729 4556 tradant,

231 4594 362 4688 eisque
401 4593 684 4676 Procurationis,
714 4608 755 4666 et
781 4593 1052 4666 Advocationis
1080 4591 1251 4678 officium,
1286 4594 1543 4688 patrocinium,
1565 4610 1604 4666 et
1630 4594 1730 4668 lavo·

232 4745 310 4792 rem
338 4718 451 4792 etiam
479 4719 597 4815 gratis
635 4721 862 4822 impendant,
893 4717 943 4791 ad
970 4743 1068 4813 quae
1103 4718 1271 4792 facienda
1299 4745 1366 4792 eos
1395 4743 1462 4815 per
1490 4718 1727 4805 Auditorem,

230 4867 356 4916 coram
376 4867 452 4939 quo
480 4867 595 4934 causa
622 4842 811 4938 pendebit,
842 4843 1015 4939 compelli
1043 4869 1158 4940 posse
1184 4842 1358 4916 volumus
1386 4843 1560 4917 remediis
1587 4868 1730 4940 oppor-

231 4964 367 5040 tuuis*

310 5094 328 5188 ᾗ
353 5117 409 5167 11.
428 5091 647 5167 Advocatos
664 5091 774 5166 etiam
796 5109 835 5166 et
851 5110 1115 5189 procuratores
1130 5093 1415 5166 constitutiones
1430 5093 1602 5166 Iohannis
1618 5093 1729 5166 XXII

230 5232 269 5291 et
297 5217 473 5316 Gregorii
492 5217 555 5304 XI,
587 5219 922 5315 praedecessorum
942 5218 1229 5314 praedictorum,
1251 5241 1366 5314 super
1393 5218 1463 5292 hoc
1481 5218 1613 5304 editas,
1633 5243 1728 5314 quas

231 5367 358 5416 secum
387 5358 585 5415 teneantur
611 5342 762 5429 habere,
794 5342 993 5441 diligenter
1018 5341 1268 5439 praecipimus
1304 5343 1518 5430 observare,
1548 5357 1587 5415 et
1618 5365 1727 5438 prae·
