3748 5914
864 317 1000 378 Socculo
1018 317 1106 376 XVI

936 667 1022 745 167.

229 831 300 905 Pio
338 833 374 905 V
396 831 430 928 (ι
441 835 554 922 5664
566 831 657 925 572)
683 872 710 884 -
738 826 927 900 Dotoritcs
955 827 1093 924 Papae,
1124 835 1231 899 ratus
1258 826 1462 900 devolutam
1480 852 1553 898 csse
1572 825 1731 898 Sanctae

272 983 273 990 ¹
308 955 398 1028 Sodi
426 953 597 1049 Officium
623 954 851 1027 Notorcotos
887 953 1004 1025 Rotae
1040 961 1207 1024 uocatam
1239 959 1388 1024 vocontc
1420 951 1494 1024 loco
1529 951 1731 1024 Anactorie

307 1079 348 1154 ob
367 1078 631 1178 promotionem
658 1077 805 1151 huiusce
832 1077 886 1150 oa'
912 1075 1209 1164 Cara'inolatom,
1238 1074 1337 1147 c'llccd
1367 1074 1477 1148 libere
1512 1075 1664 1169 confort.
1703 1117 1731 1128 -

309 1205 407 1280 Rota
436 1203 653 1276 contradicit
679 1212 714 1275 ct
731 1203 827 1301 petit
850 1228 875 1274 o
904 1200 1013 1301 Papo
1040 1210 1083 1273 tct
1108 1225 1219 1274 causo
1246 1201 1429 1274 iudicetur
1455 1199 1500 1272 ab
1518 1199 1644 1296 aliquo
1662 1209 1733 1272 aut

308 1330 450 1428 aliquot
473 1355 521 1401 cx
548 1327 587 1402 S.
618 1327 667 1403 R.
700 1327 754 1426 E.¹
781 1323 1053 1400 cardinalibus,

309 1484 414 1552 (Auen
433 1483 518 1554 Ror.¹
544 1507 554 1531 ·
569 1481 845 1552 Ordinationes»,
859 1485 949 1554 part.
968 1479 1013 1552 II,
1031 1479 1083 1538 Do
1101 1477 1262 1548 ll'otort'c's,
1281 1495 1315 1536 n.
1334 1477 1403 1548 IX).

1355 1621 1434 1694 1566,
1451 1627 1530 1696 sept.
1548 1621 1576 1692 5,
1593 1619 1729 1680 Romae.

311 1758 419 1830 Motu
448 1755 613 1853 proprio.
644 1754 787 1827 -Cum
817 1754 913 1830 sicut
939 1755 1152 1849 accepimus
1180 1751 1341 1826 officium
1374 1752 1594 1826 Notariatus
1628 1751 1728 1825 Rote

230 1883 335 1978 quod
363 1880 554 1976 quondam
583 1879 695 1953 lulius
723 1879 893 1975 pilortius
921 1878 1010 1951 dum
1039 1879 1183 1951 viveret
1210 1877 1415 1963 obtinebat,
1445 1891 1485 1950 et
1517 1877 1622 1948 cuius
1655 1877 1731 1950 col-

230 2006 320 2082 latio
347 2020 387 2079 et
413 2005 627 2078 omnimoda
654 2004 850 2100 dispositio
878 2005 967 2077 dum
996 2027 1067 2099 pro
1094 2017 1265 2099 tempore
1292 2017 1402 2076 vacat
1426 2001 1474 2075 ad
1503 2001 1731 2074 Auditorem

232 2147 314 2206 rote
342 2132 400 2204 cui
437 2155 507 2227 pro
544 2147 714 2226 tempore
751 2129 912 2203 officium
948 2129 1158 2224 predictum
1194 2143 1235 2202 et
1270 2127 1439 2203 notarius
1476 2128 1655 2200 inservire
1693 2143 1733 2198 et

230 2281 357 2330 coram
376 2281 459 2351 ,quo
477 2255 639 2328 scribere
660 2253 855 2328 consuevit
872 2269 1046 2348 spectare
1065 2253 1299 2350 dignoscitur
1322 2267 1362 2325 et
1380 2267 1538 2347 spectat,
1560 2251 1731 2326 Vacante

232 2380 345 2454 modo
373 2379 495 2454 officio
522 2379 785 2454 Auditoriatus
805 2379 916 2475 ,quod
936 2377 1096 2451 dilectus
1114 2376 1210 2450 filius
1235 2376 1389 2450 Gabriel
1408 2375 1609 2472 paleottus,
1630 2377 1733 2451 eius-

232 2506 318 2580 dem
347 2522 430 2579 rote
457 2520 546 2578 tunc
573 2503 722 2578 auditor
739 2519 827 2576 ante
846 2503 1142 2598 assumptionem
1162 2502 1211 2576 ad
1230 2500 1498 2576 cardinalatum
1523 2501 1730 2587 obtinebat,

232 2630 382 2705 collatio
409 2628 566 2725 predicti
594 2627 700 2702 offitii
727 2629 936 2703 notariatus
965 2642 1047 2700 rote
1074 2626 1124 2700 ad
1150 2649 1222 2700 nos
1240 2625 1417 2700 devoluta
1440 2623 1518 2712 suit,
1539 2639 1654 2722 prout
1671 2623 1733 2697 illa

232 2753 282 2828 ad
310 2777 380 2827 nos
407 2767 447 2826 et
475 2777 549 2826 non
568 2753 617 2826 ad
635 2752 747 2825 alium
768 2752 882 2826 luisse
901 2766 940 2824 et
957 2729 1043 2824 esse
1062 2750 1280 2824 devolutam
1299 2750 1535 2823 decernimus
1553 2764 1594 2822 et
1611 2747 1732 2822 decla·

233 2903 370 2953 ramus.
400 2877 583 2953 Volentes
610 2892 815 2974 propterea
842 2877 982 2950 dictum
1010 2875 1171 2950 officium
1190 2875 1398 2948 notariatus
1416 2897 1579 2971 persone
1598 2874 1733 2949 idonee

232 3018 272 3077 et
299 3003 407 3078 nobis
435 3003 614 3077 benevise
642 3001 820 3084 conferre,
852 3000 989 3074 dilecto
1018 3000 1091 3073 filio
1121 2999 1251 3072 Marco
1279 2999 1431 3073 antonio
1458 2997 1616 3072 bintono
1638 2998 1733 3070 luris

233 3127 428 3222 utriusque
448 3126 607 3201 Doctori
628 3125 789 3200 officium
810 3125 1017 3200 notariatus
1035 3123 1256 3221 predictum,
1277 3123 1380 3218 quod
1399 3122 1520 3196 dictus
1539 3122 1732 3217 quondam

234 3251 345 3326 Iulius
373 3251 462 3325 dum
490 3252 634 3325 viveret
661 3231 863 3336 obtinebat,
895 3275 979 3322 curn
1008 3250 1180 3322 omnibus
1208 3264 1247 3321 et
1274 3244 1430 3345 singulis
1461 3247 1666 3321 honoribus
1694 3264 1734 3320 et

234 3376 410 3452 oneribus
438 3393 508 3451 etc.
539 3373 764 3450 conferimus
792 3388 863 3449 etc.
936 3374 1027 3447 Fiat
1051 3382 1151 3446 motu
1170 3379 1299 3469 prop.⁰
1328 3374 1386 3446 M.

315 3502 459 3575 Datum
488 3501 608 3576 Rome
635 3499 737 3595 apud
766 3498 803 3574 S.
835 3499 1004 3572 Marcum
1034 3498 1164 3572 Nonas
1193 3499 1421 3593 septembris
1451 3471 1566 3571 Anno
1595 3495 1731 3570 Primo.
1767 3473 1771 3482 Ι

975 3735 995 3779 n

954 3797 1016 3842 tlt*

890 3935 1072 4009 Romana.

316 4134 539 4208 Beatissime
567 4147 686 4229 pater,
717 4131 889 4226 quamvis
917 4128 1066 4204 collatio
1095 4146 1134 4203 et
1161 4130 1376 4204 omnimoda
1400 4127 1600 4224 dispositio
1623 4128 1733 4202 officii

236 4257 455 4332 Notariatus
484 4258 607 4364 Rotae
635 4257 738 4352 quod
766 4279 886 4350 nuper
914 4255 1026 4327 lulius
1055 4253 1266 4350 Spilortius,
1298 4253 1420 4326 Rotae
1443 4253 1621 4338 notarius,
1642 4252 1732 4325 dum

235 4384 378 4456 viveret
404 4383 600 4457 obtinebat
626 4383 676 4456 ad
703 4380 799 4470 ¹sacri
826 4379 953 4476 palatii
970 4379 1168 4476 apostolici
1187 4379 1309 4454 Rotae
1331 4378 1527 4452 Decanum
1546 4377 1735 4474 pertineat

235 4534 284 4581 ex
311 4533 358 4582 eo
387 4507 490 4602 quod
516 4506 665 4581 collatio
693 4507 781 4579 dicti
809 4506 918 4578 officii
946 4505 995 4578 ab
1022 4503 1191 4578 eiusdem
1221 4503 1412 4576 erectione
1430 4519 1469 4575 et
1488 4527 1555 4576 seu
1574 4500 1667 4574 alias
1685 4503 1734 4575 ad

236 4634 360 4706 Rotae
387 4632 598 4706 auditorem
627 4657 697 4726 pro
717 4647 888 4726 tempore
907 4655 1032 4703 coram
1052 4655 1130 4726 quo
1149 4628 1248 4701 idem
1269 4627 1381 4700 lulius
1399 4627 1558 4722 eiusque
1577 4626 1613 4698 in
1632 4627 1734 4700 dicto

237 4757 435 4831 Notariatu
455 4772 716 4830 antecessores
737 4755 899 4827 scribere
918 4767 1196 4828 consueverunt
1213 4767 1262 4837 et,
1283 4749 1345 4824 illo
1364 4749 1541 4824 defuncto
1555 4774 1621 4824 seu
1642 4749 1736 4823 alias

236 4882 283 4956 de
311 4882 434 4956 medio
463 4881 624 4968 sublato,
650 4881 699 4954 ad
720 4881 916 4953 Decanum
944 4879 1154 4975 predictum
1173 4878 1362 4974 pertinere
1381 4875 1587 4961 consuevit,
1607 4876 1736 4948 nihilo·
1769 4863 1770 4870 ἵ

237 5009 359 5081 minus
388 5019 503 5103 quum
533 5007 579 5080 R.
609 5031 646 5102 p.
676 5005 713 5080 d.
753 5004 934 5078 Datarius
971 5003 1189 5077 Sanctitatis
1217 5002 1381 5076 Vestrae
1408 5000 1598 5097 pretendit
1626 4997 1735 5074 colla·

236 5134 374 5207 tionem
403 5131 491 5215 dicti
510 5131 619 5204 officii
637 5131 687 5203 ad
705 5155 747 5203 se
768 5130 966 5227 pertinere,
989 5129 1078 5202 ldeo
1096 5144 1174 5202 tam
1194 5129 1356 5202 devotus
1377 5126 1588 5199 sanctitatis
1607 5140 1735 5199 vestre

237 5257 379 5330 Orator
406 5257 520 5330 lulius
550 5256 741 5330 Oradinus
770 5254 949 5329 Decanus
976 5254 1180 5350 predictuS,
1211 5279 1324 5350 quam
1354 5253 1483 5326 devoti
1510 5249 1549 5323 S.
1571 5248 1616 5323 V.
1639 5249 1733 5323 Ora·

237 5399 340 5456 tores
370 5380 582 5479 Collegium
610 5381 823 5456 auditorum
852 5379 941 5453 dicti
969 5378 1093 5452 Palalii
1120 5379 1170 5452 ad
1203 5401 1300 5475 quos
1338 5402 1407 5474 pro
1444 5376 1628 5449 interesse
1665 5399 1736 5448 suo
