3688 5924
666 341 843 417 Praefatio
861 343 907 401 ad
925 343 1079 402 lectorem
1553 355 1620 403 xxv

200 533 302 610 XIV.
334 535 569 632 Supplicatio
597 538 746 634 signata
773 536 937 609 Authen
968 537 1002 608 in
1040 559 1184 632 papyro
1213 536 1324 632 regis,
1357 535 1444 609 Dat.
1475 535 1621 609 Romae

124 661 222 756 apud
250 660 288 736 S.
323 662 476 735 Petrum
511 667 556 734 16
586 661 657 736 kal.
688 660 766 734 Iulii
795 662 908 734 Anno
938 666 973 735 6.

203 785 288 860 XV.
321 786 483 860 Rotulus
512 812 578 859 sen
609 787 830 859 Mandatum
850 787 898 859 de
918 785 1152 882 providendo
1180 810 1249 883 per
1267 801 1409 859 motum
1430 787 1623 882 proprium

124 912 274 986 authen.
304 913 339 984 in
369 937 538 1008 pergam.
568 913 680 1010 regis.

203 1033 224 1076 *
254 1037 455 1132 Sumptum
485 1035 643 1134 simplex
670 1038 839 1110 eiusdem
870 1036 997 1110 Rotuli
1025 1037 1061 1108 in
1090 1061 1235 1133 papyro
1262 1037 1377 1132 antiq.
1408 1037 1508 1110 char.

204 1157 246 1200 *²¹⁸
275 1159 516 1256 Duplicatum
544 1162 714 1235 eiusdem
744 1163 882 1256 sumpti
911 1162 946 1234 in
976 1185 1120 1258 papyro
1148 1163 1263 1258 antiq.
1302 1161 1402 1235 char.

208 1283 312 1359 XVI.
342 1285 543 1382 Sumptum
571 1284 730 1381 simplex
757 1285 913 1362 alterius
941 1286 1108 1359 mandati
1150 1288 1197 1360 de
1235 1286 1466 1382 providendo
1494 1287 1624 1360 direct.

129 1407 242 1482 Card.
276 1409 408 1482 Maiori
438 1411 647 1484 Poenitent.
677 1411 712 1482 in
741 1434 887 1506 papyro
914 1410 1030 1505 antiq.
1061 1411 1159 1484 char.

209 1531 230 1574 *
260 1534 501 1630 Duplicatum
530 1535 699 1608 eiusdem
729 1537 867 1630 sumpti
898 1535 933 1606 in
961 1560 1106 1632 papyro
1135 1537 1250 1630 antiq.
1280 1535 1381 1611 char.

211 1657 330 1732 XVII.
357 1661 556 1755 Sumptum
576 1661 732 1733 informe
752 1659 1014 1734 declarationis
1034 1685 1099 1734 seu
1120 1663 1369 1758 exemptionis
1389 1687 1458 1758 per
1485 1679 1628 1736 motum

131 1785 324 1882 proprium
352 1785 388 1856 in
417 1809 562 1882 papyro
590 1787 706 1880 antiq.
738 1785 837 1858 char.

800 1979 897 2054 l'auli
926 1981 968 2056 II.

214 2140 350 2216 XVIII.
383 2141 511 2214 Motus
539 2141 716 2238 proprius
744 2143 894 2215 authen.
926 2143 961 2214 in
991 2169 1134 2238 papyro
1168 2144 1303 2242 signat,
1347 2170 1452 2241 «per
1480 2169 1634 2218 conces-

133 2296 218 2343 sum
248 2265 405 2364 regis».
437 2268 525 2343 Dat.
559 2267 705 2340 Romae
733 2270 834 2363 apud
863 2265 900 2342 S.
932 2267 1082 2341 Petrum
1121 2268 1239 2364 pridie
1268 2293 1386 2342 nonas
1415 2269 1489 2345 lan.
1521 2272 1635 2344 Anno

133 2394 270 2491 primo.

216 2517 238 2561 *
274 2521 472 2616 Sumptum
516 2517 675 2614 simplex
716 2517 885 2590 eiusdem
927 2532 1052 2590 motus
1088 2517 1228 2614 proprii
1265 2519 1300 2591 in
1337 2543 1481 2614 papyro
1518 2521 1633 2614 antiq.

139 2646 242 2720 char.

218 2767 260 2810 *¹*
291 2768 532 2866 Duplicatum
561 2769 728 2840 eiusdem
758 2769 898 2862 sumpti
926 2769 961 2838 in
990 2793 1136 2864 papyro
1162 2769 1278 2864 antiq.
1309 2768 1407 2844 char.
1523 2849 1528 2862 1

222 2895 328 2967 ΧΙΧ.
360 2895 558 2988 Sumptum
587 2890 746 2989 simplex
776 2892 905 2965 Bullae
933 2895 968 2965 in
996 2917 1142 2989 papyro
1178 2894 1269 2965 «Et
1294 2896 1329 2965 sz'
1352 2896 1488 2966 cunctis
1515 2893 1639 2967 Eccle-

137 3021 281 3094 siastici
315 3019 496 3092 Status».
542 3018 630 3090 Dat.
675 3018 820 3091 Romae
861 3019 964 3113 apud
1002 3018 1039 3093 S.
1072 3018 1222 3091 Petrum
1261 3019 1378 3110 pridie
1416 3043 1533 3092 nonas
1563 3021 1637 3096 lan.

141 3147 256 3218 Anno
284 3145 415 3238 primo.

226 3267 313 3342 XX.
353 3270 552 3365 Sumptum
594 3269 754 3363 simplex
797 3268 924 3341 Bullae
966 3268 1002 3340 in
1043 3293 1188 3365 papyro
1225 3270 1435 3343 «Romani
1469 3269 1646 3359 Pontrfici

144 3395 385 3469 Providentia
412 3395 668 3492 circumspecta
687 3422 724 3467 ›.
756 3393 843 3468 Dat.
876 3394 1021 3467 Romae
1048 3395 1149 3490 apud
1179 3394 1216 3468 S.
1241 3394 1391 3467 Petrum
1425 3395 1495 3469 kal.
1519 3393 1643 3467 Martii

146 3523 259 3594 Anno
286 3521 335 3593 ab
363 3521 517 3602 incarn,
554 3525 666 3610 1469.

227 3643 333 3719 XXI.
365 3647 564 3740 Sumptum
593 3644 751 3739 simplex
781 3643 909 3717 Bullae
939 3669 1011 3716 non
1040 3646 1205 3738 expedit.
1234 3647 1269 3717 in
1300 3671 1443 3742 papyro
1475 3646 1645 3719 ‹Sacro-

146 3779 292 3844 sanctae
320 3771 427 3845 Rom.
459 3768 592 3844 Eccles.
622 3769 683 3842 cui
707 3771 825 3842 omnis
851 3768 1015 3842 humano
1042 3778 1268 3844 creatura».
1300 3771 1387 3844 Dat.

800 3983 894 4058 Sixti
925 3983 989 4058 lV.

232 4146 354 4220 XXII.
378 4145 482 4218 Bulla
502 4144 716 4218 authentica
736 4145 771 4216 in
790 4169 961 4242 pergam.
989 4146 1233 4218 «Romanum
1260 4145 1355 4218 decet
1377 4146 1591 4240 Pontificem
1610 4175 1646 4221 ».

154 4273 242 4346 Dat.
274 4271 420 4344 Romae
446 4271 549 4366 apud
578 4270 614 4344 S.
647 4269 808 4344 Petrum.
840 4327 848 4344 .
881 4331 888 4344 .
921 4327 928 4342 .
958 4273 1070 4344 Anno
1099 4273 1147 4344 ab
1178 4271 1333 4352 incarn..
1377 4293 1485 4364 1470.

234 4395 372 4468 XXIII.
403 4395 602 4490 Sumptum
630 4392 788 4490 simplex
816 4397 982 4468 eiusdem
1013 4396 1143 4469 Bullae
1172 4397 1207 4467 in
1236 4420 1381 4492 papyro
1409 4397 1525 4491 antiq.
1550 4395 1650 4469 char.

236 4519 378 4595 XXIV.
410 4520 540 4592 lVlotus
560 4521 744 4616 proprius,
767 4547 833 4593 seu
864 4520 1085 4593 Mandatum
1115 4522 1163 4593 de
1191 4520 1327 4616 exped.
1349 4521 1479 4592 Gratis
1499 4521 1650 4595 authen.

154 4649 189 4720 in
219 4670 364 4742 papyro
392 4647 522 4720 direct.
552 4643 691 4718 Simoni
719 4645 895 4739 Archiep.
927 4643 1180 4718 Cancellariae
1210 4645 1384 4742 Regenti.

235 4769 256 4812 *
285 4771 485 4865 Sumptum
513 4770 672 4865 simplex
700 4772 735 4842 in
765 4795 908 4866 papyro
939 4771 1108 4844 Mandati
1137 4771 1251 4844 Card.
1283 4769 1320 4845 S.
1356 4769 1449 4842 Sixti
1486 4796 1554 4866 pro
1597 4799 1655 4844 su-

155 4897 358 4994 spensione
388 4895 557 4967 eiusdem
587 4894 751 4967 mandati
779 4897 850 4970 sub
878 4895 952 4969 dat.
991 4918 1039 4987 30
1069 4895 1221 4991 Aprilis,
1259 4917 1368 4988 1473.

237 5018 365 5092 XXV.
397 5019 505 5092 Bulla
533 5019 747 5092 authentica
776 5021 810 5091 in
840 5043 1009 5118 pergam.
1048 5050 1065 5091 ‹
1103 5021 1270 5093 Romani
1304 5020 1497 5112 pontificis
1531 5022 1656 5120 provi-

157 5147 279 5220 dentia
308 5147 565 5243 circumspecta
592 5172 627 5218 ›.
663 5144 750 5218 Dat.
782 5145 926 5218 Romae
953 5144 1054 5242 apud
1083 5146 1121 5220 S.
1153 5145 1302 5218 Petrum
1331 5145 1402 5220 kal.
1449 5146 1513 5219 Iul.
1546 5147 1658 5218 Anno

159 5275 206 5346 ab
233 5271 390 5354 incarn..
429 5291 539 5363 1473.

238 5393 260 5437 *
289 5395 488 5492 Sumptum
517 5395 685 5470 authent.
717 5393 884 5468 eiusdem
917 5395 1044 5468 Bullae
1073 5397 1108 5467 in
1137 5419 1308 5492 pergam.
