3720 5916
845 287 982 346 Soeculo
1000 285 1031 346 X
1041 286 1101 346 VI}

927 623 1017 701 221.

221 769 356 842 Rotale
396 770 595 842 Decretum
640 769 735 840 anni
773 767 877 866 1641,
916 793 986 866 quo
1015 767 1137 866 pluro
1170 768 1459 868 praecipiuntur
1494 767 1722 841 Auditorum

302 894 562 968 Familiaribus
591 893 840 967 servientibus
870 895 905 967 in
935 892 1088 968 Studiis.

298 1054 327 1122 (e
342 1049 443 1108 Later
463 1049 653 1108 iuramenti
663 1053 699 1120 ι).

302 1339 445 1434 Quinto
483 1338 701 1413 Familiares
739 1340 909 1414 Dfiorum
940 1339 1100 1413 llud.rum
1129 1339 1337 1414 servientes
1365 1339 1401 1412 in
1429 1339 1564 1412 studiis
1589 1357 1725 1412 caveat

220 1465 389 1539 revelare
446 1481 632 1538 secretum
690 1465 862 1538 Dfiorum
911 1490 1075 1550 suorum,
1115 1465 1220 1561 quod
1261 1465 1293 1537 si
1329 1488 1402 1537 non
1439 1463 1725 1538 observaverint

220 1589 412 1663 eiiciantur
450 1615 471 1662 e
508 1589 621 1663 domo
660 1589 735 1662 Diti
775 1589 842 1672 sui,
882 1605 1076 1685 tamquam
1113 1591 1337 1685 proditores,
1366 1603 1406 1663 et
1441 1603 1725 1686 contemptores

221 1714 542 1802 aexistimationis,
571 1731 611 1788 et
638 1715 790 1788 honoris
819 1715 927 1788 huius
956 1715 1118 1789 Trib.lis.
1156 1711 1210 1791 Et
1236 1714 1326 1788 item
1361 1737 1436 1788 non
1470 1715 1656 1788 excedant
1688 1715 1727 1787 in

224 1840 444 1936 recipiendis
472 1840 678 1914 honorariis
707 1839 949 1927 decisionum,
971 1865 1017 1913 ne
1036 1841 1243 1936 praebeant
1262 1840 1434 1914 Partibus
1453 1864 1584 1914 ansam
1603 1864 1728 1913 recur-

224 1965 330 2037 rendi
357 1963 406 2036 ad
435 1963 631 2038 Decanum
659 1989 729 2060 pro
759 1971 902 2061 tempf.
924 1965 1215 2061 Advertantque
1233 1963 1343 2038 iidem
1362 1962 1560 2038 familiares
1578 1963 1727 2038 deserte

223 2090 294 2186 ipsi
321 2105 400 2162 met
427 2088 641 2162 fasciculum
669 2090 718 2162 ad
748 2090 897 2174 Rotam,
927 2103 967 2162 et
994 2105 1084 2185 post
1111 2088 1221 2164 finem
1255 2088 1424 2162 eiusdem
1462 2093 1584 2163 Rotae
1622 2113 1728 2164 reas·

224 2231 385 2300 sumant,
417 2237 485 2286 nec
513 2213 703 2288 confident
731 2212 878 2288 famulis
906 2230 1020 2311 prout
1047 2215 1191 2289 abusus
1220 2211 1383 2299 inolevit,
1413 2230 1454 2287 et
1489 2230 1603 2310 prout
1635 2214 1730 2288 anti·

226 2339 353 2434 quitus
382 2361 455 2411 non
484 2337 753 2413 confidebatur.

306 2461 416 2556 Quae
443 2464 567 2537 omnia
595 2463 747 2538 intratti
778 2461 855 2536 Diti
883 2462 1143 2551 decreverunt,
1164 2463 1367 2538 reservatis
1385 2462 1467 2536 aliis
1484 2464 1582 2536 circa
1600 2461 1729 2560 splen-

226 2587 369 2673 dorem,
399 2603 438 2662 et
465 2588 646 2662 honorem
675 2586 843 2663 debitum
871 2586 1063 2663 Tribunali
1090 2588 1126 2662 in
1145 2587 1246 2662 aliud
1268 2604 1420 2686 tempus
1439 2589 1726 2685 pertractandis,

227 2729 266 2786 et
295 2712 550 2786 reformandis.

308 2839 373 2910 Rus
399 2837 437 2910 P.
471 2837 520 2911 D.
551 2835 742 2932 Philippus
771 2837 976 2910 Pirovanus
1004 2837 1256 2912 Mediolanen.
1288 2837 1475 2912 Decanus.

310 2963 355 3036 R.
388 2963 426 3034 P.
458 2961 505 3037 D.
537 2961 714 3036 Clemens
744 2961 926 3036 Merlinus
955 2961 1182 3038 Forolivien.
1213 2963 1316 3037 Civis
1344 2962 1551 3036 Ferrarien.

309 3087 354 3162 R.
385 3086 425 3162 P.
456 3087 504 3159 D.
536 3091 697 3159 Amatus
727 3086 899 3160 Dunozet
929 3085 1074 3162 Gallus.

307 3213 352 3286 R.
384 3212 422 3287 P.
455 3212 503 3284 D.
534 3210 692 3284 Fran:⁰¹¹³
718 3211 837 3284 Maria
867 3211 1087 3286 Ghisilerius
1116 3213 1323 3288 Bononien.

309 3335 354 3410 R.
386 3335 424 3411 P.
458 3335 506 3408 D.
539 3335 792 3432 Hieronymus
822 3336 1031 3432 Verospius
1059 3338 1264 3412 Romanus.
1334 3394 1341 3407 .

311 3461 355 3534 R.
387 3461 424 3535 P.
459 3460 505 3534 D.
536 3461 594 3535 lo:
624 3461 781 3534 lacobus
810 3460 1025 3534 Panzirolus
1055 3461 1261 3538 Romanus.

309 3585 355 3658 R.
387 3586 423 3660 P.
458 3585 504 3660 D.
538 3585 671 3658 Petrus
701 3585 842 3660 Carillo
872 3585 1067 3682 Hispanus
1094 3613 1141 3660 ex
1172 3587 1306 3686 Regno
1336 3585 1536 3662 Castellae.

310 3711 354 3784 R.
388 3711 425 3784 P.
458 3710 504 3786 l).
537 3710 635 3784 Fran
647 3717 700 3786 :⁰¹¹⁸
724 3710 771 3784 de
800 3711 917 3784 Roias
948 3711 1143 3809 Hispanus
1171 3738 1217 3785 ex
1247 3713 1382 3812 Regno
1409 3711 1617 3788 Valentiae.

311 3837 355 3908 R.
387 3835 426 3907 P.
458 3835 505 3909 D.
538 3833 835 3931 Christophorus
865 3836 1124 3934 Peutingerius
1153 3838 1414 3934 Augustanus.

311 3959 356 4034 R.
388 3959 423 4034 P.
457 3959 505 4034 D.
537 3959 686 4034 Caelius
717 3961 866 4034 Bichius
895 3961 1084 4036 Senensis.

312 4084 357 4160 R.
389 4085 426 4158 P.
460 4085 506 4159 D.
539 4085 697 4158 Carolus
727 4086 869 4159 Cerrus
898 4086 1102 4162 Romanus.

935 4366 1024 4446 222.

233 4509 476 4606 congregatio
484 4511 674 4607 generalis
687 4514 920 4585 notariorum
941 4513 1067 4597 Rotae,
1088 4539 1162 4612 quo
1180 4515 1390 4588 menson‘us
1406 4515 1560 4589 dimittit
1570 4513 1727 4610 officaitm

309 4644 345 4707 et
370 4635 512 4708 invocat
536 4635 773 4710 calculatores
800 4663 844 4710 uc
871 4638 1024 4710 κηπεῖαί
1053 4665 1091 4711 se
1124 4639 1227 4712 breui
1259 4666 1333 4713 esse
1369 4637 1485 4734 officz'o
1521 4643 1728 4714 notan'atus

312 4759 584 4837 valedicturus.-

310 4897 424 4970 (Aucu.
444 4897 530 4968 Rom,
554 4898 815 4959 «ordinationes
827 4924 855 4970 »,
869 4906 957 4974 part.
976 4900 1020 4973 II,
1038 4899 1090 4959 De
1108 4900 1268 4974 Notariis,
1285 4917 1318 4959 n.
1339 4900 1409 4974 XI).

568 5064 640 5138 Die
670 5069 800 5138 martis
829 5089 895 5153 xu,
927 5066 1017 5140 Maii
1051 5073 1161 5161 1643,
1195 5067 1302 5142 Hora
1334 5092 1395 5144 21.

314 5208 373 5280 De
401 5207 531 5281 ordine
560 5209 695 5281 Revmi
725 5209 876 5282 Domini
905 5211 1028 5282 Rotae
1058 5209 1201 5284 Decani
1228 5211 1296 5284 suit
1326 5209 1585 5310 Congregatio
1612 5236 1726 5310 gene·

233 5332 329 5416 ralis,
361 5348 400 5406 et
427 5332 720 5406 extraordinaria
750 5335 837 5408 DD.
871 5334 1109 5408 Notariorum
1140 5335 1262 5409 Rotae
1291 5337 1326 5408 in
1357 5337 1482 5410 Domo
1508 5333 1727 5432 perillustris
