3748 5914
247 314 303 375 330
872 313 1009 372 Soeculo
1027 311 1134 373 XVII

329 506 401 580 Pro
436 505 685 579 instrumento
722 529 925 600 processus
964 505 1243 600 subrogationis
1285 506 1320 578 in
1361 505 1440 580 iure
1475 504 1648 590 cuiusvis,
1685 503 1744 578 iul.

249 631 473 726 quindecim.

331 756 401 829 Pro
428 756 597 829 examine
624 755 733 829 testis
766 753 801 827 in
840 755 954 828 domo
982 754 1114 828 notarii
1149 754 1258 828 iurati
1295 781 1421 830 coram
1454 753 1629 841 Domino,
1660 754 1744 828 bon.

249 879 551 978 trigintaseptem
580 904 664 952 cum
692 877 857 953 dimidio,

328 1004 447 1077 Extra
475 1004 640 1088 domum,
671 1003 729 1076 vel
758 1003 920 1078 officium
949 1003 1092 1089 notarii,
1124 1003 1185 1080 iul.
1216 1021 1363 1101 septem
1390 1029 1475 1078 cum
1503 1003 1667 1078 dimidio.

327 1128 379 1200 Et
396 1129 428 1201 si
455 1127 599 1201 articuli
626 1127 812 1202 excedant
839 1151 1034 1202 numerum
1062 1127 1372 1226 vigintiquinque,
1394 1145 1434 1202 et
1461 1127 1748 1226 interrogatoria

247 1252 412 1351 triginta,
442 1252 626 1327 habeatur
652 1253 748 1326 ratio
776 1253 1062 1339 excessivitatis,
1092 1253 1194 1327 iuxta
1220 1253 1388 1328 laborem
1418 1253 1561 1328 notarii.

330 1377 401 1452 Pro
429 1377 544 1474 copiis
581 1379 733 1451 testium
762 1377 1034 1473 publicatorum
1069 1377 1147 1451 sive
1174 1377 1210 1451 in
1248 1377 1429 1474 partibus,
1459 1377 1600 1452 sivein
1635 1376 1751 1451 Curia

246 1503 555 1588 examinatorum,
586 1502 755 1576 solvatur
783 1517 896 1598 prout
923 1501 970 1575 de
998 1501 1094 1576 loliis
1122 1503 1369 1598 registrornm
1398 1501 1537 1575 dictum
1565 1517 1637 1576 est.

329 1627 400 1701 Pro
428 1652 667 1724 quocumque
695 1627 955 1710 instrumento,
985 1627 1064 1700 sive
1096 1627 1374 1724 prorogationis
1402 1627 1651 1713 remissoriae,
1673 1627 1754 1701 sive

247 1753 464 1824 mutationis
500 1751 676 1837 ludicum,
715 1748 775 1823 vel
812 1750 966 1823 alicuius
1002 1749 1253 1838 intimationis,
1284 1765 1350 1824 aut
1383 1751 1456 1824 alio
1493 1751 1627 1847 quovis
1661 1767 1751 1823 actu
1864 1785 1865 1792 ¹

246 1875 403 1949 iudiciali
430 1876 466 1948 in
495 1875 681 1972 publicam
710 1875 866 1948 sormam
896 1875 1062 1961 redacto,
1091 1874 1151 1948 iul.
1183 1890 1328 1971 septem
1357 1899 1441 1950 cum
1469 1875 1631 1949 dimidio.

329 2001 402 2074 Pro
420 2025 659 2097 quocumque
688 1999 864 2096 deposito
892 2000 1161 2095 cuiuscumque
1183 2025 1364 2087 summae,
1385 2000 1444 2074 vel
1463 2001 1527 2084 rei,
1549 2025 1618 2096 per
1636 2000 1753 2073 cedu-

248 2124 334 2212 lam,
363 2123 422 2198 vel
451 2125 542 2210 sine,
574 2125 660 2198 nihil
689 2124 898 2220 recipiatur.

330 2250 401 2323 Pro
429 2249 667 2324 restitutione
704 2274 794 2323 vero
828 2248 994 2334 cedulae,
1027 2249 1086 2322 vel
1122 2247 1296 2344 depositi,
1326 2271 1447 2345 usque
1478 2249 1528 2322 ad
1565 2274 1753 2323 summam
1864 2261 1865 2282 l

248 2392 438 2449 scutorum
467 2374 886 2472 quadragintaquinque
923 2372 1112 2459 inclusive,
1143 2375 1323 2469 recipiant
1360 2374 1492 2448 notarii
1530 2375 1632 2448 omni
1659 2399 1751 2447 casu
1864 2421 1865 2456 2

248 2502 334 2574 bon.
364 2499 461 2572 duos
481 2517 624 2574 tantum
644 2525 714 2597 pro
742 2498 909 2596 quolibet
937 2512 1056 2584 scuto,
1078 2523 1147 2572 nec
1174 2498 1275 2572 aliud
1302 2498 1514 2596 quicquam,
1536 2523 1660 2594 neque
1680 2525 1752 2596 pro

247 2625 483 2698 restitutione
511 2624 677 2708 cedulae,
709 2649 832 2720 neque
860 2648 928 2719 pro
956 2621 1144 2709 mandato,
1177 2649 1298 2719 neque
1326 2649 1396 2720 pro
1424 2623 1667 2719 quietatione.

328 2749 364 2821 A
394 2750 509 2823 scutis
537 2749 956 2847 quadragintaquinque
984 2773 1111 2845 supra,
1133 2751 1322 2844 usquead
1351 2773 1627 2845 quamcumque
1647 2775 1752 2822 sum-

248 2895 359 2959 mam,
374 2871 527 2970 quando
547 2872 761 2969 depositum
777 2886 837 2946 est
855 2872 994 2947 sactum
1014 2890 1102 2946 ante
1122 2873 1287 2948 mandati
1307 2871 1586 2956 relaxationem,
1603 2873 1752 2969 absque

247 2997 470 3079 conditione.
501 2996 559 3072 vel
597 2999 871 3093 protestatione
907 3000 1129 3082 extrinseca,
1161 3024 1244 3071 cum
1282 3022 1469 3072 consensu
1497 2999 1601 3094 quod
1628 2999 1753 3073 consi·
1864 2969 1865 3000 ἓ

246 3139 387 3218 gnetur
421 3120 633 3219 adimpletis
671 3123 874 3206 conventis,
905 3137 944 3196 et
970 3121 1068 3196 sacta
1096 3122 1263 3219 legitima
1291 3124 1531 3218 quietatione,
1563 3138 1652 3196 tunc
1680 3147 1750 3218 pro

248 3246 425 3320 mandato
453 3247 501 3319 de
528 3246 787 3344 consignando
815 3245 953 3320 habeat
981 3247 1157 3332 notarius,
1189 3246 1248 3321 iul.
1279 3262 1443 3343 quatuor
1470 3273 1553 3321 cum
1582 3246 1748 3330 dimidio,

247 3387 286 3444 et
313 3370 407 3444 alios
425 3387 589 3468 quatuor
615 3397 698 3445 cum
720 3370 871 3444 dimidio
890 3395 961 3467 pro
980 3372 1265 3469 consignatione
1292 3370 1458 3458 cedulae,
1480 3387 1520 3444 et
1539 3394 1613 3445 non
1637 3371 1748 3446 ultra.
1864 3355 1865 3378 ¹

328 3493 492 3588 Quando
527 3521 619 3569 vero
655 3497 868 3592 depositum
908 3512 967 3570 est
1004 3522 1088 3570 cum
1124 3497 1411 3592 protestatione,
1441 3496 1501 3571 vel
1535 3496 1751 3571 conditione

247 3621 456 3694 extrinseca
486 3643 559 3693 non
588 3637 772 3694 conventa
800 3621 835 3692 in
869 3621 1055 3717 scriptura
1083 3621 1187 3695 cuius
1214 3621 1345 3718 vigore
1372 3621 1507 3718 agitur,
1527 3622 1626 3695 adeo
1645 3622 1752 3717 quod
1864 3617 1865 3666 l

246 3746 388 3818 oriatur
416 3771 602 3842 superea
630 3745 834 3829 decretum,
865 3762 953 3819 tunc
982 3771 1050 3842 pro
1079 3746 1258 3820 mandato
1286 3745 1335 3819 de
1357 3745 1615 3843 consignando
1644 3745 1749 3832 illud,

246 3870 384 3944 habeat
398 3871 564 3944 notarius
581 3886 736 3954 tantum,
754 3887 935 3966 quantum
956 3872 1164 3944 solveretur
1178 3893 1248 3966 pro
1269 3872 1447 3944 mandato
1466 3868 1560 3944 illius
1579 3895 1751 3944 summae
1864 3927 1865 3942 ,

245 3993 454 4080 executivo,
488 4010 526 4068 et
561 3994 722 4091 amplius
758 3995 866 4070 iulios
902 4011 1066 4092 quatuor
1097 4019 1181 4068 cum
1220 3994 1372 4068 dimidio
1405 4018 1475 4092 pro
1512 3995 1750 4069 restitutione
1864 4017 1865 4032 ¹

245 4116 413 4206 cedulae,
443 4119 473 4192 si
501 4121 746 4218 consignetur
772 4121 809 4193 in
828 4136 960 4207 totum,
984 4121 1040 4194 sin
1061 4120 1193 4204 minus,
1214 4118 1275 4194 iul.
1296 4144 1410 4194 unum
1429 4143 1499 4216 pro
1517 4120 1750 4216 quietatione
1864 4087 1865 4116 l

246 4269 426 4328 summae,
457 4269 555 4339 quae
584 4244 874 4342 consignabitur,
905 4260 945 4318 et
973 4268 1047 4318 non
1076 4243 1208 4319 vultra.

327 4366 490 4460 Quando
509 4369 725 4464 depositum
744 4367 961 4442 estfactum
981 4385 1071 4464 post
1089 4366 1253 4443 mandati
1272 4367 1456 4443 executivi
1479 4367 1748 4443 relaxationem
1864 4447 1865 4454 ἵ

246 4492 602 4590 quomodocumque
629 4492 706 4580 fiat,
735 4493 848 4566 etiam
883 4492 987 4588 quod
1024 4495 1132 4589 plura
1169 4495 1334 4588 desuper
1366 4492 1444 4566 fieri
1482 4494 1635 4566 decreta
1664 4519 1748 4567 con·
1864 4559 1865 4562 ,

246 4618 378 4714 tingat,
409 4641 601 4714 nunquam
629 4617 767 4691 babeat
791 4617 957 4692 notarius
978 4618 1047 4692 nisi
1065 4618 1174 4692 iulios
1201 4634 1366 4714 quatuor
1392 4641 1477 4690 cum
1504 4616 1660 4692 dimidio
1678 4642 1749 4716 pro
1864 4605 1865 4678 l

246 4739 425 4814 mandato
452 4743 501 4815 de
520 4743 790 4840 consignando,
811 4757 850 4815 et
869 4741 1028 4815 totidem
1046 4767 1117 4838 pro
1136 4742 1374 4817 restitutione
1395 4738 1562 4828 cedulae,
1584 4759 1623 4816 et
1641 4743 1748 4838 quie·
1864 4781 1865 4840 ᾗ

245 4866 373 4947 tantia,
396 4865 426 4938 si
455 4867 642 4964 integrum
670 4867 925 4964 consignetur,
944 4865 1121 4962 alioquin,
1142 4865 1240 4939 ultra
1267 4867 1433 4940 mandati
1451 4865 1633 4962 praedicti
1653 4891 1747 4942 mer·

245 4990 388 5076 cedem,
410 4990 550 5065 habeat
578 4991 703 5064 iulium
722 5016 837 5064 unum
866 5015 935 5086 pro
963 4990 1179 5088 quietantia,
1202 5007 1244 5064 ut
1265 5017 1392 5089 supra,
1412 5005 1452 5067 et
1480 4989 1566 5064 nihil
1584 4991 1746 5088 amplius

245 5115 282 5186 in
310 5113 478 5212 quolibet
505 5115 781 5213 praedictorum
810 5141 977 5191 casuum.
