3708 5918
760 351 906 412 Martino
933 353 962 414 V
1553 357 1604 416 107

183 542 470 640 Appellationes
497 560 585 618 ante
614 543 824 619 diffinitivas
853 547 1058 621 sententias
1085 547 1193 621 aliter
1219 548 1349 635 lactas,
1368 563 1408 623 et
1436 549 1609 645 quitquid

108 667 190 741 inde
217 685 389 742 secutum
417 669 526 743 luerit
554 670 703 766 penitus
731 670 929 757 irritantes,
968 689 1008 746 et
1044 673 1115 748 hoc
1150 672 1200 749 ad
1231 673 1503 770 appellationes
1534 675 1608 750 iam

106 795 282 882 emissas,
325 820 441 892 super
480 795 616 890 quibus
657 796 940 871 commissiones
982 799 1147 872 nondum
1188 799 1338 874 luerunt
1378 817 1605 896 presentate‚

106 917 257 993 extendi
286 917 472 995 volumus.

183 1042 282 1130 Alie,
311 1067 413 1128 ver0,
443 1069 558 1140 super
585 1044 719 1140 quibus
748 1046 1030 1122 commissiones
1057 1046 1207 1122 luerunt
1234 1063 1460 1145 presentate‚
1482 1052 1608 1125 termi-

108 1182 242 1242 nentur
269 1169 372 1243 etin
400 1167 470 1243 illis
497 1192 572 1242 non
599 1167 709 1242 liceat
736 1173 902 1246 secundo
930 1171 1132 1268 appellare.

183 1292 372 1367 Dominus
400 1307 528 1367 noster
556 1317 654 1389 papa
683 1293 873 1369 mandavit
900 1279 1020 1370 michi
1036 1298 1132 1371 hanc
1159 1298 1463 1373 constitutionem
1486 1299 1608 1396 publi-

106 1415 264 1490 candam
283 1431 323 1491 et
342 1417 377 1490 in
397 1416 491 1492 libro
512 1415 740 1492 Cancellarie
759 1419 972 1514 ponendam
993 1421 1053 1496 die
1072 1443 1126 1493 v11
1146 1421 1297 1518 Aprilis,
1319 1423 1431 1496 Anno
1453 1420 1623 1515 Quinto·

108 1539 158 1636 Jo.
188 1541 340 1617 Ostien.

183 1665 249 1738 Dr
273 1667 450 1741 mandato
476 1667 618 1740 domini
641 1669 763 1742 nostri
779 1680 878 1768 pape
904 1679 1070 1745 ,τεθναίην
1088 1669 1150 1745 luc
1170 1671 1375 1746 corulitutt'o
1392 1672 1431 1745 in
1449 1671 1605 1748 indutu.
1634 1711 1639 1718 ·

101 1791 138 1870 J.
171 1790 309 1866 Ostien.

818 2147 882 2227 63.
943 2193 946 2200 -

111 2323 310 2396 Martinus
348 2323 384 2396 V
403 2323 479 2396 adit
502 2323 765 2398 moderationes
791 2335 826 2399 rt
860 2326 1109 2401 ordinaturus
1141 2327 1386 2401 observandas
1410 2328 1456 2401 ab
1486 2326 1609 2401 Audi-

184 2447 329 2520 toribus
348 2447 467 2520 Rotae
485 2448 687 2534 Romanae,
715 2475 759 2523 ac
790 2449 999 2538 Advocatis,
1030 2451 1352 2538 Procuratoribus,
1375 2462 1411 2524 et
1435 2451 1610 2526 Notaria'r

183 2597 278 2644 suar
308 2569 444 2644 Currite
475 2614 502 2626 -
529 2581 565 2645 ct
590 2573 727 2647 Rotam
754 2576 1022 2648 marturianum
1048 2577 1247 2652 instaurat.
1273 2619 1300 2630 -
1328 2575 1457 2649 Huius
1483 2577 1609 2650 consti·

182 2695 338 2770 tattonis
364 2696 403 2769 in
430 2705 612 2795 apertura
631 2699 748 2772 Rotae
765 2699 978 2796 legebantur
988 2700 1200 2799 particular
1217 2725 1310 2799 quas
1327 2701 1499 2774 asterisco
1516 2700 1610 2786 insc-

181 2821 269 2895 rius
297 2821 537 2895 communivi:
556 2831 663 2922 patet
686 2849 735 2896 cx
762 2823 876 2898 Libro
905 2823 1028 2898 Rotae
1055 2825 1358 2900 constr'tutionum.

104 3099 136 3158 R
185 3011 353 3158 (Borcani
366 3011 448 3171 Rprr.
460 3011 512 3072 cit.
525 3011 614 3079 edit:
627 3015 732 3073 Asca.
744 3013 831 3085 Rom,
850 3013 1059 3112 ‹Constht
1072 3013 1377 3090 Pa1.Apost.›,s01.
1391 3013 1468 3085 43v,
1485 3038 1497 3064 ι
1511 3013 1610 3072 Liber

135 3106 233 3160 otae·
259 3116 339 3159 cons
354 3099 406 3159 it..

1380 3245 1459 3320 1424,
1477 3245 1610 3304 Romae.

182 3427 376 3502 Martinus
412 3428 625 3524 episcopus,
660 3453 792 3502 servus
834 3452 1027 3503 servorum
1067 3428 1152 3507 Dei.
1186 3430 1249 3503 Ad
1291 3443 1513 3526 perpetuam
1557 3429 1610 3502 rei

105 3552 338 3626 memoriam.
367 3594 394 3605 -
421 3553 587 3626 Romani
620 3553 814 3644 Pontifict's
841 3553 1080 3652 providentia
1121 3554 1390 3650 circumspecta
1427 3578 1610 3628 nonnum-

100 3701 214 3772 quam
243 3692 360 3775 gesta
386 3700 456 3771 per
486 3701 583 3764 eum,
614 3675 894 3752 rationabilibus
922 3693 961 3752 et
988 3678 1157 3752 honestis
1190 3678 1436 3752 suadentibus
1473 3678 1606 3765 causis,

101 3802 327 3876 moderatur
353 3817 393 3873 et
424 3815 632 3876 commutat
658 3801 695 3875 in
723 3802 866 3889 melius,
897 3792 1010 3899 prout
1037 3803 1075 3877 in
1104 3802 1269 3878 Domino
1304 3803 1487 3899 conspicit
1514 3801 1609 3876 salu-

105 3928 222 4001 briter
251 3925 444 4022 expedire.

178 4054 198 4148 ᾖ
234 4076 266 4125 1.
302 4035 434 4146 Nuper
457 4050 654 4147 siquidem,
674 4052 846 4126 videlicet
880 4051 998 4148 pridie
1037 4077 1156 4126 nonas
1192 4051 1378 4140 februarii,
1416 4051 1610 4149 pontifica-

102 4192 162 4250 tus
192 4175 318 4250 nostri
346 4197 445 4248 anno
474 4188 593 4261 sexto,
624 4175 811 4271 quaedam
839 4176 1128 4251 constitutiones
1156 4190 1195 4250 et
1222 4178 1489 4263 ordinationes,
1510 4201 1609 4274 quae

102 4299 395 4375 reformationes
422 4295 631 4371 officialium
665 4299 859 4374 Romanae
888 4300 1025 4375 Curiae
1054 4324 1281 4375 concernere
1309 4301 1541 4386 videbantur,
1572 4300 1609 4371 in

100 4425 298 4498 audientia
312 4424 519 4496 litterarum
538 4423 852 4499 contradictarum
872 4424 991 4499 lectae
1012 4425 1173 4514 luerunt,
1194 4441 1233 4499 et
1251 4427 1365 4499 etiam
1385 4423 1606 4522 publicatae.

103 4549 150 4623 Et
184 4550 277 4646 quia
316 4545 490 4621 nonnulla
529 4547 681 4622 nimium
720 4551 893 4648 rigorosa
928 4551 1214 4624 continebantur
1248 4549 1285 4622 in
1321 4548 1401 4636 illis,
1437 4573 1535 4646 quae
1572 4549 1607 4622 in

100 4672 271 4770 ipsorum
302 4671 510 4746 officialium
539 4671 647 4747 nimis
674 4698 792 4771 grave
827 4675 1063 4772 dispendium
1096 4693 1136 4749 et
1176 4674 1441 4772 praeiudicium
1477 4672 1608 4747 redun-

101 4797 258 4884 dabant,
280 4820 349 4870 eas
376 4820 446 4893 per
463 4813 615 4870 nostrae
634 4797 856 4894 provisionis
875 4798 1047 4887 officium,
1069 4799 1272 4896 habitaque
1299 4825 1416 4896 super
1442 4799 1499 4873 his
1518 4799 1608 4872 deli-

102 4921 302 4996 beratione
332 4936 488 5004 matura,
519 4919 555 4993 in
583 4919 715 4996 melius
743 4903 916 4997 duximrls
944 4924 1241 5015 commutandas.
1271 4922 1357 4997 Illas
1380 4924 1493 5022 igitur
1520 4949 1609 4998 con·

102 5047 326 5120 stitutiones
362 5061 402 5118 et
440 5043 708 5134 ordinationes,
749 5064 791 5120 ut
826 5049 1076 5146 praemittitur
1122 5047 1341 5146 publicatas,
1383 5049 1607 5122 auctoritate

102 5169 363 5268 praesentium
391 5171 546 5266 perinde
570 5169 699 5245 haberi
727 5172 907 5260 volentes,
937 5174 1032 5247 acsi
1056 5173 1245 5246 ineadem
1273 5173 1461 5246 audientia
1488 5173 1608 5246 lectae

101 5311 140 5370 et
167 5293 386 5395 publicatae
411 5293 560 5368 minime
588 5295 810 5383 extitissent,
839 5314 879 5371 et
905 5321 929 5369 a
957 5297 1077 5371 Nobis
1114 5297 1325 5370 nullatenus
1353 5314 1604 5373 emanassent.

181 5421 200 5518 ᾖ
231 5443 267 5495 2.
289 5415 551 5514 infrascriptas
578 5419 865 5494 constitutiones
892 5437 932 5494 et
959 5419 1213 5494 ordinationes
1240 5436 1389 5494 nostras
1415 5421 1452 5493 in
1474 5420 1606 5494 eadem
