3720 5916
263 349 319 408 348
884 347 1021 406 Saeculo
1040 346 1071 406 X
1081 347 1146 406 VII

262 542 345 628 buS,
361 557 399 614 et
427 565 686 637 quoscumque
715 540 934 616 Creditores
953 555 993 614 et
1013 538 1106 614 alias
1125 541 1480 638 quomodocumque
1499 539 1756 638 privilegiatos

262 666 375 739 etiam
404 665 622 740 Creditores
651 668 763 740 etiam
786 667 932 763 priores
951 681 991 739 et
1008 667 1188 761 potiores,
1210 664 1241 738 si
1261 665 1325 760 qui
1344 666 1417 738 sint
1434 664 1494 738 vel
1514 665 1658 750 luerint,
1681 680 1756 738 tam

262 791 391 887 vigore
418 789 689 888 obligationum
717 791 753 864 in
782 791 899 865 sorma
933 790 1119 865 Camerae
1155 816 1268 888 quam
1303 815 1373 886 per
1408 790 1684 888 guarantigiam
1721 806 1761 862 et
1855 805 1856 838 ¹

261 915 333 989 alia
360 917 431 990 sub
458 915 591 1011 quavis
618 914 738 989 forma
763 916 875 989 etiam
908 916 1008 989 dotis
1039 932 1080 989 et
1106 915 1366 989 alimentorum
1396 941 1511 1012 super
1530 915 1639 988 dictis
1667 915 1759 987 scri·

261 1039 382 1134 pturis
418 1041 616 1138 generales
643 1041 703 1114 vel
731 1039 912 1137 speciales
940 1042 1073 1114 tacitas
1101 1038 1160 1113 vel
1188 1065 1389 1136 expressas
1418 1039 1669 1138 obligationes
1697 1039 1757 1112 vel

261 1164 491 1261 hypothecas
510 1166 693 1240 habentes
712 1189 788 1239 non
807 1191 922 1260 posse
950 1190 1066 1262 super
1093 1167 1203 1240 dictis
1230 1167 1425 1262 scripturis
1444 1168 1566 1240 necin
1588 1165 1760 1262 proprie-

262 1305 340 1368 tate
360 1315 428 1364 nec
456 1291 492 1363 in
511 1291 692 1365 fructibus
719 1292 873 1364 easdem
902 1291 1150 1388 obligationes
1177 1306 1217 1365 et
1244 1291 1475 1387 hypothecas
1493 1315 1672 1365 exercere
1691 1315 1759 1363 nec

261 1415 445 1488 actionem
465 1440 530 1489 seu
559 1415 732 1488 iudicium
760 1414 913 1512 aliquod
939 1416 1138 1504 intentarc;
1169 1417 1236 1490 sed
1265 1415 1444 1513 praelatis
1471 1416 1646 1490 omnibus
1675 1439 1760 1511 spe·

260 1538 401 1613 cialiter
435 1557 473 1614 et
500 1565 681 1636 expresse
708 1539 937 1638 derogamus
965 1556 1004 1614 et
1031 1540 1258 1614 sufficienter
1285 1541 1509 1639 derogatum
1538 1566 1625 1615 esse
1653 1538 1760 1615 volu-

262 1690 346 1738 mus
366 1683 469 1738 motu
489 1681 529 1739 et
551 1681 742 1762 potestate
770 1665 961 1751 similibus,
983 1682 1022 1739 et
1048 1666 1217 1762 praelata
1245 1667 1370 1740 omnia
1388 1691 1503 1740 onera
1520 1666 1758 1763 hypothecae

261 1801 302 1860 et
334 1784 582 1884 obligationes
610 1789 646 1861 in
675 1789 848 1884 pretium,
882 1789 977 1862 sicut
1009 1788 1220 1884 praefertur
1247 1790 1512 1886 deponendum
1540 1804 1579 1864 et
1607 1815 1758 1863 succes-

263 1913 340 1988 sive
360 1930 531 2008 utsupra
548 1915 833 1998 investiendum,
863 1930 903 1986 et
929 1914 1231 1988 investimeutum
1260 1939 1307 2015 ex
1334 1940 1381 1988 eo
1400 1913 1619 2000 laciendum,
1641 1914 1701 1988 vel
1720 1915 1757 1986 in

261 2039 454 2112 cautiones
483 2052 524 2112 ut
552 2062 666 2134 supra
694 2039 903 2134 respective
931 2038 1212 2134 praestandum,
1242 2063 1290 2112 eo
1324 2039 1408 2135 ipso
1435 2037 1643 2113 translatae
1677 2065 1760 2114 cen·

263 2179 415 2236 scantur
429 2179 541 2259 prout
560 2161 816 2236 transierimus
830 2178 869 2236 et
882 2161 1177 2236 transfundimus
1190 2161 1222 2249 ;¹
1244 2178 1284 2236 et
1298 2164 1328 2236 si
1342 2164 1476 2260 aliquis
1491 2189 1539 2237 ex
1558 2164 1667 2237 dictis
1683 2163 1759 2238 Do·

262 2288 371 2361 minis
389 2303 429 2361 et
457 2287 628 2360 Patronis
655 2287 923 2382 scripturarum
942 2287 1103 2360 voluerit
1121 2311 1211 2361 suas
1226 2290 1403 2384 pecunias
1421 2288 1458 2361 in
1472 2290 1608 2362 eodem
1623 2289 1759 2362 Monte

262 2437 330 2508 per
357 2437 426 2486 nos
455 2427 496 2484 ut
523 2435 638 2508 supra
665 2427 803 2496 erecto,
835 2437 901 2486 seu
928 2412 1070 2498 addito,
1100 2435 1305 2495 remanere,
1336 2413 1374 2486 id
1401 2411 1591 2487 declarare
1620 2414 1761 2488 debeat

262 2538 358 2610 intra
385 2537 585 2612 terminum
613 2560 682 2631 per
710 2536 920 2620 Cameram,
942 2563 1009 2610 seu
1038 2536 1328 2612 Thesaurarium
1349 2553 1530 2622 nostrum,
1550 2537 1761 2636 prefingen-

262 2661 372 2737 dum:
401 2686 477 2758 qua
505 2661 757 2736 declaratione
771 2661 878 2746 lacta,
902 2661 1119 2736 Creditores
1138 2661 1216 2736 fieri
1235 2663 1398 2736 debeant
1416 2663 1451 2736 in
1471 2662 1605 2737 eodem
1626 2664 1759 2738 Monte

262 2811 333 2882 pro
361 2801 420 2860 tot
443 2786 534 2860 locis
562 2803 657 2880 quot
684 2812 831 2860 summa
858 2813 988 2861 eorum
1023 2787 1153 2860 crediti
1189 2812 1324 2884 capere
1361 2791 1525 2886 potuerit
1559 2789 1608 2862 ad
1643 2790 1760 2864 ratio-

264 2937 347 2986 nem
377 2912 484 3008 pretii
521 2913 705 2985 currentis
737 2912 826 2986 dicti
863 2912 1004 2986 Montis
1032 2928 1072 2985 et
1099 2913 1197 2986 dicta
1225 2912 1307 2986 loca
1335 2913 1521 2987 Montium
1561 2930 1629 2988 aut
1656 2916 1757 2988 bona

262 3063 310 3110 ex
351 3034 459 3110 dictis
495 3036 661 3132 pecuniis
696 3036 857 3110 emenda
893 3053 932 3111 et
966 3037 1193 3133 acquirenda
1229 3037 1373 3111 eisdem
1410 3039 1604 3134 scripturis
1646 3056 1687 3113 et
1723 3041 1760 3113 in

262 3187 392 3235 earum
420 3161 542 3236 locum
570 3177 610 3234 et
637 3161 673 3233 in
700 3162 872 3236 omnibus
900 3175 938 3235 et
965 3187 1034 3258 per
1061 3163 1186 3236 omnia
1213 3165 1468 3262 subrogentur
1484 3179 1524 3237 et
1550 3166 1761 3262 subrogata
1855 3139 1856 3218 s

262 3303 301 3360 et
329 3288 531 3361 substituta
559 3287 642 3371 sint,
673 3303 712 3360 et
739 3311 826 3360 esse
854 3303 1078 3362 censeantur
1105 3303 1145 3361 et
1163 3288 1234 3362 hoc
1253 3289 1289 3360 in
1316 3289 1400 3385 ipso
1428 3304 1621 3362 contractu
1641 3291 1763 3386 expri·
1855 3325 1856 3330 ,

262 3426 384 3484 matur
411 3427 451 3485 et
477 3408 726 3485 declaretur.²
757 3411 984 3484 Mandantes
1002 3413 1147 3486 dilectis
1166 3410 1248 3486 filiis
1268 3411 1494 3499 Camerario,
1512 3412 1764 3488 Vim-Came·
1855 3501 1856 3512 χ

262 3535 369 3621 ratio,
387 3534 649 3620 Thesaurario,
672 3535 828 3609 Decano
843 3535 1046 3610 etClericis
1067 3535 1251 3610 Camerae
1269 3537 1526 3633 Apostolicae,
1543 3554 1585 3609 ut
1602 3539 1760 3612 easdem
1855 3573 1856 3616 l

261 3673 482 3754 praesentes
510 3659 545 3731 in
572 3659 706 3734 eadem
736 3659 900 3733 Camera
926 3662 1127 3734 admittant
1152 3676 1193 3734 et
1220 3663 1254 3733 in
1284 3659 1406 3734 Libris
1447 3661 1563 3756 ipsius
1599 3660 1762 3737 describi

262 3799 302 3856 et
329 3783 520 3880 registrari
547 3783 693 3870 saciant,
714 3783 872 3880 illasque
891 3784 928 3856 in
946 3785 1120 3860 omnibus
1139 3786 1341 3859 observent
1367 3799 1407 3858 et
1434 3785 1626 3859 observari
1656 3810 1762 3859 man·
1855 3785 1856 3806 ³

263 3908 373 3992 dent;
404 3930 527 4003 neque
554 3910 709 3983 eosdem
739 3909 880 3982 Montis
901 3907 1119 3983 Creditores
1138 3909 1188 3982 ad
1206 3911 1442 4004 probandum
1462 3909 1521 3982 vel
1548 3909 1761 3984 docendum
1855 3923 1856 3932 ’

263 4033 300 4104 in
327 4031 462 4106 iudicio
490 4047 529 4105 et
568 4048 686 4120 extra,
729 4034 906 4130 pecunias
943 4032 980 4105 in
1021 4034 1104 4131 ipso
1142 4033 1274 4108 Monte
1302 4050 1491 4132 erogatas,
1522 4051 1587 4109 aut
1615 4035 1760 4110 illarum

264 4173 409 4254 partem
437 4157 472 4230 in
502 4157 774 4233 restitutionem
803 4158 912 4255 pretii
945 4159 1214 4255 scripturarum
1246 4174 1286 4233 et
1332 4159 1546 4255 portionum
1577 4161 1762 4236 hactenus

265 4284 378 4358 modo
403 4275 627 4368 vacantium,¹
656 4283 704 4358 de
732 4285 832 4358 iusto
859 4285 992 4380 pretio,
1022 4284 1082 4357 vel
1109 4285 1158 4358 ad
1187 4283 1397 4358 docendum
1426 4308 1493 4358 seu
1521 4286 1758 4381 probandum

348 4526 356 4560 1
376 4524 507 4584 Domini
519 4525 755 4599 scripturarum
773 4531 906 4599 possunt
924 4539 1095 4583 remanere
1113 4525 1147 4583 in
1166 4524 1274 4583 Monte
1286 4533 1393 4584 erecto
1406 4526 1459 4582 vel
1476 4524 1586 4584 addito
1603 4525 1761 4586 intrater·

263 4616 389 4674 minum
408 4630 465 4688 per
483 4613 739 4673 Thesaurarium
757 4614 966 4690 praefigendo
984 4629 1043 4687 pro
1061 4629 1189 4672 summa
1207 4629 1321 4672 eorum
1339 4613 1453 4672 crediti
1471 4621 1503 4672 et
1528 4613 1569 4671 ad
1597 4614 1756 4674 rationem

262 4703 357 4777 pretii
375 4705 535 4762 currentis
553 4719 627 4762 cum
646 4703 861 4761 declaratione
879 4703 964 4776 quod
982 4703 1047 4760 sint
1064 4702 1240 4776 subrogata
1258 4703 1291 4760 in
1310 4703 1416 4761 locum
1434 4705 1673 4776 scripturarum
1691 4706 1757 4762 loca

265 4793 422 4852 montium
440 4793 589 4852 emenda.

346 4881 357 4917 ²
375 4881 508 4941 Mandat
525 4882 723 4954 Camerario,
741 4881 822 4941 Vice
839 4880 1038 4952 Camerario,
1055 4880 1283 4955 Thesaurario,
1302 4881 1441 4956 Decanq
1454 4889 1486 4940 et
1497 4880 1633 4940 Clericis
1645 4883 1760 4944 Came-

262 4987 320 5030 rae
338 4971 543 5045 Apostolicae
561 4971 645 5045 quod
664 4979 850 5045 praesentes
868 4971 902 5030 in
920 4969 1059 5030 Camera
1078 4971 1258 5041 admittant,
1271 4977 1302 5029 et
1320 4971 1355 5029 in
1372 4971 1442 5031 eius
1454 4969 1563 5032 Libris
1575 4971 1759 5032 describant

262 5069 293 5120 et
311 5061 485 5120 observent
502 5067 558 5120 aut
575 5060 743 5120 observari
762 5060 916 5120 mandent
934 5067 966 5118 et
983 5059 1068 5134 quod
1087 5059 1205 5120 Montis
1217 5061 1403 5120 Creditores
1415 5075 1480 5120 non
1498 5067 1672 5120 teneantur
1689 5077 1760 5136 pro-

263 5151 342 5209 bare
358 5166 475 5209 earum
492 5151 644 5224 pecunias
662 5149 697 5208 in
715 5149 800 5208 dicto
817 5149 925 5208 Monte
943 5157 1094 5225 erogatas
1106 5149 1171 5208 sint
1182 5165 1360 5208 conversae
1378 5150 1412 5208 in
1430 5150 1669 5210 restitutionem
1687 5150 1759 5210 scri·

263 5249 434 5314 pturarum
451 5245 484 5297 et
501 5246 690 5313 praesentes
707 5239 775 5297 vim
793 5238 893 5297 validi
905 5246 1087 5298 contractus
1098 5239 1183 5297 inter
1196 5237 1328 5312 Papam,
1345 5235 1531 5298 Creditores
1542 5237 1619 5298 dicti
1637 5238 1754 5298 Montis

264 5338 296 5387 et
312 5328 462 5388 Notarios
479 5329 659 5402 respective
677 5335 824 5401 respectu
841 5327 944 5387 dictae
962 5328 1178 5387 concessionis
1196 5343 1270 5386 cum
1282 5329 1427 5388 clausula
1437 5327 1569 5387 sublata
1582 5336 1614 5386 et
1631 5329 1756 5388 decreto

263 5419 413 5490 irritanti,
431 5425 498 5491 etc,
516 5433 582 5476 non
600 5418 811 5491 obstantibus,
829 5424 887 5476 etc.
