3688 5924
255 789 536 926 cuuuu
572 794 732 924 ttttt
765 798 824 926 [l
855 796 1206 930 tustutut
1239 802 1389 931 Stllss

131 1045 437 1150 ruumuus
464 1049 760 1153 crustum
786 1051 940 1154 sicu
968 1051 1183 1153 ritum
1211 1054 1522 1159 Arosmnu

785 1264 852 1318 SEU

423 1433 649 1542 SACRA
683 1435 997 1544 ROMANA
1030 1438 1221 1547 ROTA

725 1665 926 1676 ...ι-

573 1905 1077 2014 DOCUMENTA

803 2311 966 2388 l..

72 2505 293 2580 Alexandra
310 2503 390 2580 ἸΙΙ
401 2503 550 2578 Summa
568 2504 745 2600 Pauufica
763 2501 799 2608 (1
815 2528 925 2602 159-1
941 2507 1040 2604 181),
1061 2508 1100 2581 in
1127 2507 1273 2583 iudiciis
1299 2534 1423 2582 caram
1450 2511 1567 2608 ipuus

139 2629 275 2728 Papae
295 2642 460 2728 persona
487 2631 688 2704 auctoritas
724 2630 813 2705 iuris
850 2633 1056 2706 communis
1092 2632 1232 2706 utiliter
1268 2660 1292 2707 a
1318 2634 1566 2731 lia'gatoraus

138 2755 397 2831 invocabatur.

128 2924 280 2996 (Inserta
307 2925 434 2984 Bullae
458 2926 647 2986 Innocenu'i
661 2927 725 2994 ΙΙΙ,
743 2927 833 2986 1208
858 2925 942 2986 iulii
958 2929 1009 2988 21.
1036 2960 1055 2972 -
1073 2929 1154 2988 Res.
1174 2929 1267 3002 Van,
1285 2931 1358 2989 7A.
1373 2931 1433 3002 fol.
1444 2930 1570 3002 LXIII,

68 3030 112 3071 cu.
131 3013 190 3086 XI,
206 3023 286 3090 cap.
304 3015 370 3074 126
378 3034 389 3080 .·
412 3015 584 3089 Bacurius,
616 3015 871 3090 «Epistularum
894 3018 1083 3078 Innocentii
1098 3019 1162 3092 III,
1185 3025 1253 3092 etc,
1275 3019 1436 3094 Parisiis,
1451 3020 1565 3080 1682·

71 3105 122 3162 tol.
140 3104 186 3177 II,
211 3104 316 3179 epist.
335 3104 456 3172 126,·1.
475 3121 505 3163 v.
525 3103 861 3179 Priuer-Hammo,
886 3107 992 3166 «Acta
1015 3107 1224 3181 Pontificum
1248 3109 1481 3168 Romanorum
1503 3109 1571 3168 ine·

67 3191 135 3250 dito.
154 3193 214 3253 III
230 3191 660 3267 Edit.,Stuttgart,1886»
682 3203 759 3268 pag.
779 3195 860 3262 228,
882 3213 915 3254 n.
933 3195 1023 3264 226).

1138 3389 1216 3463 1171,
1234 3390 1303 3448 iulii
1324 3391 1365 3460 19,
1384 3389 1568 3450 Tusculani.

137 3626 439 3647 ........
462 3571 684 3645 Alexander
712 3571 922 3671 Epzscopus,
944 3597 1071 3646 servus
1088 3599 1278 3646 servarum
1307 3573 1393 3660 Dei,
1414 3599 1565 3648 venera-

67 3694 120 3766 lili
142 3695 277 3781 fratri
301 3695 446 3789 Alfana
475 3694 649 3792 Capuauo
676 3695 956 3795 Archuptscapo
978 3698 1131 3770 salutum
1157 3707 1193 3771 at
1209 3697 1442 3797 apostolicam
1468 3699 1563 3773 bene-
1639 3781 1641 3786 ,

65 3817 261 3894 dicacium.
295 3819 419 3894 Officii
447 3820 563 3894 nostri
592 3821 720 3895 debito
749 3836 788 3895 et
810 3822 1035 3896 auctoritate
1062 3821 1320 3918 compellimur
1347 3839 1389 3895 ut
1416 3841 1565 3898 contro·

66 3948 195 4018 versias
216 3970 299 4042 que
327 3944 377 4018 ad
404 3945 610 4040 apostolice
639 3947 740 4019 sedis
769 3945 1007 4041 perieruntur
1034 3971 1192 4021 examen
1221 3961 1354 4022 exacta
1375 3947 1566 4046 diligentia

65 4087 95 4141 et
129 4071 264 4145 studio
305 4068 512 4143 debeamus
545 4070 694 4156 audire;
732 4089 772 4144 et
805 4097 880 4168 que
924 4071 1025 4167 apud
1067 4097 1151 4144 eam
1189 4072 1316 4146 decisa
1352 4072 1488 4147 fuerint
1526 4090 1566 4146 et

66 4193 125 4269 line
141 4219 324 4292 congruo
352 4195 559 4281 terminata,
587 4220 633 4268 ne
661 4195 696 4267 in
726 4197 941 4292 scrupulum
971 4196 1131 4270 recidive
1150 4197 1397 4270 contentionis
1416 4195 1566 4272 valeant

66 4320 249 4404 devenire,
283 4317 500 4415 apostolicis
528 4320 677 4416 scriptis
706 4321 881 4394 convenit
906 4322 1089 4395 adnotari.
1119 4322 1180 4394 Ad
1209 4322 1280 4395 hoc
1309 4321 1406 4395 enim
1436 4319 1566 4396 Eccle-

64 4445 194 4518 siamm
223 4445 395 4519 omnium
432 4460 590 4518 matrem
626 4459 742 4541 atque
780 4447 1000 4543 magistram
1038 4463 1316 4520 sacrosanctam
1355 4446 1564 4520 Romanam

65 4567 268 4644 Ecclesiam
298 4568 535 4665 providentia
561 4569 685 4643 divina
713 4569 914 4657 constituit,
945 4586 987 4643 ut
1015 4569 1207 4667 implicitas
1235 4588 1275 4645 et
1302 4595 1441 4668 graves
1473 4595 1565 4667 que-

65 4695 198 4769 stiones
238 4694 429 4791 explicare
455 4694 603 4781 debeat,
633 4711 673 4769 et
700 4721 774 4790 que
803 4695 996 4770 dubietate
1030 4696 1154 4791 aliqua
1192 4697 1416 4782 detinentur,
1444 4697 1565 4770 iudicii

65 4822 110 4892 sui
141 4821 333 4906 examine,
366 4836 515 4894 servato
553 4821 676 4918 rigore
712 4820 863 4906 iustitie,
894 4819 1061 4894 diffinire.
1094 4821 1190 4894 Cum
1226 4837 1265 4894 tu
1304 4820 1489 4916 siquidem
1526 4837 1566 4895 et

64 4942 187 5020 dilecta
219 4946 258 5018 in
289 4943 442 5018 Christo
460 4944 533 5018 filia
561 4961 689 5019 nostra
718 4943 837 5018 Math.
859 4945 1065 5019 Abbatissa
1094 4962 1221 5019 sancte
1242 4945 1360 5020 Marie
1381 4945 1563 5041 Capuane

65 5093 123 5160 pro
141 5095 263 5144 causa
283 5094 358 5167 que
385 5071 482 5143 inter
511 5085 548 5143 te
566 5085 606 5144 et
625 5077 708 5144 eam
737 5072 956 5144 vertebatur
984 5095 1097 5168 super
1126 5070 1355 5145 subiectione
1383 5095 1496 5168 quam
1525 5072 1560 5144 in

64 5197 190 5268 eodem
228 5195 460 5270 monasterio
488 5195 718 5292 requirebas,
752 5211 792 5269 et
826 5193 998 5269 libertate
1034 5196 1173 5292 pariter
1208 5195 1244 5267 in
1281 5221 1395 5291 quam
1427 5195 1560 5270 eadem

64 5318 268 5394 Abbatissa
298 5320 565 5418 proclamabat,
586 5322 622 5394 in
650 5336 780 5394 nostra
799 5321 935 5394 essetis
955 5321 1143 5418 presentia
1162 5321 1366 5408 constituti,
1388 5321 1562 5394 iamdicta

64 5443 266 5518 Abbatissa
300 5444 496 5543 privilegia
530 5446 738 5541 Principum
770 5461 809 5518 et
837 5446 947 5518 trium
983 5445 1296 5540 predecessorum
1334 5462 1557 5534 nostrorum,
