3708 5918
245 262 298 324 112
879 257 1018 318 Soeculo
1036 257 1066 318 X
1076 257 1103 318 V

240 450 376 550 publici
417 453 670 549 procuratoris
716 452 752 524 in
798 451 898 526 dicta
940 449 1053 524 Curia
1094 451 1343 547 praecipimus
1384 450 1433 526 de
1473 467 1625 527 caetero
1666 477 1736 526 non

240 577 393 652 assumi.

321 705 340 800 ξ
374 723 431 796 17.
462 701 636 776 iubemus
668 700 781 774 etiam
813 699 957 773 eisdem
994 699 1311 796 procuratoribus,
1342 715 1382 772 et
1418 699 1571 775 notariis
1612 725 1738 774 causa·

243 852 325 899 rum
355 826 443 899 dicti
472 826 612 913 Palatii,
632 841 672 900 et
698 824 780 900 aliis
807 823 948 899 clericis
975 825 1012 898 in
1040 825 1140 898 dicta
1160 823 1275 900 Curia
1292 839 1379 900 actu
1408 851 1478 900 sua
1496 824 1618 900 officia
1636 849 1740 899 exer-

242 951 428 1038 centibus,
458 977 505 1024 ne
533 950 760 1026 concubinas
788 948 952 1058 publice
971 964 1134 1024 teneant.
1173 949 1414 1035 Mandant'ea
1452 949 1555 1047 quod
1593 973 1659 1024 eas
1695 951 1743 1022 de

244 1074 435 1172 praesenti
462 1074 609 1173 publice
636 1091 811 1150 tenentes
839 1073 933 1148 infra
960 1096 1128 1148 mensem
1156 1098 1180 1146 a
1206 1074 1267 1148 die
1299 1073 1559 1171 publicationis
1597 1075 1743 1172 praedi-

241 1214 327 1274 ctae
340 1200 526 1275 dimittere
543 1215 752 1274 teneantur.
773 1198 951 1295 Alioquin
966 1197 1192 1272 sententiam
1211 1198 1604 1273 excommunicationis
1623 1199 1743 1273 incur-

245 1341 329 1426 rant
355 1341 395 1398 et
423 1326 501 1399 suis
528 1325 658 1403 officiis
687 1325 762 1397 sint
789 1324 936 1420 privati.

323 1452 343 1546 ᾖ
376 1453 433 1524 18.
466 1451 692 1534 Honestum,
722 1462 930 1545 praeterea,
959 1462 1095 1546 gerant
1122 1447 1299 1534 habitum,
1321 1465 1591 1546 congruentem
1610 1447 1745 1522 clerico

243 1573 436 1658 soeculari,
458 1599 527 1648 nec
540 1565 724 1650 'tabernas
742 1573 997 1669 frequentent,
1009 1587 1047 1646 et
1067 1571 1099 1645 si
1117 1573 1342 1648 contrarium
1362 1573 1526 1659 iecerint,
1546 1575 1595 1648 ab
1613 1597 1744 1648 eorum

241 1699 373 1774 officiis
401 1724 468 1794 per
497 1699 619 1795 ipsum
639 1696 993 1773 Vicecancellarium
1020 1697 1070 1772 ad
1091 1711 1253 1794 tempus,
1284 1697 1331 1772 de
1359 1723 1437 1795 quo
1456 1699 1525 1772 sibi
1548 1697 1745 1783 videbitur,

243 1825 536 1922 suspendantur

325 1950 344 2044 ξ
364 1971 421 2039 19.
438 1947 489 2022 Et
507 1949 684 2045 quoniam
698 1949 783 2022 lites
799 1973 915 2044 super
930 1947 1125 2045 quibusvis
1139 1947 1264 2021 causis
1282 1911 1570 2033 beneficialibus,
1586 1947 1748 2044 propha-

245 2075 311 2158 nis,
328 2087 368 2148 et
384 2072 477 2160 aliis,
494 2096 594 2168 quae
612 2098 682 2170 pro
697 2089 869 2170 tempore
889 2095 958 2170 per
982 2095 1240 2169 quascumque
1259 2095 1443 2168 personas
1461 2071 1746 2154 ecclesiasticas,

246 2197 306 2272 vel
323 2197 538 2272 soeculares
565 2197 602 2270 in
626 2197 798 2273 Romana
819 2195 933 2272 Curia
952 2222 1000 2270 ex
1018 2196 1226 2294 apostolica
1254 2196 1517 2280 commissione
1535 2211 1746 2282 moventur,

244 2338 361 2419 atque
388 2334 607 2407 tractantur,
637 2320 863 2396 intendimus
881 2317 962 2394 fieri
981 2321 1185 2408 breviores,
1207 2335 1247 2396 et
1266 2336 1308 2394 ut
1330 2319 1521 2420 litigantes
1547 2319 1597 2396 ad
1624 2321 1747 2418 ipsam

246 2447 398 2526 Curiam
417 2471 489 2543 pro
515 2447 735 2522 defensione
762 2470 917 2520 suorum
946 2445 1076 2521 iurium
1101 2445 1304 2530 venientes,
1325 2463 1365 2520 et
1383 2445 1595 2522 huiusmodi
1612 2471 1750 2522 causas

245 2586 533 2670 prosequentes,
563 2547 774 2646 releventur
800 2595 823 2644 a
850 2569 1043 2646 laboribus
1070 2586 1111 2646 et
1136 2571 1324 2668 expensis,
1347 2572 1545 2646 statuimus
1568 2587 1607 2646 et
1633 2570 1749 2646 etiam
1775 2589 1779 2596 ·

199 2745 210 2768 .
243 2695 473 2783 ordinamus,
504 2697 607 2793 quod
636 2695 671 2769 in
691 2695 826 2782 causis,
847 2695 885 2769 in
904 2694 1041 2791 quibus
1068 2695 1116 2768 de
1136 2695 1225 2783 iure,
1246 2696 1305 2770 vel
1323 2695 1415 2770 alias
1434 2720 1503 2792 per
1526 2696 1749 2793 rescriptum

247 2821 326 2895 sive
345 2845 413 2917 per
439 2821 753 2903 commissionem.
783 2819 1001 2917 proceditur
1028 2819 1241 2907 summarie,
1262 2820 1478 2917 simpliciter
1498 2835 1538 2894 et
1556 2821 1604 2895 de
1622 2819 1749 2917 plano,

247 2947 329 3020 sine
348 2945 507 3044 strepitu
526 2960 566 3022 et
585 2945 705 3045 figura
718 2946 856 3045 judicii,
879 2945 964 3020 talis
983 2944 1078 3020 ordo
1097 2959 1279 3032 servetur,
1300 2944 1492 3022 videlicet:
1509 2943 1623 3038 Quod
1648 2947 1752 3020 iuris·

246 3071 409 3146 dictione
428 3071 465 3146 in
483 3072 605 3168 prima
621 3071 797 3146 instantia
815 3094 952 3145 causae
980 3069 1205 3167 principalis,
1226 3070 1407 3146 terminus
1433 3071 1484 3145 ad
1510 3068 1750 3146 libellandum

246 3211 419 3270 servetur
437 3195 486 3270 ad
504 3197 676 3292 primam.
692 3196 755 3269 Ad
773 3194 969 3270 iurandum
988 3194 1036 3270 de
1056 3195 1252 3282 calumnia,
1271 3195 1321 3270 ad
1339 3194 1509 3292 primam.
1530 3195 1593 3270 Ad
1610 3219 1751 3292 ponen-

247 3319 340 3395 dum
362 3335 401 3394 et
428 3319 710 3406 articulandum,
732 3319 782 3394 ad
808 3320 1082 3396 duodecimam.
1104 3320 1167 3393 Ad
1195 3319 1393 3395 dicendum
1412 3335 1543 3396 contra
1561 3319 1749 3405 articulos,

246 3444 297 3518 ad
326 3446 542 3521 secundam.
572 3443 635 3520 Ad
663 3445 947 3541 producendum
976 3445 1109 3530 omnia,
1139 3444 1189 3519 ad
1217 3446 1430 3520 secundam.
1460 3446 1524 3521 Ad
1552 3445 1752 3520 dicendum

246 3586 379 3644 contra
396 3570 591 3666 producta,
611 3569 661 3644 ad
680 3567 893 3645 secundam.
910 3569 974 3644 Ad
993 3568 1273 3658 declarandum,
1293 3570 1343 3644 ad
1362 3569 1531 3666 primam.
1548 3570 1612 3645 Ad
1629 3568 1752 3644 dicen·

251 3696 340 3769 dum
369 3711 511 3779 contra,
541 3696 591 3768 ad
618 3693 788 3791 primam.

329 3821 348 3916 ᾗ
370 3843 433 3896 20.
462 3819 503 3890 ln
522 3817 689 3892 secunda
715 3841 807 3892 vero
835 3817 1011 3892 instantia
1039 3817 1222 3892 terminus
1250 3817 1299 3892 ad
1326 3817 1575 3902 libellandum,
1605 3815 1655 3892 ad
1682 3817 1754 3915 pri·

248 3967 360 4020 mam.
392 3943 455 4018 Ad
482 3942 689 4023 iurandum.
719 3943 768 4016 ad
796 3942 967 4038 primam.
997 3943 1060 4016 Ad
1087 3940 1368 4031 articulandum,
1398 3944 1447 4017 ad
1475 3957 1659 4018 octavam.
1690 3941 1752 4016 Ad

248 4066 450 4142 dicendum
481 4083 624 4158 contra,
654 4068 702 4142 ad
730 4068 900 4164 primam.
932 4068 1002 4153 Ad,
1023 4069 1307 4165 producendum
1335 4068 1471 4155 omnia,
1498 4068 1548 4144 ad
1580 4067 1749 4165 primam.

251 4191 314 4265 Ad
344 4192 543 4266 dicendum
572 4208 712 4280 contra,
742 4193 792 4266 ad
820 4193 991 4290 primam.
1010 4193 1075 4268 Ad
1093 4193 1373 4282 declarandum,
1392 4194 1442 4269 ad
1469 4193 1628 4291 primam
1655 4193 1749 4269 dies.

331 4320 350 4414 5
380 4341 441 4390 21.
471 4317 511 4390 In
540 4319 651 4392 tertia
678 4335 805 4394 autem
837 4319 1013 4393 instantia
1041 4334 1240 4392 serventur
1267 4318 1406 4394 similes
1434 4317 1592 4406 termini,
1621 4319 1687 4415 qui
1716 4318 1750 4392 in

249 4443 418 4516 secunda
445 4457 644 4516 servantur
671 4443 846 4518 instantia
864 4444 915 4518 ad
941 4443 1111 4538 primam,
1140 4460 1293 4540 praeter
1320 4443 1519 4518 terminum
1538 4442 1589 4518 ad
1614 4443 1752 4518 articu-
1836 4437 1837 4468 ¹

250 4565 414 4653 landum,
445 4564 510 4662 qui
538 4581 712 4641 servatur
737 4567 787 4642 ad
815 4583 960 4642 sextam
988 4567 1080 4643 dies.

331 4691 350 4786 ἓ
381 4714 441 4767 22.
472 4688 625 4776 Verum,
650 4717 735 4765 cum
764 4691 909 4766 termini
928 4691 977 4764 ad
995 4687 1277 4780 articulandum,
1299 4691 1495 4767 dicendum
1514 4709 1645 4768 contra
1663 4691 1751 4766 arti·

250 4814 366 4900 culos,
387 4815 437 4890 ad
457 4814 740 4912 producendum
759 4817 894 4899 omnia,
924 4830 965 4892 et
991 4816 1189 4891 dicendum
1218 4831 1349 4891 contra
1376 4817 1571 4914 producta,
1592 4818 1641 4892 de
1667 4819 1753 4892 sub·

249 4941 390 5014 stantia
418 4939 537 5014 iudicii
565 4955 789 5016 censeantur
815 4941 990 5028 existere,
1011 4942 1209 5016 statuimus
1237 4956 1353 5039 atque
1379 4943 1625 5029 decernimus,
1650 4940 1753 5038 quod

252 5064 419 5192 ipsqrum
437 5064 592 5139 alicuius
611 5064 765 5140 omissio
784 5064 918 5141 reddat
936 5089 984 5139 eo
1003 5067 1086 5162 ipso
1105 5089 1306 5163 processus
1325 5065 1466 5156 nullos;
1459 5066 1645 5142 ·aliorum
1663 5089 1753 5142 vero

254 5143 495 5265 terririnorum
522 5188 677 5264 alicuius
705 5190 870 5274 omissio,
900 5190 990 5264 dum
1019 5207 1144 5266 tamen
1173 5189 1356 5266 malitiose
1376 5216 1451 5266 nou
1479 5191 1544 5266 fiat
1570 5193 1640 5267 sed
1664 5215 1752 5265 casu
1835 5171 1836 5270 l

250 5311 390 5410 aliquo,
420 5339 497 5411 quo
525 5313 779 5413 contingente,
810 5339 1029 5412 processum
1059 5339 1132 5390 non
1161 5315 1276 5390 vitiet.
