3684 5920
284 359 339 418 612
896 357 1034 417 soeculo
1051 357 1083 418 X
1092 357 1175 416 VIII

364 552 518 651 Agebat
545 552 644 626 vitae
673 535 764 626 suae
791 576 932 626 annum
967 553 1387 650 septuagintaquinque,
1429 555 1524 628 sacri
1563 554 1680 626 huius
1713 554 1781 626 Tri·

284 677 429 750 bunalis
457 675 748 774 vigintiseptem,
779 677 999 750 Decanatus
1027 678 1297 771 quatordecim,
1317 703 1361 751 ac
1380 679 1572 752 caecitatis
1590 678 1780 752 oculorum

284 800 426 876 decem.
459 803 504 874 R.
536 801 571 876 P.
604 799 847 884 Riminaldus,
878 803 942 896 qui
971 805 1117 875 eratin
1147 801 1289 874 Ordine
1318 802 1519 889 secundus,
1547 801 1780 900 Dignitatem

287 927 516 1000 Decanalem
554 925 678 998 statim
716 929 935 1021 assumpsit.
977 925 1062 1000 Hoc
1100 951 1210 999 mane
1237 926 1448 1000 celebratae
1486 941 1575 999 sunt
1604 928 1782 1021 exequiae

284 1052 453 1124 eiusdem
493 1051 577 1122 Rriri
620 1050 657 1125 P.
702 1051 816 1124 Ratta
862 1053 1005 1124 Decani
1047 1051 1209 1125 defuncti
1246 1051 1283 1123 in
1324 1049 1421 1124 illius
1463 1050 1639 1124 Ecclesia
1682 1075 1781 1148 paro

285 1174 464 1251 chiali.....
497 1175 769 1271 intervenitque
798 1177 955 1250 etiam...
988 1175 1091 1249 Sacri
1120 1175 1247 1248 Palatii
1276 1174 1487 1272 Apostolici
1525 1175 1720 1273 Magister
1728 1235 1779 1250 .....

286 1300 496 1396 Completis
523 1301 701 1395 exequiis,
726 1301 819 1372 Rti'rs
840 1300 878 1372 P.
900 1300 1134 1372 Riminaldus
1154 1325 1273 1374 novus
1294 1300 1470 1373 Decanus
1490 1300 1557 1372 ivit
1575 1300 1628 1372 ad
1655 1300 1779 1373 solium

286 1425 485 1514 Pontificis,
520 1439 561 1497 ut
597 1449 683 1497 eum
721 1423 941 1521 participem
980 1424 1156 1498 redderet
1182 1424 1230 1497 de
1259 1425 1330 1496 iam
1351 1425 1524 1520 *sequuto
1557 1426 1668 1498 obitu
1708 1425 1779 1496 Rriti

287 1551 324 1627 P.
358 1551 402 1624 D.
436 1550 550 1624 Ratta
579 1573 722 1623 necnon
751 1550 799 1622 de
826 1551 908 1623 eius
935 1549 1077 1646 adepto
1105 1547 1227 1623 officio
1257 1549 1447 1626 Decanali.
1463 1609 1525 1625 .....

989 1901 1080 1980 475.

285 2064 383 2135 Rota
420 2063 623 2135 curamentz'
654 2061 809 2134 babetur
844 2087 962 2134 mense
997 2061 1184 2134 novembri
1208 2106 1233 2117 -
1260 2061 1401 2135 absente
1436 2062 1626 2136 Auditare
1666 2065 1781 2138 Stadii

365 2187 518 2266 Decani.
562 2187 853 2260 constitutionem
897 2185 1044 2260 Urbani
1083 2185 1189 2260 VIII
1216 2187 1308 2282 legit
1343 2185 1507 2259 Adz'utar
1540 2187 1677 2262 Stadii
1701 2189 1778 2261 Sub·

364 2313 501 2388 decani.

363 2467 477 2540 (Arcu.
498 2467 584 2539 Ron,
608 2465 795 2525 ‹Drartum
816 2465 991 2524 Camerata
1004 2467 1039 2537 ›).

656 2666 727 2739 Die
757 2667 933 2740 Mercurii
968 2689 1011 2756 ¹9
1043 2666 1268 2772 Novembris
1294 2671 1404 2762 1783.

366 2826 452 2900 Fuit
480 2827 581 2901 Rota
607 2828 813 2912 iuramenti,
845 2829 880 2901 in
916 2852 991 2925 qua
1029 2828 1308 2902 intervenerunt
1346 2831 1440 2903 Rrits
1477 2831 1515 2905 P.
1548 2832 1775 2905 Riminafdus

285 2952 461 3026 Decanus
490 2968 529 3025 et
558 2953 639 3027 RR.
672 2953 738 3027 PP.
770 2952 903 3052 Origo,
933 2953 1075 3037 Azedo,
1107 2952 1330 3028 Lancellotti
1358 2969 1396 3028 et
1433 2955 1551 3028 Resta
1584 2981 1610 3030 a
1649 2958 1776 3053 quibus

284 3093 373 3173 post
399 3079 566 3152 auditum
595 3102 742 3152 sacrum
763 3079 983 3174 praestitum
1003 3095 1063 3152 est
1082 3081 1330 3154 iuramentum
1351 3081 1387 3154 In
1407 3079 1615 3177 Cappella;
1641 3081 1776 3155 Deinde

283 3228 373 3277 vero
401 3203 565 3299 perlecta
594 3204 629 3275 in
658 3201 756 3276 Aula
785 3202 1064 3278 Constitutione
1092 3227 1172 3276 san.
1203 3230 1273 3279 me.
1306 3205 1448 3280 Urbani
1478 3205 1560 3279 VIII
1589 3209 1644 3281 ab
1672 3206 1775 3282 Audi·

284 3341 366 3400 tore
386 3328 419 3400 in
441 3327 581 3400 Studiis
603 3327 647 3400 R.
666 3326 704 3400 P.
723 3327 900 3401 Manuelli
915 3330 949 3400 in
964 3327 1085 3402 locum
1103 3327 1296 3404 Adiutoris
1311 3331 1347 3402 in
1362 3328 1502 3403 Studiis
1517 3330 1605 3403 Ruri
1628 3331 1772 3410 Decani,
1821 3335 1822 3348 ¹

284 3452 402 3526 simile
421 3455 667 3527 iuramentum
687 3453 954 3547 praestiterunt
973 3453 1032 3526 alii
1052 3452 1257 3528 Auditores
1280 3455 1317 3526 in
1337 3453 1477 3528 Studiis
1505 3471 1544 3529 et
1572 3458 1774 3553 respective

286 3576 438 3654 Secreti.

984 3854 1075 3932 476.

287 4017 484 4090 Processus
515 4017 741 4090 Auditorum
775 4015 886 4105 fiebat
919 4041 1042 4089 caram
1078 4015 1239 4104 Decana,
1277 4026 1312 4089 et
1341 4043 1366 4090 a
1398 4021 1495 4092 Rota
1531 4022 1770 4116 comprobatus

366 4141 582 4214 tradebatur
612 4141 825 4215 Cannraria
852 4150 895 4214 ut
918 4141 1024 4214 illum
1050 4142 1105 4214 ad
1129 4143 1349 4216 Arcbiaium
1376 4143 1577 4241 deportarat.

364 4298 470 4371 (Arcen
489 4297 576 4366 Ror,
599 4297 787 4356 «Dzarium
808 4297 984 4357 Camerata
996 4297 1031 4368 »).

763 4499 892 4572 Lunae
926 4523 963 4572 11
1000 4496 1151 4570 ianuarii
1185 4499 1296 4590 1784.

368 4754 412 4828 R.
444 4753 481 4826 P.
513 4750 561 4827 D.
594 4749 775 4823 Malvasia
803 4749 837 4820 in
866 4747 988 4821 locum
1017 4745 1178 4820 defuncti
1206 4748 1275 4821 bo:
1305 4771 1386 4822 me:
1408 4748 1523 4822 Ratta
1544 4749 1687 4822 Decani
1705 4747 1764 4820 ele-

286 4890 368 4948 ctus
405 4901 475 4971 pro
513 4875 673 4948 Ciuitate
711 4873 902 4946 Bononiae
944 4897 1053 4944 suum
1091 4871 1351 4966 probationum
1395 4895 1616 4968 processum
1654 4893 1763 4946 coram

285 5001 466 5075 hodierno
495 5017 625 5072 nostro
654 4999 752 5071 Rriro
782 4998 938 5070 Decano
965 4995 1133 5084 confecit,
1164 4997 1416 5092 eumdemque
1435 4998 1586 5072 omnino
1607 5019 1763 5092 compro

285 5129 413 5200 batum
442 5143 482 5198 et
509 5123 596 5196 mihi
618 5123 795 5197 traditum
815 5123 941 5194 statim
960 5122 1203 5195 deferendum
1224 5123 1349 5195 curavi
1366 5123 1416 5195 ad
1436 5119 1629 5214 Quirinale
1647 5118 1763 5196 Archi·

285 5254 397 5326 vium.
