3720 5916
717 299 909 360 Alexandro
932 299 994 360 VII
1547 302 1603 361 ΜΒ

186 493 269 591 Ego
297 493 470 590 Angelus
500 491 635 568 Celsus
670 491 777 566 retuli
806 517 866 566 me
894 494 1034 569 babere
1070 495 1107 568 in
1141 495 1312 570 manibus
1350 495 1494 570 Bullam
1527 497 1599 572 iarn

110 635 295 694 extensam
323 641 438 714 quam
465 617 567 692 volui
602 618 731 716 legere
764 635 806 692 ut
840 641 973 692 omnes
1010 635 1169 716 possent
1201 621 1413 716 patefacere
1448 647 1599 698 sensum

113 770 214 818 suum
225 801 288 820 .....

810 992 899 1072 292.

110 1137 213 1236 Papa
248 1137 396 1234 quaerit
428 1136 472 1210 ab
510 1135 753 1210 Auditoribus
790 1138 919 1222 Rotae,
947 1137 1104 1211 abstante
1147 1137 1186 1210 T
1179 1137 1253 1224 aab,
1284 1139 1467 1212 Auditure
1496 1139 1601 1214 electo

182 1271 217 1334 et
240 1261 399 1359 quodam
427 1261 545 1334 Patre
572 1262 720 1348 Iesnita,
756 1286 843 1336 num
870 1262 1034 1335 resecari
1051 1271 1200 1359 possent
1223 1271 1275 1336 tot
1298 1265 1542 1339 canemoniae
1569 1276 1604 1340 et

182 1387 403 1460 visitationes
429 1413 522 1484 quae
548 1385 814 1461 adhibebantur
833 1387 872 1460 in
890 1386 1109 1460 admissimte
1135 1389 1222 1461 mvi
1246 1388 1453 1462 Auditoris.
1473 1389 1600 1464 -Con-

182 1513 348 1584 tran'um
373 1524 586 1610 responsum
620 1513 742 1586 Rom.

181 1667 298 1739 (Auen.
316 1665 404 1738 Rom,
426 1665 616 1725 ‹Dt'art'um
636 1665 769 1736 Celsi»).

566 1850 639 1924 Die
668 1851 828 1924 Veneris
853 1876 892 1925 11
919 1851 1008 1925 Maii
1034 1860 1145 1946 1657.

182 2121 222 2193 ln
250 2107 432 2216 principio
457 2121 551 2192 Rms
571 2119 749 2194 Decanus
768 2119 943 2216 exposuit
962 2120 1065 2216 quod
1086 2121 1131 2197 R.
1154 2120 1192 2194 P.
1214 2120 1262 2196 D.
1286 2121 1434 2196 Febeus
1454 2124 1601 2198 nomine

106 2243 322 2319 Sanctitatis
346 2243 445 2320 Suae
463 2243 586 2318 eidem
605 2257 836 2340 exposuerat
854 2245 968 2341 quod,
989 2245 1020 2318 si
1039 2242 1206 2341 placeret
1223 2245 1423 2332 Tribunali,
1445 2246 1603 2323 libenter

104 2367 295 2444 inclinaret
321 2369 425 2467 quod
444 2385 705 2446 resecarentur
723 2383 780 2444 tot
799 2370 1057 2444 caeremoniae
1076 2385 1115 2444 et
1132 2369 1366 2446 visitationes
1386 2395 1483 2468 quae
1501 2374 1602 2448 adhi-

104 2495 236 2568 bentur
264 2495 301 2568 in
329 2493 568 2568 admissione·
587 2493 671 2568 novi
700 2493 897 2570 Auditoris
925 2509 965 2567 et
992 2496 1095 2591 quod
1123 2509 1325 2592 propterea
1344 2498 1602 2594 unusquisque

104 2619 242 2693 diceret
271 2618 495 2692 sententiam
525 2643 642 2705 suam,
673 2617 764 2715 quid
792 2634 896 2693 esset
932 2618 1237 2715 respondendum
1274 2620 1449 2698 Pontifici.
1480 2621 1603 2719 Super
1706 2708 1709 2715 ¹

105 2768 177 2839 qua
205 2769 246 2818 re
274 2744 412 2841 longus
440 2767 566 2818 sermo
593 2742 661 2817 suit
688 2743 855 2818 habitus:
885 2744 953 2817 sed
980 2768 1112 2817 omnes
1140 2743 1176 2816 in
1203 2768 1286 2818 eam
1316 2762 1499 2820 venerunt
1517 2773 1603 2822 sen-

104 2867 257 2942 tentiam
288 2867 391 2965 quod
419 2867 551 2941 Ssr'r'rus
580 2881 731 2962 poterat
757 2867 896 2954 iubere,
926 2883 965 2941 et
994 2866 1199 2942 Auditores
1227 2885 1336 2942 erant
1363 2872 1527 2966 prompti
1554 2873 1603 2944 ad

103 2989 366 3076 obediendum,
397 2992 465 3065 sed
494 2991 707 3066 huiusmodi
734 2993 991 3067 caeremonias
1019 2992 1134 3066 luisse
1165 2994 1349 3091 antiquas,
1379 2997 1602 3070 observatas

101 3117 148 3191 ab
175 3113 460 3190 immemorabili
487 3131 660 3212 tempore
679 3129 719 3188 et
738 3117 840 3212 quod
869 3115 977 3189 sicuti
1005 3115 1265 3214 unusquisque
1283 3141 1330 3190 ea
1348 3117 1472 3192 omnia
1490 3119 1604 3192 adim·

102 3239 273 3334 pleverat
301 3242 336 3313 in
365 3240 580 3337 praeterito,
603 3241 653 3313 ita
672 3241 874 3336 cupiebant
900 3241 1004 3338 quod
1027 3240 1239 3313 huiusmodi
1257 3241 1343 3338 styli
1361 3243 1602 3317 observaren-

104 3367 211 3440 turin
229 3366 408 3440 futurum.
424 3364 510 3463 Ego
524 3362 614 3439 vero
677 3364 805 3438 addidi
819 3365 922 3461 quod
941 3364 1152 3438 huiusmodi
1171 3365 1403 3441 visitationes
1423 3392 1496 3440 non
1516 3384 1604 3441 sunt

103 3489 374 3576 caeremoniae,
403 3488 472 3562 sed
509 3489 707 3564 instantiae
744 3512 843 3584 quae
881 3489 1038 3562 multum
1067 3490 1214 3563 decoris
1246 3507 1285 3564 et
1318 3493 1603 3567 existimationis

100 3613 262 3690 aflerunt
290 3614 492 3690 Tribunali.
514 3615 565 3688 Et
591 3614 678 3709 quia
706 3615 742 3686 in
765 3614 880 3691 domo
900 3614 1072 3688 Prolessa
1092 3614 1191 3688 Ssriri
1211 3615 1381 3692 Nominis
1401 3616 1485 3690 lesu
1505 3617 1602 3691 vide-

101 3763 179 3814 ram
208 3765 281 3838 pro
308 3739 430 3836 prima
455 3740 536 3813 vice
565 3740 612 3816 D.
644 3739 786 3825 Talam‚
817 3765 955 3812 novum
985 3740 1210 3814 Auditorem
1238 3740 1398 3815 electum
1431 3741 1496 3838 qui
1530 3767 1604 3818 una

100 3888 183 3937 cum
213 3865 327 3938 Patre
356 3864 508 3961 Angelo
537 3862 649 3960 Cap*
678 3864 817 3937 Iesnita
849 3865 1115 3939 morabatur...
1145 3891 1230 3940 cum
1270 3882 1347 3938 tam
1384 3865 1483 3940 idern
1511 3867 1606 3941 Taia

99 4014 214 4084 quam
245 3991 369 4063 dictus
399 3989 509 4063 Pater
536 3990 813 4086 interrogarent
841 4014 912 4077 me,
943 4013 990 4062 an
1019 3989 1173 4064 adesset
1210 3991 1347 4065 modus
1375 4016 1444 4086 pro
1472 3993 1607 4066 abbre-

99 4115 238 4189 viando
268 4132 441 4210 tempore
476 4130 514 4188 et
551 4113 725 4188 tollendis
752 4113 1024 4189 visitationibus
1057 4140 1155 4212 quae
1188 4115 1281 4189 fiunt
1312 4141 1334 4190 a
1364 4143 1462 4191 novo
1491 4116 1604 4190 Audi·

98 4252 192 4323 tore‚
223 4263 407 4334 expresse
438 4252 670 4333 protestatus
697 4238 759 4324 lui,
780 4238 883 4334 quod
911 4239 1122 4314 huiusmodi
1151 4242 1339 4313 innovatio
1365 4265 1605 4337 summopere

100 4363 320 4459 displiceret
348 4362 594 4437 Auditoribus
626 4380 665 4436 et
702 4363 805 4459 quod
843 4380 1046 4459 propterea
1081 4387 1156 4438 non
1193 4363 1384 4437 insisteret
1419 4389 1605 4461 superea

100 4513 146 4562 ne
175 4489 385 4561 incurreret
412 4487 704 4585 indignationem
724 4487 962 4574 Auditorum,
983 4503 1099 4583 atque
1126 4489 1198 4561 alia
1226 4489 1334 4584 plura
1363 4489 1605 4563 dixi...'unde

99 4613 199 4687 idem
231 4613 281 4688 D.
315 4611 408 4685 Tala
436 4610 638 4686 declaravit
664 4628 703 4685 et
730 4628 962 4708 protestatus
989 4612 1057 4685 luit
1084 4612 1186 4710 quod
1214 4613 1374 4708 amplius
1402 4614 1450 4685 de
1478 4613 1605 4697 huius-

98 4741 202 4812 modi
231 4737 471 4812 innovatione
499 4762 572 4811 non
605 4753 737 4835 ageret
774 4753 814 4810 et
850 4738 989 4833 pluries
1006 4755 1056 4849 ¹et
1083 4736 1222 4834 pluries
1249 4738 1394 4811 veniam
1425 4738 1531 4833 petiit
1542 4797 1604 4814 .....

849 4931 869 4974 =l=

828 4992 890 5036 stt*

579 5093 650 5168 Die
677 5093 808 5167 Lunae
833 5117 879 5184 14
908 5091 998 5166 Maii
1024 5099 1134 5186 1657.

182 5313 248 5333 .....
275 5257 394 5330 Rri‘tus
423 5257 600 5330 Decanus
628 5257 664 5329 in
692 5255 957 5350 exequtionem
986 5253 1225 5327 resolutionis
1253 5269 1387 5350 captae
1407 5257 1441 5327 in
1463 5271 1607 5328 antece·

98 5381 204 5454 denti
235 5381 337 5455 Rota
365 5381 550 5479 exposuit,
573 5405 615 5454 se
643 5379 894 5454 transmisisse
922 5378 1001 5451 eius
1032 5377 1300 5452 Coadiutorem
1328 5378 1365 5452 in
1393 5380 1535 5454 Studiis
1557 5380 1606 5453 ad
