3748 5914
265 337 321 397 258
908 334 1045 394 soeculo
1063 333 1095 394 X
1106 333 1151 394 VI

348 527 457 622 Quae
485 529 608 602 omnia
636 544 676 602 et
712 527 860 626 singula
896 526 1155 602 inviolabiliter
1191 529 1384 602 observari
1421 531 1655 614 mandamus,
1696 533 1766 605 sub

267 677 390 750 poena
419 653 716 752 vigintiquinque
743 652 966 726 ducatorum
1002 651 1240 747 supradictae
1274 651 1436 727 fabricae
1469 654 1765 741 inserendorum,

267 776 363 852 ultra
405 803 547 876 poenas
588 802 802 874 expressas,
842 801 988 851 necnon
1021 778 1280 874 suspensionis
1316 779 1364 852 ad
1403 804 1472 853 sex
1507 805 1660 855 menses
1696 805 1766 878 pro

266 903 385 1002 prima
412 903 508 991 vice;
537 904 635 977 etsi
663 903 828 976 secundo
856 901 1072 988 erraverint,
1103 925 1150 976 eo
1178 904 1273 998 ipso,
1303 905 1339 978 in
1367 927 1528 1002 poenam
1547 906 1767 1003 privationis

266 1027 376 1101 officii
402 1045 441 1102 et
467 1025 561 1101 alias
588 1029 625 1100 in
653 1025 754 1101 bulla
781 1026 869 1100 dicti
901 1025 981 1099 lulii
1016 1027 1321 1124 praedecessoris
1355 1045 1554 1104 contentas
1589 1030 1763 1106 incidant.

346 1155 405 1251 Χ)
440 1151 627 1246 Quocirca
662 1153 759 1227 duos
796 1153 910 1226 etiam
946 1168 1179 1228 correctores
1208 1155 1410 1249 quotannis
1445 1157 1495 1228 ab
1530 1155 1765 1231 auditoribus

267 1277 466 1378 praedictis
494 1304 542 1352 ex
569 1279 737 1370 ipsorum
764 1277 924 1376 collegio
952 1277 1039 1376 eligi
1068 1277 1245 1352 volumus
1275 1277 1325 1352 ad
1362 1303 1470 1376 quos,
1502 1279 1599 1354 ultra
1636 1281 1765 1354 desen-

267 1405 362 1479 soris
391 1404 617 1478 notariorum
648 1402 835 1500 querelae,
865 1427 997 1476 ontnes
1033 1427 1242 1500 pauperum
1276 1418 1315 1476 et
1351 1427 1623 1502 oppressorum
1661 1405 1765 1478 deie-

266 1546 404 1613 rantur,
436 1545 475 1602 et
503 1527 560 1601 his
588 1527 760 1601 omnibus
787 1527 1011 1624 opportunis
1030 1527 1205 1601 remediis
1223 1527 1457 1624 provideant,
1478 1544 1557 1602 tum
1576 1555 1624 1604 ne
1643 1532 1764 1628 oppri-

177 1727 184 1742 ,
267 1673 415 1727 mantur
442 1669 582 1748 partes,
613 1668 692 1726 tum
713 1665 754 1725 ut
773 1652 987 1749 opprimere
1007 1651 1090 1725 ausi
1108 1652 1319 1748 puniantur,
1340 1668 1379 1725 et
1397 1653 1614 1750 supradicta
1632 1669 1765 1728 exacte

268 1795 478 1854 serventur.
862 1801 864 1806 ·
1368 1861 1375 1876 ,

349 1903 404 2002 Ζ)
435 1904 488 1976 Ut
515 1920 642 1976 autem
670 1903 831 1976 vicissim
860 1901 1027 1999 ipsorum
1057 1927 1209 1999 quoque
1237 1902 1383 1976 iniustis
1412 1903 1588 1978 oneribus
1618 1928 1765 1978 succur-

268 2044 380 2114 ratur,
411 2029 461 2102 ad
489 2025 713 2102 solutionem
742 2053 812 2125 pro
840 2029 954 2102 domo
981 2027 1175 2114 auditoris,
1205 2027 1341 2100 invitos
1369 2025 1541 2124 compelli
1578 2028 1765 2114 nolumus,

267 2178 337 2227 nec
365 2151 476 2226 etiam
504 2154 554 2226 ad
581 2151 806 2227 solutionem
832 2151 965 2251 viginti
992 2153 1213 2226 ducatorum
1240 2151 1402 2226 auditori
1430 2177 1499 2250 pro
1535 2153 1768 2227 admissione

267 2277 446 2362 iacienda,
477 2302 545 2352 nec
573 2278 624 2352 ad
651 2277 722 2352 alia
750 2277 950 2374 quaelibet,
982 2294 1070 2351 ante
1093 2275 1207 2351 felicis
1226 2277 1495 2352 recordationis
1514 2276 1606 2351 Sixti
1625 2281 1766 2374 quarti,

266 2403 569 2500 praedecessoris
598 2402 725 2488 nostri,
756 2417 928 2498 tempora
955 2403 1122 2490 insueta;
1151 2417 1192 2476 et
1219 2403 1261 2490 si,
1294 2427 1363 2500 per
1394 2403 1537 2476 obitum
1569 2403 1766 2486 auditoris,

268 2527 432 2625 provisio
460 2528 546 2602 novi
574 2525 670 2601 ultra
696 2527 886 2602 trimestre
904 2525 1041 2601 differri
1060 2523 1265 2625 contingat,
1287 2527 1459 2602 volumus
1479 2551 1546 2624 per
1565 2543 1766 2626 regentem

267 2652 320 2726 eis
349 2652 396 2726 de
424 2650 746 2726 commissionibus
774 2652 1042 2726 distribuendis
1069 2667 1216 2748 partem
1253 2651 1417 2747 aliquam
1455 2650 1533 2724 fieri
1567 2675 1635 2748 per
1672 2652 1767 2726 alios

265 2777 458 2851 auditores
484 2775 692 2864 audiendis,
722 2776 855 2850 saltem
884 2801 954 2874 pro
982 2777 1092 2851 tertia
1118 2792 1237 2873 parte,
1268 2776 1388 2850 donec
1408 2776 1456 2850 de
1475 2800 1573 2853 novo
1592 2777 1768 2852 auditore

267 2901 511 3000 subrogando
539 2901 800 3000 provideatur;
831 2918 873 2976 ut
898 2926 1030 2976 eorum
1059 2901 1289 2975 indemnitati
1310 2901 1564 2988 subveniatur,
1586 2901 1766 2976 ducatum

266 3027 346 3100 auri
374 3051 511 3122 capere
539 3049 614 3101 non
642 3043 851 3114 teneantur,
883 3026 951 3100 nisi
979 3026 1029 3100 ad
1056 3026 1174 3100 instar
1201 3025 1466 3113 Cancellariae,
1486 3025 1660 3100 videlicet
1678 3027 1768 3101 duo

267 3151 386 3223 decim
415 3150 586 3225 carlenos
614 3175 684 3246 pro
712 3149 890 3248 quolibet,
920 3165 961 3223 et
988 3173 1062 3223 non
1090 3149 1200 3227 ultra.

348 3401 489 3475 Datum
517 3400 663 3475 Romae
691 3398 793 3497 apud
823 3400 1000 3473 Sanctum
1031 3400 1193 3487 Petrum,
1222 3424 1321 3473 anno
1348 3399 1615 3474 incarnationis
1645 3401 1765 3476 domi-

266 3526 370 3600 nicae
399 3523 1217 3623 millesimoquingentesimotertiodecimo,
1248 3525 1369 3599 idibus
1398 3525 1619 3612 decembris,
1640 3527 1765 3622 ponti-

265 3650 398 3724 ficatus
426 3651 543 3726 nostri
571 3673 670 3724 anno
699 3650 725 3725 l.

977 3895 1064 3976 150.

263 4057 459 4131 Processus
485 4070 596 4156 super
628 4058 759 4132 Leonis
785 4059 832 4132 X
854 4058 1101 4131 constri‘ulione
1127 4079 1202 4153 qua
1229 4057 1349 4130 Rotae
1375 4057 1620 4131 Auditorrbus
1644 4060 1768 4156 privi-

338 4182 474 4280 legium
501 4181 681 4257 imbuitur
707 4182 926 4281 expediendi
947 4183 1073 4279 gratis
1101 4206 1345 4280 quascumque
1371 4182 1513 4256 litteras
1548 4183 1767 4282 apostolrras

338 4308 411 4380 sive
434 4309 595 4404 gratiae,
625 4309 700 4382 sive
726 4307 897 4392 institua,
927 4308 1001 4381 sive
1027 4308 1187 4408 mrbctim.

339 4463 454 4536 (Anca.
474 4461 561 4536 Ror,
586 4461 807 4535 «Prr'vr'legr'a
825 4486 852 4537 ι,
870 4467 946 4522 tom.
966 4461 994 4535 I,
1009 4467 1096 4536 part.
1116 4460 1144 4532 I,
1161 4478 1194 4520 n.
1215 4459 1374 4534 XXXII).

1306 4623 1386 4698 1517,
1404 4623 1547 4684 ianuarii
1567 4623 1609 4698 12,
1622 4623 1763 4684 Romae.

340 4771 560 4845 Dominicus
579 4770 628 4844 de
647 4769 854 4857 lacobatiis,
885 4770 946 4844 dei
974 4786 1013 4845 et
1039 4770 1247 4867 apostolice
1275 4725 1385 4844 sedis·
1394 4771 1528 4869 gratia,
1549 4771 1764 4869 Episcopus

260 4896 445 4981 Lucerin,
475 4895 511 4967 in
538 4894 637 4968 alma
658 4893 762 4969 Urbe
782 4911 821 4969 et
840 4896 920 4969 eius
939 4896 1109 4970 districtu
1130 4895 1165 4969 in
1186 4893 1442 4992 spiritualibus
1460 4894 1629 4969 Vicarius
1649 4920 1764 4994 gene-

260 5020 356 5106 ralis,
379 5019 496 5091 ludex
515 5035 554 5091 et
571 5035 751 5092 executor
768 5018 817 5092 ad
836 5019 1070 5115 infrascripta
1088 5043 1247 5092 unacum
1267 5019 1493 5114 quibusdam
1512 5018 1593 5093 aliis
1622 5023 1763 5095 nostris

263 5145 297 5218 in
327 5144 396 5217 hac
424 5158 533 5240 parte
562 5141 741 5241 Collegiis
770 5169 853 5217 cum
881 5144 941 5217 illa
968 5142 1160 5218 clausula:
1190 5158 1378 5239 quatenus
1407 5145 1475 5240 ipsi
1504 5143 1563 5218 vel
1590 5144 1668 5218 duo
1696 5163 1764 5220 aut

264 5294 361 5341 unus
400 5293 531 5342 eorum
559 5293 628 5365 per
664 5293 718 5354 se,
760 5267 820 5342 vel
846 5267 960 5342 alium
986 5267 1102 5343 etiam
1130 5292 1154 5341 a
1181 5268 1272 5342 sede
1308 5265 1515 5366 apostolica
1552 5269 1765 5366 specialiter

265 5395 479 5490 deputatus.
511 5393 744 5468 Revereudis
771 5394 806 5466 in
835 5393 986 5468 Christo
1014 5393 1184 5491 patribus
1212 5410 1251 5468 et
1278 5392 1449 5468 discretis
1481 5392 1580 5481 viris,
1600 5394 1765 5470 dominis
