3708 5918
770 309 908 370 Nnotao
935 310 962 370 ν
1551 272 1611 369 135'

181 499 233 573 Et
261 501 365 596 quod
393 499 605 575 huiusmodi
633 501 914 597 supplicationis
932 500 1014 575 sola
1032 501 1225 600 signatura
1275 493 1286 680 e

94 649 237 698 manus
265 641 393 700 vestre
420 625 637 700 beatissime
663 625 821 701 sufficiat
848 628 994 722 absque
1020 624 1092 700 alia
1124 625 1223 701 litte·
1339 624 1431 700 Fiat
1454 625 1497 699 T.

96 773 229 822 rarum
256 749 549 848 apostolicarum
577 749 809 825 coniectione

181 875 233 948 Et
260 877 310 948 ad
338 876 658 973 dispensationem
687 876 870 952 dictorum

184 1001 344 1074 duorum
373 999 586 1074 defectuum

184 1124 327 1199 Datum
357 1126 490 1212 Rome,
519 1127 621 1222 apud
650 1126 689 1200 S.
719 1126 880 1212 Petrum,
912 1148 967 1198 xu
995 1124 1067 1198 kal.
1098 1125 1183 1211 iulii,
1214 1149 1312 1199 anno
1340 1124 1518 1200 secundo.

1275 899 1285 1086 ζ
1340 945 1496 1020 Fatr.

824 1480 888 1560 81.
915 1447 918 1454 “

101 1659 283 1734 Mcolaus
323 1662 359 1733 V
386 1660 574 1734 Theodoro
590 1662 633 1734 de
661 1659 802 1747 Lclliis,
833 1658 1016 1732 Auditori
1031 1659 1148 1750 Rotae
1165 1659 1279 1743 electo,
1301 1657 1602 1755 dz'spcnsationcm

182 1787 347 1886 zinpertit
375 1786 419 1860 ab
456 1787 619 1860 omnibus
655 1786 858 1882 defectibus,
888 1794 923 1858 et
947 1785 1162 1858 mminatim
1198 1785 1243 1858 ab
1279 1785 1408 1879 absecto
1444 1783 1601 1858 triennio

182 1910 341 1984 lecturas
367 1911 464 1984 aierit
490 1912 529 1984 z'n
556 1911 677 1984 studio
708 1909 882 2008 gererali
904 1919 939 1983 et
972 1935 996 1982 a
1032 1909 1195 1984 ducentis
1211 1907 1371 2009 florem's
1397 1909 1523 1982 aureis
1558 1907 1602 1982 de

185 2034 353 2110 Camera.

181 2209 297 2280 (Arcen.
316 2208 405 2280 Ros,
427 2207 680 2268 «Admissz'ones
692 2232 718 2280 ι,
733 2213 821 2282 part.
840 2207 868 2278 I,
887 2206 1023 2266 Nicolao
1049 2206 1081 2276 V,
1104 2224 1136 2264 n.
1154 2207 1197 2279 9).

1423 2345 1501 2408 Sine
1519 2348 1603 2407 data.

182 2535 449 2631 Motuproprio
475 2533 620 2608 dilectis
648 2532 730 2608 filiis
757 2532 999 2630 Cappellanis
1023 2533 1161 2606 nostris
1180 2556 1225 2605 ac
1251 2529 1379 2629 palatii
1406 2557 1602 2607 causarum

99 2659 300 2757 apostolici
343 2660 577 2734 auditoribus
615 2672 745 2733 tenore
782 2659 1012 2755 presentium
1047 2657 1181 2732 iterum
1219 2673 1259 2731 et
1299 2658 1347 2730 de
1386 2680 1485 2733 novo
1521 2683 1603 2754 pre·

99 2786 259 2881 cipimus
287 2801 326 2858 et
353 2784 586 2870 mandamus
609 2799 796 2880 quatenus
815 2781 990 2857 dilectum
1010 2781 1124 2856 filium
1144 2781 1386 2856 Theodorum
1410 2784 1458 2856 de
1477 2781 1602 2856 Lelliis

100 2909 149 2982 de
177 2907 354 2995 Teramo,
384 2909 473 2982 iuris
511 2907 707 3005 utriusque
739 2907 944 2992 doctorem,
974 2906 1119 3003 pridem
1153 2931 1221 3002 per
1250 2905 1331 2980 Nos
1363 2905 1412 2979 ad
1441 2906 1602 2980 Audito-

102 3049 209 3108 ratus
234 3033 391 3108 offitium
423 3033 653 3108 nominatum
681 3049 721 3106 et
747 3049 997 3129 assumptum,
1026 3031 1074 3105 de
1111 3032 1216 3105 cuius
1254 3029 1469 3120 idoneitate,
1503 3033 1601 3106 bona

99 3160 387 3234 conversatione
404 3173 444 3231 et
460 3157 689 3244 sufficientia,
706 3173 785 3230 tam
804 3156 1078 3254 fidedignorum
1098 3154 1326 3242 testimonio,
1337 3181 1452 3252 quam
1472 3173 1601 3231 nostra

100 3285 338 3381 percepimus
356 3283 599 3380 experientia,
619 3282 656 3354 in
685 3283 821 3356 sotium
840 3296 880 3356 et
903 3283 936 3354 in
957 3280 1110 3356 fratrem
1129 3281 1177 3355 ad
1197 3279 1337 3354 dictum
1351 3281 1601 3356 Auditoratus

98 3408 259 3482 offitium
286 3409 442 3504 eiusque
463 3407 691 3494 exercitium,
721 3407 997 3505 impedimentis
1025 3405 1324 3503 quibuscumque
1352 3407 1598 3492 cessantibus,

99 3532 323 3608 auctoritate
351 3548 480 3607 nostra
507 3531 694 3628 recipiatis
712 3547 751 3605 et
777 3531 1003 3606 admittatis:
1025 3529 1246 3626 supplentes
1274 3554 1404 3605 omnes
1432 3531 1602 3606 desectus

99 3659 165 3756 qui
195 3683 281 3731 eum
309 3658 346 3731 in
374 3657 568 3754 premissis
596 3657 721 3730 iorsan
749 3671 909 3753 possent
930 3655 1122 3753 impedire,
1153 3681 1250 3753 quos
1279 3655 1336 3730 hic
1361 3681 1432 3752 pro
1450 3681 1600 3752 expres·

103 3783 155 3858 sis
184 3783 379 3867 habemus,
409 3807 519 3856 secus
548 3807 662 3878 super
690 3781 759 3855 illis
788 3797 918 3855 tenore
945 3783 1176 3876 presentium
1213 3781 1487 3877 dispensamus
1514 3781 1600 3855 Non

99 3909 340 3984 obstantibus
374 3907 701 3982 constitutionibus
738 3921 777 4000 et
812 3906 1108 3980 ordinationibus
1144 3903 1370 4001 apostolicis,
1410 3905 1480 3978 illis
1515 3931 1600 4004 pre·

100 4033 232 4108 sertim
277 4034 412 4129 quibus
450 4033 572 4107 caveri
616 4032 748 4105 dicitur
782 4031 886 4129 quod
922 4029 1149 4104 admictendi
1182 4031 1219 4102 in
1255 4028 1463 4104 Auditores
1500 4031 1600 4105 Rote

101 4158 267 4233 debeant
294 4171 383 4253 post
410 4157 649 4230 doctoratum
677 4181 745 4252 per
763 4155 961 4228 triennium
988 4157 1024 4227 in
1042 4154 1168 4249 aliqua
1186 4152 1326 4250 legisse
1346 4154 1600 4228 Universitate

101 4307 143 4356 ac
172 4280 277 4377 quod
304 4280 707 4354 annuatimducentos
734 4279 898 4353 debeant
934 4278 1073 4352 habere
1109 4277 1271 4351 florenos
1306 4279 1354 4351 de
1388 4302 1536 4352 camera
1563 4280 1600 4353 in

101 4406 282 4504 portatis:
312 4402 470 4500 aliisque
498 4404 533 4476 in
562 4405 788 4478 contrarium
822 4403 1042 4478 facientibus
1080 4401 1419 4477 nonobstantibus
1447 4403 1602 4497 quibus-

102 4556 275 4630 cumque.
307 4574 324 4586 -
353 4529 444 4602 Fiat
468 4538 503 4602 et
526 4530 579 4602 ito
606 4529 828 4603 mandamus
852 4529 894 4602 T.
