3748 5914
796 308 889 368 Sixto
910 309 938 370 V
1560 307 1617 366 313

120 405 252 412 —-·-·-···—--
262 407 469 416 *nn—...qm-
475 408 703 416 -.—---.—.—-

111 502 177 598 qui
196 503 410 576 necessario
430 502 554 576 vivere
570 503 794 576 tenebantur
812 503 915 576 iuxta
933 525 1076 576 morem
1098 502 1293 576 Romanae
1315 502 1463 576 Curiae.
1492 500 1615 574 Versa

114 625 208 714 vice,
237 626 399 700 durabat
426 650 500 699 non
528 625 649 700 solum
678 626 824 712 eadem,
854 625 922 701 sed
950 627 1080 711 maior,
1111 651 1224 700 causa
1251 642 1290 700 et
1318 625 1413 701 ratio
1432 627 1483 700 ob
1501 649 1614 722 quam

115 749 216 824 dicta
242 752 432 848 exemptio
459 751 527 824 suit
554 774 745 838 concessa,
777 775 921 850 necnon
950 751 1156 827 necessitas
1193 751 1288 826 illius
1325 749 1612 834 commoditatis,

116 875 152 948 in
182 892 361 970 quantum
388 891 587 950 creverunt
613 876 808 972 impensae
842 901 913 974 pro
945 876 1227 952 manutentione
1268 875 1459 950 honorifici
1493 889 1615 948 status

117 999 222 1074 Sacri
251 999 422 1098 Collegii.

199 1125 285 1199 Fuit
312 1129 430 1201 verbo
456 1143 654 1202 tractatum
683 1153 726 1201 ac
755 1126 903 1200 realiter
930 1129 1126 1202 obtentum
1162 1144 1202 1200 et
1237 1127 1478 1202 observatum
1511 1126 1614 1221 quod

118 1250 304 1325 Dominus
333 1251 572 1327 Dohanerius
599 1252 777 1339 existens,
807 1277 929 1348 usque
966 1277 1043 1347 quo
1075 1252 1226 1325 intravit
1265 1251 1451 1327 Dominus
1484 1250 1615 1325 Doha·
1695 1264 1700 1272 '

118 1375 244 1450 uerius
275 1378 490 1461 modernus,
526 1377 639 1451 solvit
672 1377 821 1451 cuilibet
854 1401 901 1450 ex
935 1376 1041 1450 Rri‘ris
1078 1376 1167 1452 DD.
1207 1377 1331 1451 Rotae
1368 1374 1615 1450 Auditoribus

114 1501 409 1596 acceptantibus,
432 1518 538 1576 scuta
569 1526 614 1596 32
646 1519 686 1575 et
704 1503 739 1577 b.
762 1525 813 1594 40
833 1501 1002 1598 quolibet
1020 1526 1129 1588 anno,
1152 1502 1187 1574 in
1207 1501 1329 1576 locum
1347 1500 1471 1574 dictae
1489 1524 1615 1574 exem-

117 1625 254 1721 ptionis
284 1625 368 1700 Vini
397 1627 551 1722 Ripalis,
581 1653 625 1700 ac
655 1625 816 1701 Camera
843 1627 934 1722 ipsis
964 1627 1193 1703 Dohaneriis
1225 1627 1364 1701 dictam
1392 1625 1615 1702 solutionem

115 1752 253 1825 bonam
281 1750 368 1824 lecit
393 1750 430 1825 in
457 1775 588 1826 eorum
618 1752 814 1848 computis,
844 1752 879 1824 in
908 1751 990 1848 ipsa
1020 1751 1180 1826 Camere
1210 1751 1390 1827 solidatis.

199 1874 319 1963 Nunc,
347 1874 508 1950 decurso
535 1876 695 1951 triennio
722 1875 780 1948 vel
810 1875 917 1963 circa,
939 1901 961 1948 a
980 1877 1040 1950 die
1061 1877 1256 1973 ingressus
1277 1875 1429 1952 Domini
1448 1875 1617 1949 moderni

119 1999 333 2086 Dohanerii,
361 2001 507 2097 absque
535 2026 582 2076 eo
610 2001 713 2098 quod
741 2000 801 2075 ille
830 2001 1016 2076 curaverit
1044 2001 1192 2076 solvere
1211 2001 1347 2076 dictam
1368 2003 1616 2099 quantitatem

116 2124 264 2199 solitam
294 2143 387 2201 scut.
421 2151 466 2220 32
483 2155 490 2203 :
508 2151 559 2220 40
587 2141 654 2202 aut
681 2128 800 2224 quasi,
830 2127 968 2200 dictam
996 2127 1274 2223 exemptionem
1302 2127 1383 2202 aliis
1402 2125 1513 2201 vendi
1531 2150 1616 2200 cum

116 2249 261 2326 Ssmus.
294 2252 340 2326 D.
373 2251 432 2338 N.,
463 2251 623 2351 negocIo
640 2250 780 2334 audito,
797 2251 1054 2338 declaraverit,
1075 2277 1182 2327 suam
1202 2252 1445 2326 intentionem
1464 2251 1616 2325 omnino

115 2399 201 2448 esse
229 2376 333 2470 quod
361 2393 533 2450 servetur
561 2376 722 2462 solitum,
753 2376 893 2472 petitur
920 2377 1109 2471 provideri
1136 2377 1184 2450 de
1203 2392 1419 2474 opportuno
1437 2375 1613 2462 remedio,

117 2516 161 2573 ut
194 2499 240 2576 D.
282 2501 523 2576 Dohanerius
553 2501 612 2574 vel
648 2503 771 2576 solvat
812 2517 854 2574 ut
896 2523 1023 2598 supra,
1058 2503 1117 2575 vel
1158 2503 1376 2597 acquiescat
1415 2499 1617 2576 venditioni

115 2626 376 2723 exemptionis.

199 2751 358 2836 Etenim,
388 2753 529 2826 dictum
558 2752 709 2827 solitum
739 2752 908 2826 solvendi
945 2768 983 2824 et
1019 2750 1163 2826 fruendi
1201 2752 1440 2848 exemptione
1477 2767 1537 2825 est
1568 2750 1616 2825 de

117 2891 242 2950 mente
271 2875 502 2951 Sanctissimi
528 2895 568 2951 et
596 2875 790 2962 Camerae,
821 2877 870 2950 de
898 2877 1002 2950 cuius
1038 2879 1221 2951 interesse
1252 2877 1378 2974 agitur
1412 2901 1457 2950 ac
1493 2875 1617 2950 iustifi-

115 3018 223 3076 catur
249 3027 297 3075 ex
324 3003 415 3098 ipsis
444 3002 564 3076 Libris
594 3001 777 3076 Dohanae
805 3025 874 3097 per
904 3001 1103 3076 Cameram
1131 3001 1262 3074 revisis
1295 3017 1335 3074 et
1371 2999 1549 3086 solidatis,
1581 3003 1617 3074 in

115 3127 254 3222 quibus
283 3127 405 3200 dictae
434 3127 640 3202 solutiones
669 3142 758 3201 sunt
786 3127 1001 3223 descriptae
1038 3150 1106 3222 per
1145 3147 1170 3197 x
1212 3142 1251 3199 et
1282 3147 1333 3198 xv
1369 3150 1490 3200 annos
1530 3141 1618 3199 ante

115 3255 328 3350 ingressum
358 3251 405 3328 D.
438 3251 611 3326 Moderni
641 3251 863 3336 Dohanerii;

196 3394 333 3472 estque
361 3377 493 3450 rationi
521 3392 560 3450 et
586 3377 769 3473 aequitati
797 3400 1017 3462 consonum,
1048 3378 1208 3451 durante
1236 3377 1272 3448 in
1291 3376 1465 3449 omnibus
1483 3375 1616 3450 eadem

116 3525 232 3575 causa
259 3502 309 3575 ob
339 3525 454 3596 quam
486 3503 677 3596 exemptio
710 3516 754 3574 ut
786 3526 902 3597 supra
935 3500 1002 3574 luit
1043 3524 1235 3586 concessa,
1266 3525 1310 3574 ac
1352 3515 1475 3574 stante
1513 3499 1617 3597 quod

116 3643 262 3701 mutato
290 3651 414 3701 rerum
443 3641 556 3710 statu,
587 3651 654 3700 seu
683 3651 788 3700 more
817 3625 1015 3711 communi,
1046 3626 1195 3700 emendi
1214 3625 1314 3699 aliud
1333 3624 1468 3710 vinum,
1491 3648 1618 3698 exem-

115 3751 254 3849 ptionis
288 3752 520 3849 privilegium
555 3775 631 3824 non
664 3751 895 3848 extinguitur
929 3775 1012 3824 cum
1052 3752 1099 3825 sit
1141 3749 1391 3846 compatibile,
1435 3767 1477 3822 ut
1521 3748 1617 3823 illius

116 3875 364 3951 commoditas
391 3893 429 3949 et
458 3875 596 3949 utilitas
625 3875 705 3948 sine
733 3875 886 3950 alicuius
916 3875 1142 3971 praeiudicio
1161 3875 1387 3972 percipiatur
1405 3874 1442 3948 in
1460 3876 1618 3971 pecunia

116 4001 165 4076 ad
206 4001 407 4074 emendum
445 3999 544 4074 aliud
586 4002 722 4085 vinum,
749 3995 880 4096 'prout
920 4001 1197 4097 percipiebatur
1237 4017 1408 4096 tempore
1449 4001 1619 4073 concessi

116 4124 311 4222 privilegii,
342 4125 536 4200 retinendo
564 4124 760 4222 pecuniam
789 4126 1039 4221 exemptionis
1067 4127 1103 4198 in
1131 4126 1322 4222 emptione
1359 4125 1432 4198 vini
1461 4124 1614 4220 Ripalis.

198 4249 248 4324 Et
276 4247 487 4346 Collegium
517 4275 564 4322 ex
592 4247 692 4322 dicto
728 4248 839 4324 solito
876 4273 953 4324 non
990 4248 1102 4323 sentit
1134 4251 1254 4322 maius
1286 4251 1537 4334 commodum,
1567 4273 1615 4324 eo

116 4374 220 4470 quod
248 4375 353 4470 prius
371 4373 608 4470 percipiebat,
632 4374 795 4448 emendo
813 4372 951 4446 Vinum
974 4375 1094 4471 Ripae
1112 4391 1340 4470 exemptum,
1362 4373 1431 4447 sed
1449 4390 1617 4446 remanet

115 4499 152 4570 in
183 4499 323 4572 damno
359 4497 608 4594 exemptionis
640 4499 843 4573 diminutae
876 4498 927 4572 ad
960 4497 1157 4572 utilitatem
1195 4497 1381 4572 Camenae
1412 4515 1452 4570 et
1487 4497 1617 4584 Doha-

115 4623 206 4696 nerii
234 4647 283 4696 ex
310 4622 497 4718 pluribus:
527 4640 565 4697 et
600 4629 634 4696 1⁰
661 4622 698 4694 in
726 4624 952 4718 quantitate;
982 4647 1066 4694 cum
1094 4622 1192 4696 dicta
1221 4621 1359 4695 solutio
1396 4619 1505 4695 solita
1541 4645 1616 4693 non

115 4747 181 4822 fiat
207 4772 278 4844 pro
305 4747 451 4846 integra
479 4747 691 4843 quantitate
719 4745 908 4843 Vegetum
944 4753 1015 4840 148
1045 4745 1142 4834 Vini,
1174 4748 1243 4820 sed
1271 4773 1341 4844 pro
1367 4769 1439 4838 144
1458 4762 1614 4832 tantum,

115 4872 166 4946 ad
193 4872 374 4946 rationem
410 4897 452 4946 12
483 4887 662 4970 vegetum
691 4896 761 4967 pro
789 4870 959 4969 quolibet
987 4872 1192 4957 Auditore;
1226 4878 1264 4944 2⁰
1293 4871 1392 4945 nulla
1420 4871 1461 4945 fit
1480 4869 1617 4944 solutio

115 5021 186 5094 pro
217 5013 300 5072 rata
329 4998 579 5073 Auditoratus
613 5022 683 5094 pro
718 5014 893 5093 tempore
928 4997 1094 5071 vacantis
1133 4998 1339 5072 secundum
1369 4997 1431 5095 (Β)
1461 4997 1617 5069 sormam

114 5122 366 5220 exemptionis
393 5147 507 5220 quam
535 5123 650 5198 habet
680 5122 892 5220 Collegium
921 5147 990 5220 pro
1016 5125 1087 5215 148
1109 5122 1332 5220 Vegetibus,
1352 5121 1617 5196 distribuendis

114 5248 212 5321 inter
239 5248 345 5342 ipsos
372 5247 578 5322 Auditores
607 5271 676 5343 pro
706 5265 878 5344 tempore
906 5246 1132 5333 existentes;
1164 5254 1203 5339 3⁰
1231 5247 1265 5318 in
1302 5272 1350 5320 eo
1378 5247 1480 5341 quod
1514 5245 1619 5318 valor

115 5371 363 5468 exemptionis
390 5371 538 5446 excedit
566 5371 703 5445 dictam
732 5373 982 5468 quantitatem
1011 5371 1107 5445 solvi
1135 5371 1294 5446 solitam.
1405 5437 1409 5450 .
