3720 5916
713 355 904 415 Alexandro
925 355 990 416 VII
1550 357 1602 415 tlt

106 551 243 636 stolica,
276 565 317 624 ut
343 549 484 636 dicitur,
515 549 564 622 de
592 547 811 623 canonicatu
840 548 1042 644 provisum,
1077 572 1183 623 reum
1216 565 1451 636 conventum,
1483 549 1531 624 de
1563 563 1602 622 et

106 700 216 772 super
251 674 555 770 iurepatronatus
599 697 644 746 ac
680 672 907 770 pertinentia
942 673 1112 747 eiusdem
1150 673 1185 746 in
1228 674 1331 749 dicto
1368 674 1601 748 Canonicatu

104 804 291 897 rebusque
318 799 401 874 aliis
429 817 500 873 etc.
530 823 578 873 ex
605 797 738 889 altera,
766 799 938 894 partibus
968 799 1136 885 dicimus,
1169 801 1473 896 pronunciamus,
1508 797 1604 873 disli-

106 927 222 1000 nimus
249 942 290 1000 et
317 927 602 1012 sententiamus,
631 925 771 1000 dictum
800 923 1027 1000 Beneficium
1056 923 1327 1000 Canonicatum
1347 942 1604 1023 nuncupatum

105 1051 216 1126 luisse
243 1067 283 1126 et
316 1076 403 1128 esse
440 1050 489 1126 de
525 1050 828 1147 iurepatronatus
865 1049 1024 1124 familiae
1052 1051 1100 1124 de
1130 1049 1298 1124 Merlinis
1326 1065 1366 1126 et
1397 1051 1445 1124 ad
1483 1049 1604 1123 dictas

105 1199 252 1250 sorores
283 1174 519 1272 Hippolitam
547 1189 587 1247 et
614 1172 817 1258 Aureliam,
840 1172 933 1246 filias
960 1174 1151 1269 quondam
1181 1175 1388 1250 Alexandri
1417 1173 1602 1258 Marliani,

103 1318 272 1396 spectare
300 1316 339 1375 et
366 1299 566 1397 pertinere,
590 1297 807 1396 nullumque
827 1301 883 1372 ius
904 1323 1027 1395 neque
1046 1300 1233 1374 actionem
1251 1299 1353 1374 dicto
1377 1298 1604 1374 Reverendo

106 1423 151 1501 D.
180 1423 320 1500 Carolo
355 1423 590 1520 Hieronymo
627 1425 675 1497 de
713 1423 899 1498 Blanchiis
936 1423 1173 1520 competiisse
1212 1449 1336 1522 neque
1373 1438 1599 1520 competere.

105 1549 268 1646 ideoque
290 1550 414 1646 ipsum
435 1548 613 1624 Carolum
635 1548 907 1646 Hieronymum
925 1549 974 1622 de
995 1548 1181 1624 Blanchiis
1203 1550 1320 1624 teneri
1339 1562 1379 1622 et
1396 1547 1603 1647 obligatum

104 1653 186 1748 esse
213 1675 265 1750 ad
291 1674 432 1749 dictum
461 1673 687 1748 Beneficium
708 1672 980 1747 Canonicatum
1009 1689 1265 1770 nuncupatum
1283 1673 1545 1782 dimittendum
1566 1689 1605 1746 et

105 1797 343 1874 relaxandum
372 1799 590 1895 fructusque
625 1822 695 1895 per
730 1823 816 1871 eum
851 1813 1055 1895 perceptos
1082 1824 1104 1872 a
1132 1798 1192 1871 die
1225 1813 1351 1872 motae
1387 1797 1460 1871 litis
1497 1794 1604 1870 resti-

105 1924 281 2010 tuendos;
310 1947 380 2018 pro
408 1947 569 2020 quorum
597 1921 835 1996 restitutione
853 1945 898 1995 ac
916 1921 1083 1996 beneficii
1102 1921 1320 1997 dimissione
1345 1944 1605 2018 quaecumque

105 2048 280 2122 mandata
308 2048 473 2144 desuper
500 2048 714 2121 necessaria
741 2061 782 2120 et
808 2061 1025 2145 opportuna
1053 2047 1291 2121 decernimus
1311 2062 1351 2121 et
1378 2045 1602 2132 relaxamus,

102 2188 141 2244 et
166 2171 323 2246 ulterius
343 2171 499 2282 dicimus
516 2172 861 2269 praesentationem
880 2170 1016 2245 factam
1036 2195 1105 2268 per
1123 2170 1243 2244 dictas
1262 2195 1414 2246 sorores
1433 2171 1481 2244 de
1502 2171 1604 2244 Mar·

103 2296 205 2370 lianis
219 2297 255 2370 in
271 2321 471 2394 personam
487 2294 575 2370 dicti
588 2285 803 2371 Reuerendi
820 2295 867 2372 D.
886 2295 988 2370 Pauli
1004 2295 1161 2370 Antonii
1176 2294 1341 2370 Mamelli
1354 2295 1468 2370 luisse
1487 2311 1601 2381 recte,

106 2422 170 2497 rite
183 2447 229 2497 ac
246 2421 411 2520 legitime
427 2421 573 2506 laetam,
590 2436 630 2495 et
648 2444 718 2517 pro
738 2419 801 2496 tali
820 2420 1033 2495 habendam
1052 2447 1149 2507 esse,
1168 2421 1265 2494 sicut
1282 2421 1409 2495 haberi
1429 2419 1602 2495 volumus

103 2563 142 2618 et
156 2545 399 2620 mandamus:
415 2545 631 2641 victumque
645 2544 850 2621 victoribus
868 2547 904 2618 in
920 2545 1098 2643 expensis
1116 2545 1421 2632 condemnamus,
1443 2569 1602 2640 quarum

14 2639 25 2660 κ
104 2670 331 2745 taxationem
360 2684 399 2744 et
422 2669 608 2744 fructuum
627 2669 909 2767 liquidationem
929 2669 1060 2756 Nobis,
1081 2668 1140 2743 vel
1161 2669 1220 2743 cui
1239 2671 1288 2743 de
1315 2669 1404 2756 iure,
1426 2669 1603 2766 imposte·

105 2819 184 2868 rum
198 2819 458 2870 reservamus:
475 2809 514 2868 et
532 2795 585 2868 ita
604 2795 770 2881 dicimus,
792 2794 1084 2892 pronunciamus
1103 2809 1143 2868 et
1161 2793 1372 2882 diffinimus,
1393 2807 1433 2868 et
1451 2808 1603 2868 senten·

105 2921 249 3008 tiamus,
273 2943 347 2994 non
367 2918 488 2994 solum
503 2919 723 3017 praemisso,
741 2920 810 2993 sed
828 2920 929 2995 omni
948 2935 1018 2993 etc.
1036 2919 1097 2994 Ila
1106 2919 1358 3018 pronunciavi
1367 2943 1431 3017 ego
1448 2917 1604 2992 Carolus

106 3043 245 3118 Cerrus
273 3043 412 3118 Sacrae
439 3045 559 3118 Rotae
577 3043 761 3120 oceanus.

181 3167 294 3264 Quae
317 3167 469 3265 quidem
497 3170 730 3267 praeinserta
759 3185 888 3242 nostra
915 3169 1106 3243 diffinitiva
1135 3169 1317 3244 sententia
1340 3168 1407 3242 luit
1433 3194 1503 3266 per
1522 3167 1603 3245 Nos

102 3292 177 3367 lata
205 3309 246 3367 et
273 3291 525 3391 promulgata,
556 3317 600 3368 ac
627 3290 724 3366 lecta
756 3306 796 3366 et
824 3307 961 3389 rogata
993 3317 1062 3388 per
1088 3291 1366 3390 infrascriptum
1403 3291 1602 3367 Notarium

104 3419 290 3515 publicum
318 3419 390 3493 sub
417 3417 479 3493 die
506 3415 616 3492 lunae
634 3419 744 3491 tertia
763 3417 973 3492 decembris
992 3416 1188 3491 millesimo
1208 3417 1483 3492 sexcentesimo
1497 3442 1601 3492 sexa-

103 3545 250 3642 gesimo
279 3543 402 3619 tertio.

182 3665 294 3762 Quae
313 3667 437 3742 omnia
464 3684 504 3740 et
526 3665 675 3765 singula
693 3668 902 3766 praemissa
920 3665 1028 3740 vobis
1046 3665 1220 3741 omnibus
1238 3681 1278 3739 et
1296 3664 1454 3764 singulis
1473 3691 1602 3766 supra-

103 3792 210 3867 dictis
237 3807 278 3866 et
305 3807 472 3867 vestrum
501 3791 652 3866 cuilibet
679 3794 715 3864 in
745 3789 917 3876 solidum,
947 3791 1172 3876 intimamus,
1202 3790 1435 3865 insinuamus
1453 3810 1493 3865 et
1511 3793 1602 3866 noti·

105 3917 259 3992 ficamus
287 3940 331 3990 ac
359 3916 409 3992 ad
436 3932 602 3991 vestram
631 3931 671 3992 et
699 3915 897 3992 cuiuslibet
924 3931 1092 3992 vestrum
1122 3915 1291 3990 notitiam
1320 3915 1541 3990 deducimus
1561 3942 1605 3992 ac

103 4042 237 4117 deduci
265 4040 439 4116 volumus
466 4058 506 4117 et
534 4043 757 4117 mandamus
785 4067 854 4140 per
881 4043 1036 4118 easdem
1065 4057 1302 4139 praesentes.

182 4169 224 4242 ln
251 4192 412 4266 quorum
441 4168 605 4242 omnium
634 4186 672 4242 et
701 4166 934 4267 singulorum
962 4168 1073 4244 fidem
1102 4167 1170 4242 has
1198 4183 1421 4265 praesentes
1458 4168 1536 4242 lieri
1564 4187 1604 4243 et

103 4317 171 4388 per
199 4291 397 4366 Notarium
425 4308 595 4368 nostrum
624 4291 811 4389 publicum
840 4293 1114 4390 infrascriptum
1145 4292 1328 4367 subscribi
1357 4309 1396 4366 et
1423 4293 1603 4390 publicari

103 4415 288 4518 sigillique
318 4417 436 4492 nostri
463 4417 711 4513 impressione
739 4419 957 4491 communiri
986 4419 1171 4492 iussimus.

184 4541 327 4615 Datum
365 4541 521 4628 Romae,
560 4567 607 4616 ex
648 4542 807 4617 aedibus
840 4544 992 4631 nostris,
1022 4565 1122 4618 anno
1156 4567 1179 4616 a
1216 4539 1422 4617 Nati'vitate
1450 4541 1603 4617 Domini

104 4667 234 4742 Nostri
260 4665 346 4740 lesu
376 4665 515 4740 Christi
543 4666 740 4742 millesimo
768 4667 1042 4741 sexcentesimo
1070 4667 1311 4766 sexagesimo
1339 4683 1487 4763 quarto,
1510 4668 1602 4741 Indi-

102 4792 224 4866 ctione
253 4791 429 4879 secunda,
460 4790 520 4866 die
551 4817 644 4867 vero
681 4793 959 4890 decimaquinta
996 4793 1136 4868 mensis
1168 4791 1332 4877 ianuarii,
1364 4791 1603 4867 Pontificatus

101 4932 228 4990 autem
257 4914 333 4990 Smi
361 4915 398 4990 in
428 4915 580 4990 Christo
610 4917 729 4992 Patris
766 4933 806 4992 et
842 4918 994 4994 Domini
1033 4917 1176 5004 Nostri,
1211 4915 1364 4990 Domini
1396 4916 1601 4991 Alexandri

106 5041 241 5116 Divina
275 5041 514 5116 Providentia
551 5041 677 5139 Papae
719 5045 879 5142 septimi,
919 5068 1018 5118 anno
1055 5045 1136 5117 eius
1179 5065 1295 5130 nono,
1338 5043 1602 5139 praesentibus

103 5165 440 5262 ibidemoominis
469 5167 668 5242 Francisco
698 5169 871 5244 Ferrario
899 5186 938 5245 et
967 5169 1079 5244 Petro
1115 5165 1378 5242 Francisconio
1413 5165 1600 5241 Connota-

106 5293 165 5366 riis
193 5292 372 5367 Tesnbus
399 5293 448 5366 ad
480 5293 687 5389 praemissa
720 5296 863 5369 vocatis
898 5313 1014 5391 atque
1050 5293 1205 5392 rogatis,
1241 5293 1429 5389 requisitis
1466 5311 1505 5367 et
1540 5319 1600 5368 as·

106 5416 275 5515 sumptis.
