3688 5924
227 285 264 344 2]
707 291 710 310 ⁴
861 283 998 342 soeculo
1017 283 1106 342 xm

225 481 460 576 procuratori
487 481 579 566 eius,
601 479 704 575 apud
724 479 863 552 Sedem
882 478 1142 574 Apostolicam
1161 478 1384 565 constitutis,
1415 479 1590 553 dilectum
1614 479 1724 554 filium

226 603 327 692 Oct,
347 604 627 680 Subdiaconum
646 620 688 678 et
703 602 949 700 Capellanum
970 602 1334 688 nostrum,dedimus
1348 601 1584 689 Auditorem,
1599 628 1725 678 coram

225 753 302 826 quo
330 729 453 804 dictus
482 746 703 826 procurator
730 727 938 824 predictam
954 725 1162 801 Ecclesiam
1190 744 1398 802 memorato
1422 725 1592 802 Arnoldo
1620 729 1727 824 petiit

225 879 249 928 a
277 871 315 929 te
343 855 462 940 reddi,
492 879 669 928 asserens
696 877 781 928 eam
808 852 859 926 ad
886 853 1010 948 ipsum
1038 852 1087 925 de
1114 853 1193 926 iure
1221 868 1456 949 spectantem
1491 877 1515 926 a
1551 869 1589 927 te
1626 852 1726 926 inde-

224 979 301 1054 bite
330 979 497 1066 detineri,
528 1004 614 1052 cum
642 978 741 1054 idem
769 977 818 1054 A.
848 977 982 1051 luisset
1010 977 1171 1051 adeam
1199 1001 1222 1050 a
1249 1001 1341 1051 vero
1368 991 1529 1073 patrono
1551 978 1728 1053 canonice

224 1120 477 1201 presentatus.
505 1104 564 1178 Tu
592 1127 683 1186 vero
711 1104 814 1178 litem
842 1102 1104 1190 contestando,
1135 1101 1370 1200 respondens
1397 1102 1501 1201 quod
1520 1102 1727 1178 Ecclesiam

222 1229 344 1326 ipsam
358 1255 405 1304 ex
419 1230 624 1304 donatione
638 1226 863 1303 venerabilis
881 1227 1006 1303 fratris
1021 1229 1139 1302 nostri
1156 1285 1178 1304 ..
1196 1227 1414 1303 Portuensis
1430 1227 1620 1325 Episcopi,
1639 1245 1728 1304 tunc

224 1353 448 1450 Apostolice
476 1352 586 1427 Sedis
613 1353 741 1452 legati,
772 1353 896 1426 {ueras
924 1353 1101 1426 canonice
1128 1367 1335 1437 assecutus,
1366 1353 1496 1450 petisti
1523 1377 1609 1427 eum
1633 1355 1728 1428 atui

223 1501 338 1574 super
366 1481 447 1576 ipsa
475 1478 632 1552 ecclesia
660 1477 923 1558 molestatione
951 1478 1153 1575 compesci.
1174 1478 1348 1574 Cumque
1367 1502 1482 1576 super
1508 1476 1578 1552 hiis
1598 1477 1731 1553 suisset
1835 1471 1836 1480 '

223 1602 437 1700 aliquandiu
466 1602 730 1700 disceptatum,
760 1603 884 1676 dictus
913 1602 1157 1700 Capelianus,
1187 1601 1324 1676 auditis
1351 1619 1393 1677 et
1426 1602 1624 1678 intellectis
1651 1625 1728 1700 que

226 1727 309 1800 hinc
337 1727 423 1802 inde
451 1729 555 1802 suere
582 1729 790 1824 proposita,
820 1729 868 1802 de
898 1729 1076 1803 mandato
1114 1743 1244 1803 nostro
1279 1727 1405 1803 habito
1440 1730 1603 1804 virorum
1625 1753 1729 1826 ‘pru-

224 1852 392 1927 dentium
420 1851 585 1938 consilio,
615 1856 664 1928 ab
691 1853 925 1951 impetitione
953 1853 1087 1952 prelati
1115 1853 1274 1927 Arnoldi
1300 1871 1339 1929 et
1366 1855 1620 1951 procuratoris
1646 1853 1730 1928 eius

225 1977 497 2053 sententialiter
523 1994 561 2052 te
589 1978 762 2064 absolvit,
783 1995 1009 2077 perpetuum
1037 1979 1117 2052 eius
1145 2003 1260 2076 super
1277 1979 1411 2053 eadem
1431 1977 1599 2053 Ecclesia
1617 1976 1731 2052 silen-

225 2101 317 2177 tium
345 2103 584 2202 imponendo,
620 2103 715 2178 sicut
742 2103 860 2200 ipsius
890 2103 1084 2198 Capellani
1119 2105 1241 2179 littere
1275 2105 1423 2203 plenius
1454 2119 1729 2202 protestantur.

225 2225 408 2302 Volentes
436 2228 548 2326 igitur
576 2228 798 2302 sententiam
828 2253 898 2327 per
922 2229 1084 2304 eundem
1104 2227 1350 2328 Capelianum
1370 2229 1439 2303 rite
1459 2229 1644 2326 prolatam
1671 2229 1732 2302 fir·

226 2351 394 2424 mitatem
422 2350 587 2426 debitam
624 2353 806 2440 obtinere,
845 2378 928 2427 eam
967 2353 1190 2428 auctoritate
1222 2355 1430 2451 apostolica
1465 2355 1731 2430 confirmamus

224 2489 265 2549 et
291 2475 479 2572 presentis
508 2476 637 2574 scripti
663 2476 873 2574 patrocinio
906 2478 1190 2555 communimus.
1220 2477 1321 2552 Nulli
1358 2491 1452 2578 ergo
1489 2494 1559 2554 etc.
1600 2492 1730 2553 nostre

225 2599 515 2676 confirmationis
543 2615 613 2676 etc.
645 2601 684 2675 Si
715 2601 800 2699 quis
829 2619 956 2677 autem
984 2620 1056 2677 etc.
1088 2601 1177 2676 Dat.
1208 2603 1382 2678 Laterani
1409 2631 1434 2677 v
1462 2602 1546 2677 idus
1574 2605 1671 2679 maii.

952 2935 1016 3014 20.

226 3147 435 3246 Gregorius
463 3149 538 3234 IX,
568 3149 747 3223 Iohanm's
778 3149 881 3248 Spat.
913 3149 1135 3224 Subdtbcom'
1158 3158 1194 3222 et
1219 3147 1414 3246 capellani
1428 3148 1489 3222 sui
1513 3145 1728 3220 sentcnnizm

308 3274 515 3359 confimat.

304 3443 396 3516 (Rus.
416 3443 508 3510 Vns..
526 3445 580 3516 111,
591 3445 655 3516 fol.
673 3443 756 3516 113⁹,
776 3459 869 3501 anno
887 3441 948 3510 III,
970 3449 1039 3516 cap.
1059 3441 1120 3510 12,·
1137 3441 1174 3500 L.
1194 3443 1346 3516 Auvnnu,
1366 3459 1398 3500 n.
1417 3443 1504 3513 297).

1345 3602 1424 3674 1229,
1444 3603 1507 3662 mai
1529 3604 1571 3677 10,
1590 3603 1731 3662 Perusii.

304 3820 481 3918 Capitulo
509 3820 790 3919 Argentinensi.
831 3819 927 3894 Cum
965 3821 1062 3894 inter
1096 3821 1121 3895 l.
1160 3819 1361 3918 plebanum
1498 3840 1537 3897 et
1564 3847 1633 3895 vos

221 3945 372 4043 questio
401 3949 557 4021 suborta
586 3946 719 4019 luisset
841 3962 931 4042 post
958 3946 1128 4019 diversas
1156 3945 1438 4020 commissiones
1466 3945 1550 4021 hinc
1572 3946 1659 4020 inde
1677 3947 1729 4020 ad

221 4069 360 4144 iudices
380 4072 552 4145 diversos
573 4072 749 4144 obtentas
771 4126 801 4145 ..
827 4069 991 4167 plebano
1023 4086 1062 4144 et
1158 4069 1314 4144 Decano
1335 4131 1363 4146 ..
1395 4071 1441 4144 R.
1467 4069 1504 4146 S.
1536 4071 1729 4145 Eustachii

222 4193 433 4269 Diaconum
454 4193 705 4280 Cardinalem,
729 4193 988 4269 Camerarium
1009 4212 1193 4282 nostrum,
1219 4196 1474 4269 concessimus
1489 4195 1728 4271 Auditorem.

302 4317 377 4413 Qui
406 4345 490 4392 cum
518 4337 607 4416 post
634 4319 931 4417 disceptationes
960 4321 1183 4417 multiplices
1200 4319 1338 4395 dilecto
1357 4320 1430 4394 filio
1449 4321 1612 4394 Iohanni
1620 4320 1726 4420 Spat.

221 4443 446 4517 Subdtbcono
473 4453 507 4515 et
528 4441 724 4542 Capellano
751 4454 887 4542 nostro,
917 4445 965 4518 de
994 4461 1125 4518 nostro
1145 4445 1323 4518 mandato
1342 4469 1494 4517 causam
1513 4444 1728 4518 huiusmodi

220 4569 481 4651 commisisset,
512 4568 705 4664 predictus
738 4551 916 4642 Decanus
943 4595 1067 4642 coram
1095 4569 1214 4642 codem
1238 4567 1434 4666 Capellam
1452 4571 1698 4665 proposuit..
1718 4628 1727 4644 .

223 4693 419 4767 Pudicius
440 4718 526 4766 vero
556 4692 776 4791 Capelianus
803 4693 874 4767 hiis
892 4708 932 4767 et
949 4693 1030 4766 aliis
1059 4757 1065 4770 .
1086 4752 1120 4769 ..
1148 4693 1357 4781 intellectis,
1372 4709 1411 4767 et
1430 4693 1550 4768 Nobis
1567 4693 1730 4767 fideliter

221 4818 396 4906 recitatis,
412 4819 460 4892 de
476 4819 655 4892 mandato
670 4835 801 4892 nostro
820 4835 860 4894 et
879 4817 1053 4892 Fratrum
1073 4834 1287 4893 nostrorum
1307 4817 1472 4904 consilio,
1494 4818 1566 4892 iam
1586 4817 1728 4894 dictum

153 4961 158 4974 ·
224 4944 417 5018 Decanum
540 4940 811 5017 sententialiter
934 4943 1105 5018 absolvit.
1137 4943 1219 5016 Nos
1246 4943 1361 5041 igitur
1387 4959 1460 5018 ete.
