3720 5914
247 320 303 380 214
893 317 1029 376 Saeculo
1048 315 1117 377 XV

330 513 380 586 Et
408 511 666 586 nichilominus
693 509 877 597 volumus,
908 510 1144 586 decernimus
1172 527 1211 585 et
1238 511 1455 586 ordinamus
1483 511 1629 608 ipsique
1656 509 1748 584 Col-

247 638 349 738 legio
376 662 420 711 ac
441 637 688 711 Auditoribus
715 650 755 709 et
773 635 1091 711 Locatenentibus
1110 661 1253 721 eorum,
1274 635 1514 733 presentibus
1533 649 1573 708 et
1599 633 1745 718 futuris,

248 761 498 846 concedimus,
528 761 634 858 quod
669 760 740 858 ipsi
772 761 808 834 in
835 761 1073 835 assecutione
1100 786 1423 859 quorumcumque
1452 759 1748 834 Canonicatuum

248 902 289 962 et
315 886 591 984 prebendarum
619 911 688 960 nec
721 909 794 960 non
823 886 1058 985 dignitatum,
1075 901 1356 981 personatuum,
1372 883 1746 966 administrationum,

248 1011 468 1098 officiorum,
489 1010 828 1108 prestimoniorum,
850 1008 1184 1106 prestimonialium
1212 1010 1427 1106 portionum
1454 1034 1499 1082 ac
1526 1007 1749 1105 simplicium

250 1150 289 1209 et
329 1159 654 1232 quorumcumque
695 1131 852 1208 aliorum
893 1134 1157 1208 beneficiorum
1198 1133 1534 1222 ecclesiasticorum
1571 1157 1751 1228 quarum·

250 1283 412 1356 cumque
432 1257 666 1354 qualitatum,
687 1283 763 1354 que
783 1258 915 1357 vigore
933 1261 1139 1358 gratiarum
1158 1259 1478 1357 expectativarum
1501 1282 1571 1355 per
1597 1282 1669 1332 nos
1697 1258 1752 1330 eis

249 1385 321 1459 sub
349 1384 425 1458 dat.
460 1383 739 1481 quintodecimo
766 1382 840 1460 kal.
870 1383 1080 1458 decembris
1109 1383 1350 1458 Pontificatus
1378 1384 1497 1458 nostri
1514 1406 1614 1457 anno
1632 1383 1754 1456 unde-

250 1508 347 1583 cimo
378 1532 643 1583 concessarum
681 1522 720 1581 et
753 1509 790 1581 in
825 1525 1019 1607 posterum
1053 1533 1121 1605 per
1157 1533 1227 1582 nos
1263 1523 1302 1582 et
1338 1508 1474 1582 dictam
1510 1507 1641 1580 sedem
1679 1508 1752 1580 sub

249 1634 395 1720 eadem,
425 1633 485 1708 vel
512 1633 647 1730 quavis
673 1633 746 1707 alia
765 1633 864 1720 data,
885 1633 1220 1730 comedendarum,
1242 1650 1282 1708 et
1300 1633 1560 1707 extensionum
1579 1657 1624 1706 ac
1642 1656 1753 1706 reva-

248 1757 468 1832 lidationum
489 1783 556 1832 seu
575 1757 825 1832 mutationum
843 1756 1082 1832 collationum
1101 1759 1330 1846 earumdem,
1348 1757 1380 1832 si
1399 1783 1495 1854 quas
1514 1781 1584 1852 per
1602 1782 1674 1832 nos
1695 1756 1754 1829 vel

250 1883 371 1979 ipsam
391 1883 521 1956 sedem
541 1882 708 1957 inantea
727 1881 806 1956 fieri
825 1882 1061 1981 contigerint,
1081 1882 1361 1980 acceptaverint
1387 1898 1428 1956 et
1454 1882 1502 1956 de
1524 1881 1662 1978 quibus
1682 1882 1753 1954 sibi
1847 1979 1848 1986 ἵ

250 2006 441 2104 provideri
476 2007 642 2091 fecerint,
672 2008 845 2082 omnibus
881 2006 962 2081 aliis
991 2023 1031 2080 et
1063 2007 1219 2107 singulis
1246 2007 1515 2101 cuiuscumque
1542 2005 1751 2104 dignitatis
1791 1995 1796 2002 ’
1847 2029 1848 2036 ’

251 2147 386 2218 status,
416 2131 570 2230 gradus,
600 2130 753 2218 ordinis,
783 2132 1007 2207 conditionis
1042 2132 1103 2206 vel
1138 2132 1407 2229 preeminentie
1444 2132 1590 2215 fuerint,
1625 2131 1755 2205 Cano·

251 2257 395 2330 nicatus
422 2273 464 2331 et
490 2258 715 2355 prebendas,
746 2257 962 2356 dignitates,
983 2275 1222 2354 personatus,
1243 2256 1598 2344 administrationes,
1617 2256 1753 2340 officia,

250 2382 505 2481 prestimonia,
535 2384 729 2480 portiones
755 2398 796 2456 et
823 2382 1003 2457 beneficia
1031 2383 1255 2468 huiusmodi,
1289 2382 1507 2480 quarumvis
1542 2382 1752 2490 litterarum

250 2506 543 2605 apostolicarum
561 2506 621 2582 vel
641 2507 874 2605 Legatomm
902 2508 1048 2604 prefate
1077 2508 1179 2582 sedis
1207 2509 1348 2606 vigore,
1378 2531 1619 2603 quocumque
1654 2523 1753 2580 tem-

250 2656 343 2728 pore
369 2633 668 2730 expectantibus,
698 2632 811 2706 etiam
839 2632 1055 2720 illustribus,
1076 2658 1120 2706 ac
1149 2633 1322 2707 omnibus
1349 2649 1390 2706 et
1418 2631 1574 2730 singulis
1601 2631 1637 2703 in
1665 2656 1755 2727 pre-

249 2757 336 2832 fatis
371 2757 505 2832 litteris
548 2755 760 2854 specialiter
797 2759 1006 2845 nominatis,
1037 2775 1077 2831 et
1113 2782 1350 2854 quacumque
1388 2755 1650 2832 Ecclesiastica
1694 2757 1753 2830 vel

248 2883 439 2956 mundana
457 2881 641 2981 dignitate
665 2883 918 2981 fungentibus,
941 2883 1113 2978 personis
1133 2882 1410 2957 Venerabilium
1428 2879 1585 2956 fratrum
1605 2897 1753 2955 nostro·
1847 2887 1848 2922 ³

250 3032 331 3079 rum
360 3021 489 3080 sancte
517 3006 688 3080 Romane
715 3007 871 3081 ecclesie
901 3005 1155 3080 Cardinalium
1182 3030 1226 3079 ac
1245 3005 1484 3080 familiaribus
1505 3005 1643 3079 nostris
1663 3031 1752 3080 con-

248 3131 359 3205 tinuis
388 3131 703 3205 commensalibus
725 3147 766 3205 et
788 3131 976 3206 nonnullis
998 3130 1079 3206 aliis
1103 3131 1138 3204 in
1162 3131 1275 3205 certis
1298 3130 1432 3204 litteris
1456 3130 1596 3204 nostris
1623 3130 1753 3227 quoad

246 3273 371 3330 certas
412 3256 674 3353 prerogativas
715 3255 753 3328 in
793 3257 1030 3331 assecutione
1067 3255 1331 3331 beneficiorum
1372 3257 1503 3353 vigore
1544 3255 1751 3353 gratiarum

247 3380 567 3476 expectativarum
605 3403 674 3476 per
707 3403 777 3453 nos
809 3380 864 3455 eis
901 3403 1166 3454 concessarum
1203 3379 1372 3453 facienda
1410 3380 1610 3476 descriptis
1646 3381 1751 3453 dum-

251 3521 356 3580 taxat
374 3503 556 3598 exceptis,
573 3521 611 3576 et
626 3504 657 3577 si
671 3501 721 3576 ad
738 3503 858 3578 instar
871 3505 1091 3578 eorumdem
1110 3502 1343 3578 familiarium
1358 3503 1596 3601 antiquorum
1611 3502 1753 3578 descri-

249 3643 400 3724 ptorum
429 3627 464 3699 in
493 3625 666 3700 omnibus
693 3643 733 3701 et
759 3652 828 3723 per
855 3629 979 3702 omnia
1007 3627 1258 3724 pariformiter
1285 3627 1441 3725 perinde
1471 3653 1516 3702 ac
1543 3629 1575 3701 si
1605 3628 1687 3702 veri
1714 3644 1753 3700 et

251 3778 324 3826 non
350 3751 424 3827 ficti
453 3751 653 3825 familiares
681 3752 814 3838 forent,
846 3767 886 3826 et
913 3753 993 3826 sine
1020 3753 1095 3826 ulla
1122 3776 1279 3848 prorsus
1299 3751 1518 3839 differentia,
1537 3777 1561 3825 a
1581 3753 1691 3827 nobis
1714 3766 1753 3825 et

249 3903 272 3950 a
301 3876 594 3983 sedepredicta
623 3878 886 3976 prerogativas
918 3876 1204 3974 quomodolibet
1241 3878 1480 3963 obtinuerint,
1502 3877 1753 3974 pariformiter

248 4002 400 4076 omnino
428 4001 665 4098 preferantur
691 4020 731 4077 et
759 4002 913 4099 preferri
941 4003 1117 4087 debeant,
1141 4002 1255 4076 etiam
1283 4002 1315 4075 si
1341 4017 1587 4100 expectantes
1624 4002 1752 4075 huius-

250 4125 352 4199 modi
381 4128 416 4199 in
443 4127 623 4215 ecclesiis,
643 4129 680 4200 in
700 4128 836 4224 quibus
866 4127 1120 4201 Canonicatus
1147 4143 1187 4201 et
1214 4125 1407 4224 prebende
1433 4127 1581 4215 fuerint,
1601 4142 1751 4225 aposto·

248 4253 318 4326 lica
336 4251 558 4326 auctoritate
578 4251 614 4323 in
635 4251 848 4326 Canonicos
866 4251 941 4326 sint
959 4252 1074 4326 creati
1092 4252 1151 4326 vel
1170 4253 1322 4348 recepti,
1339 4268 1380 4326 et
1405 4250 1529 4326 littere
1547 4251 1628 4348 ipse
1646 4265 1750 4326 motu

250 4376 404 4472 proprio
431 4399 622 4462 concesse,
648 4399 888 4472 quacumque
916 4374 1108 4474 diligentia
1136 4400 1251 4472 super
1278 4375 1559 4472 presentatione
1577 4399 1644 4449 seu
1663 4399 1751 4448 exe·

249 4500 399 4574 cutione
413 4498 621 4573 litterarum
640 4499 857 4574 earumdem
877 4501 976 4574 facta
995 4501 1275 4585 nonobstante,
1294 4525 1362 4574 nec
1378 4502 1631 4598 prerogative,
1646 4515 1751 4573 ante-

249 4624 419 4708 lationes‚
451 4624 737 4710 nominationes,
768 4625 1058 4720 nominandique
1077 4638 1118 4698 et
1144 4625 1216 4698 alie
1243 4625 1453 4711 facultates,
1478 4623 1749 4698 declarationes

252 4763 292 4821 et
319 4747 472 4835 indulta,
505 4747 679 4845 primarie
712 4773 846 4844 preces
881 4773 1120 4844 quecumque
1153 4748 1288 4844 sique
1325 4750 1361 4821 in
1398 4749 1562 4822 favorem
1591 4747 1749 4844 Impera·

253 4873 355 4960 toris,
387 4872 549 4971 Regum,
581 4872 730 4948 Ducum
767 4874 1004 4969 aliorumque
1032 4873 1243 4971 Principum
1270 4889 1337 4946 aut
1366 4873 1600 4947 Prelatorum
1631 4873 1747 4946 cuius·

251 5019 412 5091 cumque
439 4994 658 5069 excellentie
685 4995 745 5069 vel
773 4996 1052 5091 preeminentie,
1081 5014 1148 5070 aut
1174 4996 1245 5071 alia
1268 4997 1402 5094 quavis
1420 4995 1671 5071 ecclesiastica
1687 4991 1744 5067 vel

251 5118 440 5193 mundana
467 5119 651 5219 dignitate
678 5119 911 5220 fulgentium,
947 5147 1014 5195 seu
1051 5121 1304 5218 predictarum
1341 5120 1401 5195 vel
1436 5121 1591 5196 aliarum
1619 5143 1743 5217 perso
1847 5127 1848 5220 ,

251 5268 383 5318 narum
412 5267 735 5342 quarumcumque
764 5247 876 5318 etiam
904 5262 1009 5320 motu
1038 5246 1145 5319 simili
1172 5260 1239 5319 aut
1265 5245 1566 5320 consideratione
1601 5269 1743 5318 eorum·
1847 5233 1848 5290 Ὗ

253 5368 339 5443 dem
368 5367 579 5465 Principum
606 5367 666 5443 vel
694 5369 938 5458 Prelatorum,
968 5394 1034 5444 seu
1063 5371 1155 5445 alias
1183 5371 1254 5444 sub
1281 5394 1519 5468 quacumque
1546 5369 1742 5444 verborum
