3708 5918
217 301 257 360 58
846 297 985 360 Soeculo'
1000 300 1091 363 XIII

222 402 265 410 -σ-,

219 508 258 567 et
277 493 410 566 irritari
429 517 495 566 seu
515 517 666 566 cassum
679 507 719 566 et
732 492 874 567 irritum
889 493 1068 580 nuntiari;
1083 491 1179 589 petit
1191 491 1305 566 etiam
1319 515 1518 588 expensas,
1540 489 1710 587 dampna,
1817 494 1819 501 '

118 706 120 719 ¹
218 641 315 712 quas
342 631 485 714 etque
512 632 754 713 protestatur,
785 642 860 713 que
887 634 926 692 et
953 618 1113 715 quasin
1141 641 1321 714 processu
1350 616 1473 690 iudicii
1500 614 1712 692 declarabit.

307 733 566 838 ‹Subscripta
593 743 812 840 gravamina
847 759 934 816 sunt
969 767 1082 818 cause
1118 741 1410 839 appellationum
1448 755 1606 838 propter
1640 766 1714 837 que

216 867 341 941 extitit
367 867 598 963 appellatum
625 891 648 940 a
675 867 858 966 magistro
888 867 1095 952 Arditione,
1117 866 1325 962 primicerio
1345 864 1628 952 Mediolanensi,
1650 891 1716 942 au-

218 990 340 1065 ditore
367 991 550 1087 deputato
577 1018 600 1066 a
627 993 829 1068 venerabili
857 1009 965 1088 patre
984 992 1137 1068 domino
1156 990 1365 1075 Ottobono,
1386 991 1597 1088 apostolice
1616 991 1716 1064 sedis

217 1115 347 1213 legato
375 1117 410 1189 in
438 1116 589 1215 Anglia,
618 1118 655 1189 in
683 1141 797 1192 causa
824 1141 899 1214 quc
926 1117 1144 1190 vertebatur
1170 1117 1267 1190 inter
1294 1114 1446 1190 fratrem
1478 1115 1519 1190 Β.
1551 1114 1661 1188 Pains
1678 1131 1718 1190 et

219 1241 381 1336 priorem
410 1257 539 1315 sancte
567 1241 760 1316 Trinitatis
789 1241 1049 1327 Eboracensis,
1081 1257 1207 1315 tama
1237 1241 1399 1314 Domino
1421 1239 1715 1336 archiepiscopo,

219 1391 331 1462 quam
359 1389 383 1440 a
410 1368 510 1441 dicto
538 1367 672 1463 priore,
704 1366 878 1442 videlicet
895 1391 980 1440 cum
1000 1381 1221 1462 procurator
1239 1365 1375 1462 prioris
1394 1364 1551 1460 predicti
1571 1381 1719 1460 peteret

218 1491 416 1565 terminum
445 1490 494 1566 ad
522 1493 804 1588 producendum
832 1488 978 1566 litteras
1003 1504 1044 1564 et
1070 1491 1317 1564 instrumenta
1344 1515 1419 1586 que
1447 1489 1664 1564 residebant
1682 1489 1719 1562 in

219 1616 449 1690 thesauraria
477 1617 727 1692 Eboracensis
754 1615 921 1701 ecclesie,
951 1615 1001 1690 ad
1028 1615 1264 1712 probandum
1291 1615 1470 1690 articulos
1496 1641 1520 1689 a
1547 1615 1721 1711 predicto

218 1741 402 1838 magistro
429 1742 627 1818 Arditione
654 1743 842 1817 admissos
872 1741 978 1816 nimis
997 1743 1150 1816 brevem
1170 1741 1367 1816 terminum
1396 1742 1445 1814 ad
1472 1741 1556 1836 ipsa
1583 1742 1723 1815 instru-

219 1881 346 1940 menta
386 1866 628 1962 producenda
676 1885 716 1942 et
756 1866 965 1942 exhibenda
1001 1866 1220 1964 assignavit,
1257 1864 1471 1962 appellavit.
1502 1865 1595 1940 ltem
1632 1865 1723 1963 quia

218 1989 342 2065 dictus
367 1991 517 2066 auditor
542 1992 743 2091 denegavit
771 1991 1066 2088 compulsionem
1095 1991 1248 2066 testium
1277 1991 1574 2065 necessariorum
1595 1991 1647 2066 ad
1667 1991 1724 2064 in·

220 2117 463 2192 structionem
490 2134 531 2192 et
557 2120 819 2216 probationem
832 2143 968 2205 cause,
1001 2143 1096 2214 quas
1124 2119 1269 2215 absque
1287 2116 1547 2214 compulsione
1563 2116 1614 2190 ad
1634 2141 1725 2213 per-

220 2241 422 2316 hibendum
451 2245 705 2319 testimonium
735 2269 809 2318 non
837 2243 961 2339 potuit
987 2243 1115 2318 haberi
1143 2267 1257 2339 super
1274 2241 1430 2317 articulo
1449 2240 1525 2330 tali,
1546 2240 1725 2316 videlicet

220 2365 324 2462 quod
351 2368 536 2444 institutio
563 2370 698 2466 prioris
725 2369 761 2441 in
789 2369 957 2465 prioratu
985 2383 1114 2443 sancte
1140 2366 1335 2442 Trinitatis
1354 2366 1616 2454 Eboracensis,
1637 2392 1725 2442 cum

221 2505 340 2578 vacat,
358 2508 506 2589 spectat
522 2495 571 2568 ad
586 2493 908 2590 archiepiscopum
924 2493 1214 2568 Eboracensem.
1229 2491 1323 2567 Item
1338 2515 1452 2587 super
1464 2490 1539 2566 alio
1552 2491 1724 2575 articulo,

221 2615 392 2690 videlicet
418 2618 523 2715 quod
550 2618 855 2715 archiepiscopus
882 2633 943 2690 est
970 2617 1004 2688 in
1038 2616 1280 2713 possessione
1312 2616 1529 2690 instituendi
1555 2614 1727 2712 priorem

219 2739 257 2813 in
284 2739 385 2816 dicto
404 2743 583 2837 prioratu,
604 2757 711 2818 etc...
740 2785 768 2798 -
795 2743 902 2829 ltem,
921 2743 1009 2838 quia
1027 2741 1230 2838 denegavit
1247 2739 1531 2837 archiepiscopo
1549 2765 1617 2814 seu
1640 2763 1727 2836 pro

219 2865 383 2940 curatori
410 2865 683 2940 restitutionem
710 2853 894 2941 adversus
921 2891 968 2940 ea
995 2888 1070 2960 que
1097 2878 1325 2960 attemptata
1350 2877 1469 2950 erant,
1498 2877 1539 2937 et
1573 2879 1664 2938 acta
1690 2864 1729 2937 in

220 2987 319 3062 dicta
347 3014 471 3074 causa,
501 2991 661 3065 ecclesia
679 2990 908 3066 Eboracensi
927 3006 1094 3073 vacante,
1115 2990 1165 3061 ad
1183 3013 1297 3086 quem
1316 2987 1486 3064 defensio
1513 2987 1602 3061 dicti
1622 2988 1730 3085 prio·

220 3128 325 3187 ratus
353 3115 410 3187 sui
438 3115 473 3188 in
501 3115 650 3190 civitate
679 3115 907 3192 Eboracensi
935 3115 1159 3212 pertinebat.
1181 3114 1274 3188 ltem
1294 3115 1383 3209 quia
1400 3113 1603 3212 denegavit
1621 3137 1731 3187 com-

219 3237 360 3334 pellere
387 3238 571 3314 decanum
604 3255 644 3314 et
671 3241 871 3314 canonicos
908 3239 1158 3316 Eboracensis
1193 3237 1350 3313 ecclesie
1385 3238 1434 3312 ad
1469 3236 1728 3314 exhibendum

219 3362 415 3461 originalia
441 3365 688 3440 instrumenta
715 3389 791 3462 que
819 3365 1035 3438 residebant
1062 3387 1181 3460 penes
1207 3387 1286 3450 eos,
1317 3379 1358 3436 et
1393 3386 1461 3458 per
1497 3385 1572 3459 que
1608 3387 1729 3438 causa

220 3486 388 3580 predicta
415 3489 538 3584 potuit
565 3489 707 3571 instrui,
727 3504 767 3562 et
789 3513 865 3584 que
884 3487 1097 3562 necessaria
1114 3502 1224 3562 erant
1241 3487 1291 3560 ad
1309 3485 1589 3561 instructionem
1609 3511 1730 3560 cause

221 3626 438 3686 memorate.
468 3612 561 3686 ltem
589 3611 677 3709 quia
703 3612 918 3711 denegabat
944 3613 1093 3686 mittere
1120 3610 1169 3683 ad
1197 3627 1325 3707 partes
1354 3610 1615 3686 Eboracenses
1635 3634 1730 3684 exa-

218 3736 423 3810 minatores
449 3736 498 3809 ad
528 3737 780 3832 recipiendum
809 3751 928 3810 testes
957 3761 1068 3810 senes
1095 3750 1135 3808 et
1163 3734 1453 3817 valetudinarios
1481 3750 1521 3808 et
1539 3735 1724 3833 egregias

218 3881 412 3954 personas,
443 3860 479 3933 in
514 3861 683 3957 partibus
719 3860 789 3934 illis
824 3859 1021 3959 degentes,
1051 3885 1117 3934 seu
1153 3858 1466 3934 examinationem
1497 3859 1728 3934 eorumdem

218 3982 404 4079 aliquibus
432 3985 604 4060 discretis
631 3986 719 4059 viris
747 3987 993 4070 committere,
1023 3987 1160 4082 quibus
1187 3985 1235 4060 de
1262 3985 1342 4058 iure
1372 3999 1455 4058 erat
1483 3985 1728 4060 mittendum.

219 4108 313 4182 ltem
341 4109 431 4205 quia
456 4109 644 4186 articulos.
662 4135 729 4208 per
756 4135 855 4207 quos
882 4135 996 4185 causa
1023 4109 1155 4184 instrui
1183 4109 1306 4205 potuit
1332 4125 1372 4182 et
1400 4133 1496 4205 quos
1520 4109 1731 4184 admittere

219 4231 358 4319 debuit,
380 4235 428 4308 de
456 4235 536 4309 iure
558 4235 759 4309 admittere
777 4235 974 4310 recusavit.
995 4235 1089 4308 ltem
1109 4233 1196 4331 quia
1214 4233 1418 4331 denegavit
1435 4232 1729 4332 archiepiscopo

220 4374 260 4432 et
286 4358 444 4433 ecclesie
471 4359 772 4434 Eboracensibus
800 4383 960 4455 quorum
988 4360 1167 4433 intererat
1186 4358 1391 4455 predictam
1419 4381 1571 4432 causam
1591 4359 1732 4448 delen-

221 4483 321 4570 dere‚
352 4484 580 4559 audientiam
606 4485 655 4558 ad
684 4485 881 4560 dicendum
914 4499 1044 4560 contra
1071 4481 1234 4558 libellum
1262 4498 1302 4557 et
1328 4481 1505 4556 articulos
1532 4497 1572 4556 et
1599 4499 1731 4560 testes

221 4609 426 4702 productos
454 4625 637 4706 exparte
665 4609 752 4684 dicti
782 4609 823 4683 B.
845 4625 977 4684 contra
1004 4609 1192 4694 iustitiam,
1222 4608 1271 4681 ad
1299 4605 1402 4702 quod
1429 4606 1477 4682 de
1505 4607 1585 4694 iure
1603 4607 1732 4686 debe'-

218 4733 310 4807 bant
336 4733 492 4810 admitti.
514 4735 607 4809 ltem
635 4735 724 4831 quia
746 4733 868 4808 dictus
895 4733 1076 4830 magister
1095 4731 1243 4806 Arditio
1261 4729 1449 4827 quosdam
1468 4745 1588 4804 testes
1617 4733 1733 4828 prius

221 4861 258 4932 in
284 4859 418 4935 eadem
449 4883 565 4934 causa
595 4857 801 4955 productos
835 4859 915 4933 sine
950 4841 1064 4933 causa
1095 4856 1306 4932 rationabili
1338 4856 1621 4931 recxaminabat
1656 4883 1731 4934 seu

220 4984 434 5080 recipiebat,
455 4985 546 5080 ipsis
573 4984 855 5081 archiepiscopo
881 4997 922 5057 et
948 4982 1073 5079 priore
1092 5007 1166 5078 per.
1179 4979 1451 5056 contumaciam
1481 5005 1556 5054 non
1582 4981 1733 5058 absen-

219 5109 330 5198 tibus,
353 5135 421 5184 nec
447 5110 503 5184 eis
531 5108 751 5184 denuntiato
779 5107 883 5204 quod
911 5108 1138 5182 interessent
1166 5104 1483 5192 reexaminationi,
1514 5129 1581 5180 seu
1611 5131 1734 5206 repe-

219 5234 351 5322 titioni,
386 5259 453 5308 nec
489 5235 682 5330 expressis
715 5234 783 5308 sibi
819 5233 991 5329 capitulis
1028 5256 1143 5328 super
1179 5231 1316 5328 quibus
1352 5244 1472 5304 testes
1507 5233 1731 5326 repetebat.

222 5359 432 5456 Prescripta
460 5358 676 5458 gravamina
694 5373 734 5430 et
751 5382 866 5432 cause
885 5373 973 5432 sunt
991 5371 1149 5453 propter
1166 5381 1243 5453 que
1263 5371 1303 5430 et
1322 5379 1418 5452 quas
1438 5355 1560 5430 extitit
1586 5359 1736 5454 appel-
