3686 5916
238 307 294 368 564
863 307 1001 367 soeculo
1021 306 1143 368 XVIII

241 497 406 574 Canillac
434 514 473 572 et
504 497 659 584 Borrull,
690 501 755 595 qui
788 499 910 574 minus
938 501 1038 574 bona
1065 499 1278 574 valetudine
1305 497 1578 574 detinebantur.
1610 497 1738 594 Expo-
1818 567 1820 612 ἶ

241 623 315 698 suit
343 624 479 698 deinde
508 625 554 699 R.
573 624 610 700 P.
633 624 682 698 D.
704 626 890 700 Olivatius
910 653 951 700 se
970 626 1146 700 inutiliter
1165 626 1407 722 deprecatum
1425 626 1540 699 luisse
1559 626 1605 698 R.
1629 625 1667 700 P.
1688 623 1735 698 D.
1818 613 1820 646 *

243 747 439 820 Decanum
470 749 653 823 Camerae
680 765 722 824 ut
749 750 810 824 die
839 751 1012 824 Mercurii
1044 775 1093 844 24
1121 750 1304 824 currentis
1346 749 1482 834 Martii,
1521 774 1620 845 quae
1654 749 1739 820 iuri-
1819 839 1820 848 ἶ

242 871 323 945 dica
354 889 448 958 erat,
470 899 704 973 congregare
724 875 944 973 dignaretur
962 876 1161 949 Cameram
1181 875 1292 971 eique
1307 876 1457 950 tradere
1478 873 1738 958 Roechettum,

244 996 445 1093 retulitque
471 999 558 1074 ideo
586 999 631 1076 R.
663 1000 700 1074 P.
725 999 772 1075 D.
796 1001 972 1074 Decanus
1005 1001 1217 1100 denegasse
1234 1000 1434 1075 Cameram
1453 1000 1624 1074 intimare
1652 999 1739 1095 quia
1818 1029 1820 1114 p

243 1120 279 1192 in
308 1121 444 1226 d[icto]
474 1124 664 1198 Tribunali
693 1124 815 1198 nullae
843 1125 1004 1198 aderunt
1032 1125 1182 1199 Causae
1211 1127 1282 1199 sub
1308 1151 1354 1199 ea
1381 1125 1442 1198 die
1461 1125 1737 1222 proponendae.

239 1243 333 1337 Quo
373 1249 512 1336 audito,
543 1251 760 1347 rogavimus
801 1251 937 1322 Emum
979 1249 1215 1325 Cardinalem
1245 1248 1598 1325 Vicecancellarium
1629 1264 1673 1321 ut
1706 1247 1739 1319 id
1818 1239 1820 1304 l

244 1371 382 1447 referre
410 1373 629 1473 dignaretur
657 1375 777 1450 SSri‘ro
806 1379 855 1450 ab
874 1400 997 1472 eoque
1017 1377 1234 1473 impetraret
1252 1377 1311 1450 vel
1344 1390 1385 1449 ut
1405 1374 1537 1450 Clerici
1557 1373 1739 1448 Camerae

244 1515 566 1596 congregarentur
610 1500 819 1574 etiamad
865 1503 1012 1575 unicum
1057 1501 1230 1575 ellectum
1276 1501 1448 1575 tradendi
1493 1500 1739 1575 Roechettum
1819 1493 1820 1498 ’

246 1621 292 1696 R.
309 1621 347 1698 P.
366 1623 414 1698 D.
436 1623 611 1710 Olivatio,
641 1624 700 1698 vel
721 1641 762 1698 ut
780 1627 996 1699 restitueret
1014 1645 1184 1699 nostrum
1204 1625 1382 1700 Tribunal
1402 1627 1438 1699 in
1458 1627 1653 1722 pristinum
1673 1625 1737 1708 ius,

245 1769 322 1841 quo
349 1762 461 1821 antea
488 1747 690 1836 fruebatur,
714 1749 886 1824 tradendi
904 1775 973 1846 per
992 1775 1033 1824 se
1052 1750 1174 1847 ipsum
1195 1750 1493 1846 independenter
1511 1775 1534 1823 a
1552 1746 1741 1822 Tribunali

247 1869 430 1945 Camerae
450 1871 619 1968 Aplicae
649 1873 899 1948 Roechettum
918 1877 1090 1949 omnibus
1110 1874 1147 1949 S.
1165 1875 1288 1949 Rotae
1306 1874 1564 1949 Auditoribus.
1582 1873 1739 1947 Nostras

246 2020 378 2090 preces
397 1997 662 2072 humanissime
699 2001 844 2096 accepit
880 2000 998 2073 Emus
1035 1999 1195 2075 Card.lis
1224 1998 1566 2086 VicecancellariuS,
1600 2023 1740 2094 easque

248 2123 328 2195 sine
347 2145 453 2197 mora
471 2122 606 2198 obtulit
620 2124 739 2198 SSriro
759 2125 823 2223 qui
843 2123 999 2200 Decano
1015 2125 1198 2199 Camerae
1213 2125 1376 2212 iniunxit,
1398 2141 1438 2199 ut
1458 2124 1557 2199 nulla
1583 2125 1740 2218 interpo

248 2246 320 2321 sita
347 2249 601 2336 excusatione,
623 2275 731 2324 suum
760 2267 987 2324 convocaret
1013 2249 1194 2324 Tribunal
1221 2274 1291 2347 pro
1318 2251 1439 2346 prima
1466 2251 1526 2323 die
1554 2249 1716 2323 iuridica.

330 2371 441 2446 Unde
469 2373 608 2448 lactum
634 2391 705 2461 est,
735 2392 777 2449 ut
805 2376 866 2449 die
904 2374 1079 2448 Mercurii
1124 2400 1174 2468 24
1210 2375 1341 2451 coitis
1378 2375 1505 2448 Martii
1540 2390 1742 2448 convocata

248 2498 358 2572 luerit
388 2497 550 2573 Camera
577 2500 735 2596 Aplica,
765 2501 1003 2597 traditusque
1031 2500 1262 2574 Roechettus
1290 2501 1336 2575 R.
1368 2500 1406 2576 P.
1438 2499 1487 2576 D.
1517 2499 1694 2575 Olivatio.

955 2801 1044 2880 445.

251 2945 452 3020 Auditorcs
479 2947 597 3020 Rotae
627 2945 683 3020 ad
713 2971 845 3020 novum
875 2943 1113 3019 Cardz'nolem
1149 2943 1520 3022 Via-cancellarium
1547 2944 1606 3016 uti
1639 2951 1740 3043 caput

329 3073 433 3145 sacri
457 3072 574 3145 Rotae
601 3071 797 3145 miunalrlr
824 3069 998 3144 accedunt
1018 3069 1266 3166 gratulaturi.

329 3227 444 3300 (Aaou.
463 3225 550 3298 Ros..
568 3225 735 3286 Daunum
755 3225 949 3298 Camerale).

814 3389 1048 3486 Septembris
1073 3394 1184 3484 1756.

332 3515 411 3588 Sub
438 3515 553 3590 hosce
580 3513 663 3588 dies
728 3571 1207 3591 ........
1213 3603 1219 3614 ·
1266 3569 1739 3588 ........

332 3639 478 3714 Eodem
507 3656 677 3736 tempore
706 3639 744 3713 S.
766 3641 811 3715 R.
834 3639 877 3714 E.
900 3639 1275 3713 Vicecancellariatus
1301 3636 1462 3713 officium
1491 3662 1635 3734 paucos
1661 3653 1741 3712 ante

251 3790 370 3840 annos
398 3762 564 3838 delatum
593 3765 689 3837 Erno
717 3782 755 3839 et
784 3765 882 3838 Rffio
915 3763 1057 3839 Card.ll
1096 3763 1315 3838 Hieronimo
1348 3760 1542 3850 Columna,
1574 3763 1741 3838 collatum

252 3890 319 3964 luit
347 3889 443 3962 Eriro
470 3913 514 3960 ac
542 3889 640 3962 Rno
669 3888 810 3965 Card.ll
838 3889 1031 3976 Archinto‚
1054 3888 1103 3962 ad
1130 3913 1243 3986 quem
1272 3887 1326 3961 uti
1349 3903 1462 3984 caput
1481 3889 1602 3961 nostri
1620 3887 1740 3961 Tribu-

252 4012 345 4088 nalis
373 4010 866 4112 collegialitemaccessimus
894 4030 936 4088 ut
963 4014 1034 4110 ipsi
1062 4015 1245 4110 nobisque
1273 4011 1558 4110 gratularemur.

957 4305 1047 4386 446.

635 4451 807 4549 Aperitzir
834 4453 951 4526 Rotae
977 4460 1013 4524 ct
1038 4453 1137 4526 Rota
1163 4451 1374 4524 iuramenti.

332 4607 448 4681 (Anca.
466 4605 554 4680 Roc,
573 4604 739 4665 Drbrr'um
759 4605 951 4680 Camerale).

846 4771 1023 4847 Octobris
1048 4793 1159 4866 1757.
1245 4833 1246 4838 .

334 4917 374 4990 ln
401 4917 731 5013 apertura'Rotae
757 4917 975 5012 equitarunt
1005 4968 1736 4992 ............

807 5108 936 5182 Lunae
968 5132 988 5202 3
1019 5108 1195 5183 octobris.

333 5254 374 5328 ln
402 5254 471 5328 hac
492 5253 591 5326 Rota
608 5252 729 5326 lectae
747 5250 895 5325 suerunt
915 5249 1043 5324 Bullae
1063 5266 1103 5323 et
1124 5248 1422 5325 Constitutioncs
1442 5247 1600 5322 Rotales
1618 5246 1737 5322 admis-

254 5381 362 5478 sique
392 5378 641 5453 Coadiutores
669 5375 877 5451 studiorum
905 5393 943 5450 et
971 5374 1113 5449 Secreti
1132 5375 1180 5449 ad
1199 5375 1467 5472 praestandum
1491 5374 1735 5447 iuramentum.
