3686 5916
888 291 1025 350 Soeculo
1043 289 1075 350 X
1084 291 1167 350 VIII

980 642 1070 722 459.

275 783 413 857 Sacrae
441 785 753 859 Paem'teutrareae
781 786 997 861 cananeae
1023 811 1157 861 munus
1184 787 1368 860 Ardiaei
1391 788 1509 861 Rotae
1527 788 1720 882 confertur
1734 813 1765 860 eo

353 911 442 1007 quia
462 922 538 1009 per
558 913 641 1001 fere
667 910 740 985 cluo
773 911 918 985 saecula
954 911 1026 986 dua
1062 911 1265 986 Audt'tores
1289 912 1456 1006 fuerant
1489 911 1544 984 aa'
1576 939 1639 985 res
1675 911 1765 984 illius
1821 1015 1822 1020 Ἰ

362 1035 400 1107 T
394 1036 579 1109 re‘bunalt's
606 1036 823 1110 tractandas
849 1037 1043 1133 desz'guate'.

355 1193 470 1262 (Auen.
488 1191 579 1265 Rom,
603 1190 792 1251 ‹Dr'arr'um
813 1192 987 1251 Camerata
999 1193 1035 1266 ι).

753 1369 882 1446 Lunae
914 1378 961 1445 26
990 1370 1149 1445 Ianuarii
1181 1375 1292 1464 1761.

355 1531 399 1606 R.
432 1531 469 1605 P.
502 1531 550 1604 D.
583 1531 828 1606 Paraccianus
855 1529 978 1627 palam
1007 1531 1094 1605 lecit
1121 1530 1213 1605 Sac:
1243 1529 1435 1605 Tribunali
1461 1557 1484 1605 a
1513 1531 1766 1605 Sacratissimo

275 1652 442 1752 Principe
471 1654 614 1730 Nostro
640 1680 726 1730 esse
745 1655 919 1732 collatum
939 1681 1086 1744 munus,
1106 1671 1149 1730 ut
1166 1671 1303 1729 vocant
1329 1655 1557 1738 Canonistae
1575 1655 1663 1731 Sac.
1686 1657 1767 1728 Poe-

274 1781 516 1856 nitentiariae.
549 1781 752 1878 Praecipua
781 1784 876 1856 ratio
903 1807 1001 1880 quae
1029 1781 1170 1856 Summi
1209 1781 1396 1856 Pontificis
1433 1782 1596 1855 animum
1633 1780 1767 1854 induxit

274 1906 323 1978 ad
351 1932 436 1979 eum
467 1905 529 1979 tali
557 1907 679 1981 officio
707 1906 1039 1993 cohonestandum,
1062 1931 1107 1982 ea
1134 1905 1211 1992 suit,
1234 1921 1276 1979 ut
1299 1907 1380 2002 ipse
1399 1921 1562 2002 testatus
1581 1923 1655 1993 est,
1678 1903 1766 2001 quod

275 2056 342 2124 per
369 2031 528 2104 duorum
557 2032 634 2104 sere
663 2032 898 2106 soeculorum
934 2030 1154 2105 curriculum
1187 2055 1339 2127 semper
1375 2031 1618 2106 observatum
1656 2029 1764 2112 suerit

274 2155 322 2229 ad
349 2180 411 2228 res
440 2155 577 2230 Sacrae
607 2156 917 2230 Poenitentiariae
945 2154 1219 2254 transigendas,
1250 2155 1347 2229 duos
1376 2155 1415 2232 S.
1434 2154 1626 2229 Auditorii
1649 2157 1765 2229 Patres

274 2279 388 2354 fuisse
416 2296 601 2378 perpetuo
630 2280 862 2378 designatos.

968 2542 1072 2621 Ι460.

275 2687 315 2760 Α
342 2689 451 2787 Papa
478 2687 519 2761 iu
546 2688 645 2762 Arce
676 2687 897 2786 Gandulphi
920 2687 1129 2773 rusticante,
1151 2690 1248 2786 petit
1263 2698 1298 2761 et
1314 2686 1444 2762 obtc'net
1459 2686 1590 2761 electus
1613 2687 1766 2760 Auditor

354 2821 396 2885 at
420 2813 579 2910 aliquem
606 2822 895 2932 nuncupet0quo
928 2839 1064 2900 coram,
1102 2840 1145 2886 ea
1173 2826 1358 2913 peragere
1385 2813 1505 2912 possit
1538 2839 1665 2888 coram
1700 2813 1764 2909 ipso

354 2937 464 3036 Papa
486 2939 702 3036 peragenda
730 2948 814 3011 aute
840 2949 996 3013 secretas
1022 2938 1293 3038 disputatunes.

347 3093 463 3166 (Arcu.
483 3093 569 3166 Rom,
594 3092 783 3152 ‹Deurium
798 3093 1026 3166 'comunem

819 3277 921 3352 Ven:
954 3298 972 3370 5
1005 3277 1096 3350 lunii
1126 3283 1237 3370 1761.

353 3439 550 3536 Supplices
579 3440 624 3515 R.
657 3438 694 3514 P.
726 3438 774 3514 D.
806 3411 1030 3512 Illannellius
1058 3441 1226 3535 porrexit
1254 3463 1385 3535 preces
1407 3438 1527 3514 SSr'r'ro
1549 3440 1597 3515 D.
1621 3441 1668 3516 N.
1691 3439 1765 3512 Cle-

275 3567 388 3639 menti
417 3563 504 3637 XIII
531 3578 640 3637 extra
669 3561 813 3636 Urbem
841 3561 1035 3635 levaminis
1064 3587 1178 3636 causa
1198 3563 1233 3634 in
1253 3563 1353 3636 Arce
1373 3561 1590 3660 Gandulphi
1610 3589 1763 3638 commo

274 3691 380 3774 ranti,
412 3689 548 3784 quibus
577 3689 745 3762 exoravit
772 3703 813 3760 ut
840 3687 1004 3783 aIIquem
1033 3703 1264 3783 nuncuparet
1284 3712 1360 3783 quo
1379 3713 1506 3761 coram
1527 3715 1573 3761 ea
1592 3711 1764 3786 peragere

274 3832 406 3909 posset
427 3837 540 3908 ‘quae
578 3836 704 3884 coram
742 3813 826 3907 ipso
869 3811 1045 3885 Pontifice
1087 3811 1164 3884 fieri
1207 3811 1330 3885 solent
1370 3828 1458 3885 ante
1500 3813 1764 3910 disputationes

275 3953 421 4012 secreto
457 3936 650 4009 ineundas.
691 3935 878 4010 Sanctitas
915 3962 1004 4009 vero
1042 3935 1118 4009 Sua
1155 3935 1375 4034 subrogavit
1413 3937 1550 4010 Rffrum
1580 3937 1763 4011 Decanum

274 4086 348 4157 ope
385 4059 591 4155 Rescripti:
629 4060 703 4133 ‹A
743 4059 923 4158 Monsig.r
951 4058 1106 4134 Decano
1144 4059 1237 4133 colle
1274 4059 1410 4135 sacolta
1447 4056 1692 4164 nec[essarie]
1725 4057 1764 4132 ed

281 4212 299 4258 c
320 4181 563 4290 opp[ortune]
583 4213 620 4261 ».

978 4451 1069 4530 461.

274 4593 425 4668 Dareum
453 4595 715 4670 numumatum
742 4605 778 4669 et
802 4553 1014 4668 dorcatiuum
1041 4617 1112 4669 roo
1138 4604 1322 4668 scutorum
1350 4595 1443 4682 auri
1466 4595 1507 4668 iu
1533 4595 1669 4669 ultima
1685 4591 1763 4668 arrei

353 4720 464 4793 Rota.

353 4874 468 4947 (Auen.
489 4875 576 4950 Roa,
599 4874 790 4935 «Dcare'um
810 4875 984 4935 Caueerale
996 4877 1034 4950 ι).

781 5059 959 5132 Mercurii
989 5062 1010 5132 8
1040 5059 1119 5133 Iulii
1153 5066 1265 5153 1761.

413 5217 540 5312 Quum
568 5233 697 5293 autem
726 5220 762 5292 in
790 5220 1028 5292 antecedenti
1057 5220 1158 5294 Rota
1185 5219 1321 5295 suerint
1349 5217 1498 5293 cuilibet
1531 5245 1578 5294 ex
1616 5220 1761 5293 Audito

293 5343 375 5418 ibus
403 5343 603 5418 distributa
630 5359 813 5418 consueta
842 5344 1078 5430 numismata,
1115 5343 1275 5418 alterum
1312 5344 1402 5457 apri,
1433 5343 1591 5419 alterum
1628 5339 1761 5444 argenti
