3708 5918
855 325 992 385 Soocuto
1010 324 1098 386 XIV

945 687 1007 767 57.

234 883 414 983 Gregorii
437 883 508 960 XI
530 885 726 959 Ordinatio
752 885 797 959 do
822 887 1017 972 advocatis,
1031 887 1338 984 procuraton'bus
1364 897 1399 960 ot
1418 887 1576 960 nonnis
1592 887 1738 986 palatii

309 1011 503 1109 apostolici.
532 1053 550 1066 ·
580 1009 791 1084 constitutio
818 1009 905 1084 lton
932 1035 1007 1084 uno
1035 1036 1115 1086 cnm
1141 1011 1268 1085 cetoros
1293 1010 1481 1108 legebatur
1506 1011 1547 1085 in
1573 1011 1632 1084 dic
1649 1023 1730 1110 opr-

309 1134 456 1208 ritionis
483 1134 602 1208 Rotae
610 1165 623 1206 .·
649 1161 722 1208 non
749 1143 866 1208 tamon
901 1161 950 1209 ox
985 1136 1138 1234 integro,
1168 1137 1236 1210 sod
1264 1137 1304 1209 in
1336 1137 1384 1209 iis
1416 1136 1605 1210 duntaxat
1637 1162 1732 1234 quor

235 1259 239 1266 ’
310 1258 387 1332 hori
413 1242 586 1334 osterum
611 1261 842 1343 muniuntur,
872 1262 931 1334 nti
954 1287 1002 1334 rx
1030 1261 1145 1336 Libro
1173 1263 1296 1336 Rotae
1324 1262 1628 1338 constitutionum.

310 1431 428 1502 (Anca
447 1429 539 1506 Vm,
558 1431 695 1491 Armor.
715 1429 809 1505 LHI,
830 1433 892 1491 vot.
912 1433 963 1506 18,
982 1434 1023 1508 ff.
1036 1434 1117 1493 62⁰-
1118 1433 1183 1502 63,·
1194 1434 1300 1493 Aaou.
1313 1433 1429 1507 Rom«
1433 1433 1548 1554 Const.
1567 1435 1638 1494 Rot.
1651 1436 1733 1495 Pal.

229 1520 362 1594 apost.»
350 1521 453 1594 ›,.sot
474 1521 542 1590 22,·
566 1521 692 1580 c'Ltoer
709 1521 838 1580 Rotae
827 1523 1007 1594 »ssconstttl
1147 1537 1156 1576 r

1280 1683 1358 1755 1374,
1378 1684 1485 1742 martii
1506 1686 1531 1754 1,
1548 1684 1735 1744 Aveuione.

310 1863 331 1906 ’¹‘
351 1865 560 1962 Gregorius
578 1879 648 1940 etc.
670 1864 733 1938 Ad
761 1880 984 1961 perpetuam
1003 1865 1056 1938 rei
1075 1865 1304 1940 memoriam.
1328 1862 1510 1958 Quamvis
1539 1888 1562 1937 a
1588 1864 1634 1938 le.
1656 1889 1731 1940 me.

230 1983 395 2066 Iohanne
430 1989 541 2062 XXII
577 2004 616 2064 et
654 1989 859 2064 Benedicto
896 1989 978 2075 XII,
1019 1990 1182 2063 romanis
1215 1989 1453 2086 pontificibus
1484 1989 1738 2085 predecesso-

231 2117 331 2191 ribus
360 2116 510 2203 nostris,
540 2115 637 2189 circa
665 2114 858 2189 auditores
887 2139 1083 2188 causarum
1101 2115 1229 2211 palatii
1253 2114 1448 2210 apostolici
1467 2138 1511 2188 ac
1536 2128 1735 2211 patronos,

230 2257 504 2338 procuratores,
536 2241 703 2314 notarios
730 2255 769 2313 et
797 2263 981 2336 personas
1009 2238 1101 2313 alias
1129 2238 1178 2312 ad
1205 2239 1518 2332 examinationem
1546 2254 1586 2313 et
1615 2263 1736 2335 expe-

232 2364 410 2440 ditionem
439 2387 637 2438 causarum
663 2380 703 2438 et
730 2365 1045 2461 conscriptionem
1082 2379 1251 2437 actorum
1284 2364 1478 2439 ordinatos
1516 2389 1584 2436 seu
1612 2363 1736 2459 depu-

232 2507 344 2575 tatos,
382 2490 607 2587 quamplura
643 2490 807 2564 salubria
844 2504 985 2563 statuta
1022 2488 1157 2564 suerint
1193 2505 1232 2563 et
1269 2490 1381 2562 etiam
1422 2488 1604 2574 ordinata,
1644 2489 1736 2585 quia

232 2633 358 2690 tamen
386 2631 474 2711 post
502 2614 562 2689 illa
598 2615 726 2711 sepius
762 2628 822 2690 est
858 2629 1104 2711 compertum,
1135 2629 1291 2710 propter
1328 2614 1554 2710 pernitiosas
1591 2613 1741 2687 subtili-

232 2756 331 2815 tates
358 2757 398 2814 et
427 2739 681 2816 intricationes
710 2740 972 2836 quorumdam,
1008 2762 1142 2813 causas
1177 2737 1262 2836 plus
1297 2737 1425 2812 debito
1462 2736 1658 2836 prorogari
1698 2753 1739 2810 et

233 2891 324 2962 sepe
363 2863 533 2961 partibus
571 2863 815 2960 preiudicium
843 2862 1031 2962 generari,
1070 2888 1138 2936 nos
1181 2864 1216 2936 in
1257 2861 1339 2948 hoc,
1383 2877 1496 2960 prout
1526 2886 1573 2935 ex
1606 2861 1742 2938 debito

232 3006 405 3064 tenemur
443 2987 644 3086 pastoralis
679 2988 799 3075 officii,
838 3003 1019 3083 quantum
1058 3012 1266 3083 possumus
1301 2987 1500 3062 salubriter
1535 2985 1739 3082 providere

232 3113 416 3200 volentes,
445 3113 518 3186 iam
548 3113 711 3209 provisis
739 3112 914 3186 remediis
941 3137 1010 3208 per
1043 3111 1166 3186 dictos
1193 3111 1496 3208 predecessores,
1525 3135 1739 3209 eorumque

233 3239 384 3312 statutis
412 3254 452 3312 et
479 3237 777 3312 ordinationibus
805 3239 842 3311 in
870 3261 940 3311 suo
969 3239 1104 3312 robore
1131 3237 1372 3321 remansuris,
1403 3237 1628 3310 auctoritate
1645 3259 1737 3333 apo·

234 3365 369 3440 stolica
396 3363 597 3438 statuimus
625 3364 729 3459 quod

315 3491 333 3586 ᾗ
364 3486 433 3562 1.*
459 3488 678 3574 advocatus,
709 3503 914 3585 antequam
942 3513 1095 3563 causam
1114 3487 1378 3586 dirigendam¹
1410 3488 1597 3584 suscipiat,
1620 3513 1741 3584 super

235 3611 508 3688 deliberatione
537 3614 711 3688 habenda
738 3630 778 3687 et
796 3611 1010 3708 repulsione
1028 3613 1200 3700 clientuli,
1223 3613 1254 3686 si
1273 3613 1308 3685 in
1327 3612 1510 3708 principio
1526 3611 1586 3685 vel
1605 3635 1736 3707 prose-

234 3739 382 3812 cutione
410 3762 524 3813 cause
542 3738 689 3812 noverit
724 3763 809 3811 eam
842 3761 928 3810 esse
956 3736 1143 3822 iniustam,
1178 3762 1248 3834 per
1275 3737 1399 3810 omnia
1427 3735 1736 3812 constitutionem

232 3863 401 3937 eiusdem
440 3861 631 3936 Benedicti
667 3861 947 3960 predecessoris
994 3861 1112 3937 nostri
1149 3877 1188 3936 et
1225 3863 1475 3936 iuramentum
1512 3884 1627 3957 super
1663 3860 1737 3934 hoc

234 3987 444 4084 prestitum,
475 3989 673 4076 observet;
694 4003 735 4064 et
761 3988 798 4060 id
827 3988 1028 4061 statuimus
1056 3987 1094 4059 in
1121 4002 1366 4082 procuratore
1391 4009 1644 4084 quocumque.
1660 3982 1681 4024 *

314 4113 332 4208 ᾖ
363 4137 396 4186 2.
426 4113 532 4199 Item,
552 4112 657 4208 quod
675 4113 893 4198 advocatus,
916 4137 1000 4185 cum
1029 4135 1180 4186 causam
1210 4111 1428 4207 susceperit,
1460 4110 1623 4186 libellum
1651 4109 1738 4184 sive

234 4235 463 4332 petitionem,
494 4237 703 4333 positiones
727 4253 766 4310 et
783 4235 971 4322 articulos,
988 4234 1231 4332 exceptiones
1251 4252 1290 4308 et
1308 4235 1547 4310 defensiones
1573 4234 1738 4320 ordinet,

235 4359 294 4435 vel
322 4356 454 4434 saltem
474 4361 647 4435 ordinata
666 4357 894 4444 examinet,²
914 4375 953 4434 et
972 4361 1007 4432 in
1027 4361 1081 4434 eis
1100 4373 1305 4456 antequam
1325 4359 1579 4455 producantur
1606 4383 1735 4432 coram

233 4485 406 4559 auditore
434 4509 476 4560 se
505 4486 727 4572 subscribat,
757 4500 796 4559 et
823 4509 1043 4581 processum
1071 4510 1156 4558 cum
1184 4509 1342 4558 necesse
1379 4483 1489 4558 suerit
1520 4482 1656 4566 videat,
1694 4497 1738 4554 et

233 4610 270 4682 in
302 4609 372 4683 hiis
400 4610 438 4686 in
466 4627 710 4706 procuratore
737 4634 811 4683 non
840 4608 1021 4695 confidat;
1041 4610 1143 4694 alias,
1165 4609 1357 4684 auditores
1376 4610 1481 4705 ipsos
1501 4633 1575 4682 non
1598 4606 1736 4680 admit-

233 4751 314 4810 tant
342 4735 410 4808 nisi
438 4758 553 4810 causa
579 4734 813 4811 rationabilis
842 4734 1040 4832 allegetur.
1071 4733 1121 4805 Et
1148 4732 1382 4808 nihilominus
1405 4733 1495 4806 dum
1515 4732 1737 4806 convinctus

233 4849 351 4948 luerit,
383 4861 488 4957 quod
515 4861 552 4934 in
580 4860 774 4958 premissis
802 4885 844 4934 se
874 4859 1110 4958 negligenter
1127 4859 1187 4931 vel
1209 4856 1395 4934 malitiose
1413 4857 1595 4942 habuerit,
1616 4855 1735 4931 advo-

233 5001 340 5061 catus
368 5011 438 5082 per
463 4985 672 5060 auditorem
701 5010 825 5071 cause,
856 4985 904 5058 ad
934 4999 1085 5079 tempus
1112 4983 1172 5058 vel
1201 4983 1479 5082 imperpetuum
1515 4999 1628 5080 prout
1663 4981 1736 5056 sibi

232 5112 427 5196 videbitur,
465 5109 587 5186 officio
624 5109 881 5185 advocationis
917 5109 1095 5205 privetur.
1116 5109 1176 5196 ‚Et
1211 5108 1449 5183 nihilomiuus
1484 5089 1522 5182 iu
1556 5106 1737 5204 expensis

315 5319 324 5352 ¹
343 5317 444 5377 Liber
467 5317 596 5376 ‹Const
615 5317 688 5377 Rot.
706 5317 784 5378 Pat.
796 5317 930 5392 apost.»
954 5316 1062 5374 habet:
1091 5315 1357 5390 prosequendam.

315 5405 326 5440 ²
345 5404 448 5464 Idem:
468 5413 500 5464 et
517 5406 668 5479 corrigat.
