3718 5918
260 323 315 383 480
874 325 1011 384 Soeculo
1030 323 1153 386 XVIII

260 517 401 590 ciorum
421 515 787 603 Ecclesiasticorum;
809 517 961 612 iusuper
979 541 1114 590 causas
1134 516 1408 605 executionum,
1432 517 1640 591 litterarum
1660 519 1765 614 Apo·

261 639 473 716 stolicarum
495 657 571 713 tam
592 665 707 736 super
721 641 977 716 reservatione
996 641 1193 728 fructuum,
1210 658 1249 714 et
1268 643 1503 739 pensionum,
1525 643 1618 716 citra
1636 657 1764 715 tamen

259 763 526 860 obligationem
545 763 580 836 in
601 763 719 838 forma
740 763 925 839 Camerae
945 763 1201 861 Apostolicae,
1224 792 1338 864 quam
1357 767 1644 861 provisionibus,
1665 792 1764 863 quo-

258 913 504 983 rumcumque
531 887 795 962 beneficiorum
825 889 1172 963 Ecclesiasticorum
1201 915 1271 987 pro
1299 907 1471 988 tempore
1498 891 1762 986 expeditarum

258 1011 421 1107 aliquam
452 1007 592 1086 causae
619 1013 873 1114 cognitionem
903 1012 1180 1110 requirentium,
1210 1013 1358 1088 etiamsi
1386 1039 1584 1088 causarum
1621 1014 1765 1088 Curiae

259 1137 380 1211 dictae
410 1136 594 1210 Camerae
612 1138 857 1235 Apostolicae
877 1138 1065 1236 generalis
1085 1139 1258 1226 Auditor,
1278 1155 1345 1213 aut
1362 1140 1485 1235 quivis
1508 1136 1603 1213 alius
1622 1138 1763 1213 Curiae

258 1261 450 1358 praefatae
480 1261 673 1336 Praelatus
701 1263 737 1334 in
765 1261 836 1336 illis
864 1263 899 1336 in
920 1263 1090 1336 'Iudicem
1111 1263 1324 1337 nominatus
1351 1280 1417 1337 aut
1443 1262 1536 1338 alias
1554 1264 1763 1362 deputatus

258 1388 379 1474 luerit,
410 1388 546 1461 nedum
577 1386 733 1462 Rotales
761 1413 859 1475 esse,
889 1404 928 1461 et
956 1389 1112 1474 censeri,
1142 1405 1182 1463 et
1217 1389 1253 1460 in
1290 1389 1390 1462 Rota
1423 1389 1620 1463 dumtaxat
1655 1415 1762 1462 com-

258 1511 363 1599 mitti,
395 1511 608 1609 ibidemque
636 1512 815 1611 cognosci
834 1512 985 1599 debere,
1003 1513 1072 1586 sed
1092 1515 1203 1588 etiam
1224 1515 1436 1609 specialiter
1455 1513 1624 1588 Notariis
1648 1539 1762 1610 prae-

256 1637 408 1711 latis'et
436 1637 583 1710 illorum
613 1635 786 1734 Collegio
813 1653 1000 1733 perpetuo
1026 1637 1180 1713 affectas
1209 1665 1306 1724 esse,
1337 1664 1381 1712 ac
1409 1639 1464 1712 ad·
1495 1663 1538 1713 se
1573 1639 1759 1735 privative

257 1763 371 1836 etiam
398 1762 527 1860 quoad
556 1760 768 1861 Collegium
796 1763 1022 1858 scriptorum
1050 1763 1228 1851 Archivii,
1256 1788 1301 1836 ac
1329 1763 1509 1860 Notarios
1545 1764 1594 1838 ab
1625 1765 1681 1837 eis
1708 1763 1759 1836 ad

254 1888 494 1962 scribendum
523 1887 558 1960 in
587 1887 710 1960 causis
738 1887 773 1960 in
802 1887 901 1960 dicta
922 1887 1036 1962 Curia
1064 1887 1329 1963 commissariis
1349 1911 1419 1986 pro
1451 1903 1623 1985 tempore
1642 1888 1759 1984 depu-

254 2029 357 2088 tatos
379 2029 550 2108 spectare
570 2027 610 2086 et
632 2014 830 2109 pertinere,
852 2011 947 2088 itaut
966 2012 1037 2110 ipsi
1056 2012 1126 2088 soli
1145 2013 1269 2088 Rotae
1290 2013 1435 2088 Notarii
1454 2013 1490 2086 in
1510 2014 1600 2110 ipsis
1618 2015 1756 2099 causis,

255 2156 295 2213 et
323 2137 647 2212 commissionibus
674 2138 787 2210 etiam
816 2138 848 2210 si
876 2136 956 2211 illas
976 2163 1045 2235 per
1063 2139 1258 2212 Romanos
1278 2137 1475 2214 Pontifices
1496 2163 1565 2235 pro
1583 2154 1758 2235 tempore

222 2285 224 2290 '
255 2263 472 2351 existentes,
503 2278 579 2336 tam
609 2262 646 2334 in
674 2262 830 2338 Gratiae
867 2288 982 2360 quam
1019 2263 1185 2338 Iustitiae
1220 2263 1424 2360 Signatura
1458 2261 1519 2338 vel
1552 2288 1622 2359 per
1657 2263 1756 2337 illius

255 2388 488 2477 Praefectum
509 2401 576 2461 aut
594 2384 849 2462 Cancellariae
869 2387 1063 2484 praelatae
1083 2389 1295 2486 Regentem
1316 2387 1398 2462 aliis
1416 2388 1540 2463 dictae
1559 2389 1754 2463 Romanae

256 2513 392 2587 Curiae
421 2511 599 2586 Praelatis
628 2511 740 2585 etiam
777 2512 922 2586 eisdem
958 2510 997 2587 S.
1029 2513 1074 2585 R.
1106 2513 1149 2588 E.
1181 2511 1442 2587 Cardinalibus
1479 2525 1546 2586 aut
1581 2511 1755 2607 ipsismet

254 2635 381 2714 Rotae
408 2637 656 2711 Auditoribus
684 2635 798 2709 etiam
827 2637 881 2711 uti
910 2635 1047 2711 talibus
1078 2637 1269 2734 Praelatis,
1307 2662 1350 2711 ac
1387 2651 1495 2711 extra
1524 2637 1676 2721 Rotam,
1714 2653 1754 2710 et

160 2792 167 2804 ·
252 2763 398 2857 absque
429 2759 714 2857 participatione
752 2760 876 2834 Rotae
912 2759 1022 2858 dirigi
1049 2761 1109 2834 vel
1136 2761 1317 2835 committi
1354 2760 1554 2857 contigerit
1589 2760 1753 2834 scribere

253 2901 421 2982 possent.
451 2883 669 2959 Archivium
696 2910 788 2959 vero
816 2885 964 2960 eteius
992 2887 1207 2983 scriptores,
1237 2910 1305 2960 nec
1333 2909 1406 2959 non
1427 2885 1607 2959 Notarios
1626 2910 1649 2958 a
1669 2883 1753 2960 Col-

253 3011 353 3109 legio
380 3010 548 3085 eiusdem
567 3009 733 3083 Archivii
760 3027 930 3106 possent,
960 3011 1063 3084 etin
1091 3010 1199 3085 dictis
1218 3012 1353 3097 causis
1383 3009 1415 3084 si
1442 3035 1577 3084 causas
1597 3011 1633 3082 in
1651 3010 1753 3084 Rota

251 3152 292 3210 et
318 3151 427 3210 extra
453 3134 553 3240 illam
580 3135 760 3209 committi
773 3135 981 3233 contigerit
1003 3136 1156 3210 omnino
1184 3149 1223 3208 et
1250 3135 1401 3234 penitus
1428 3133 1637 3231 prohibitos
1666 3158 1751 3208 esse

252 3275 292 3334 et
318 3259 492 3334 exclusos
521 3275 775 3336 censerentur.

360 3383 475 3478 Quod
502 3385 654 3480 quidem
682 3409 752 3482 per
778 3386 935 3459 eosdem
959 3385 1162 3483 scriptores
1182 3386 1345 3460 Archivii
1364 3400 1404 3459 et
1421 3384 1600 3459 Notarios
1618 3408 1748 3459 eorum

252 3509 462 3608 impugnari
491 3533 565 3582 non
593 3525 732 3605 potest.

333 3632 377 3706 1²⁰
405 3633 493 3730 quia
520 3634 557 3706 in
587 3631 866 3708 Constitutione
895 3641 937 3707 6²
963 3633 1111 3716 Ioannis
1143 3658 1188 3708 22
1211 3637 1247 3707 in
1265 3635 1422 3710 bullario
1442 3634 1503 3712 sol.
1527 3657 1574 3730 37
1596 3651 1750 3710 cavetur

252 3756 355 3855 quod
384 3754 539 3853 quilibet
567 3757 731 3832 Auditor
758 3758 881 3833 Rotae
908 3760 1048 3846 habeat
1076 3783 1167 3833 suos
1195 3758 1374 3836 Notarios
1402 3758 1645 3857 particulares
1674 3784 1748 3835 non

251 3880 348 3956 ultra
375 3897 548 3978 quatuor,
578 3882 643 3978 qui
671 3881 805 3956 notarii
832 3908 958 3958 coram
986 3883 1165 3981 praelatis
1194 3885 1441 3960 Auditoribus
1470 3910 1542 3960 non
1580 3884 1749 3958 commit-

250 4023 332 4082 tant
360 4007 577 4081 scribendas
605 4005 712 4080 alicui
739 4005 847 4082 alteri
876 4011 1022 4083 notario
1058 4034 1192 4084 causas
1229 4010 1451 4084 commissas
1487 4009 1639 4098 eisdem,
1679 4035 1748 4084 nec

249 4129 382 4229 aliquis
410 4131 595 4205 dictorum
623 4131 851 4206 Auditorum
879 4158 1108 4231 quemquam
1137 4136 1172 4208 in
1202 4137 1385 4209 notarium
1414 4136 1578 4234 recipiat,
1608 4135 1673 4234 qui
1701 4135 1749 4210 sit

248 4255 401 4330 alterius
415 4255 611 4331 Auditoris
626 4257 805 4345 notarius,
826 4273 866 4331 et
885 4257 1001 4332 multa
1019 4259 1091 4334 alla
1109 4259 1260 4334 indicta
1276 4259 1554 4335 Constitutione
1568 4277 1748 4335 caventur

249 4383 345 4456 circa
373 4382 550 4468 notarios,
582 4383 645 4479 qui
674 4383 838 4457 scribere
866 4384 1008 4458 debent
1040 4408 1164 4460 coram
1194 4384 1442 4460 Auditoribus
1475 4386 1611 4472 Rotae,
1648 4411 1747 4484 quae

250 4529 324 4582 non
350 4504 586 4602 applicantur
613 4529 682 4578 nec
709 4507 902 4580 observari
931 4523 1104 4605 possunt,
1134 4509 1165 4583 si
1194 4533 1320 4583 coram
1348 4508 1595 4584 Auditoribus
1623 4511 1747 4588 Rotae

250 4619 429 4706 Notariu's
457 4629 621 4703 Archivii
649 4631 810 4704 scribere
839 4646 981 4727 posset.
1005 4633 1055 4706 Et
1083 4632 1253 4730 supplico
1272 4632 1500 4708 considerari
1518 4636 1621 4731 quod
1640 4660 1747 4733 prae-

245 4755 345 4831 fatus
373 4754 531 4829 Ioannes
563 4779 607 4826 22
640 4756 825 4850 prohibet,
857 4780 904 4830 ne
932 4755 1095 4832 Auditor
1122 4773 1291 4832 assumat
1320 4759 1389 4832 sibi
1414 4757 1527 4832 alium
1548 4758 1746 4836 Notarium

246 4895 353 4954 extra
382 4879 530 4967 Rotam,
562 4904 646 4952 cum
674 4880 875 4976 praecipue
903 4882 1057 4956 mandet
1085 4881 1330 4956 Auditoribus
1350 4883 1473 4957 Rotae
1494 4897 1536 4956 ut
1556 4883 1586 4957 si
1614 4909 1761 4962 eorum·

246 5004 378 5078 notarii
405 5004 441 5076 in
470 5002 596 5102 aliquo
615 5003 653 5077 in
671 5003 869 5078 scribendo
888 5005 1120 5103 delinquunt,
1151 5030 1219 5081 eos
1247 5007 1447 5106 corrigant,

326 5128 377 5200 Et
404 5129 438 5201 in
468 5126 747 5202 Constitutione
776 5128 870 5202 Sixti
899 5123 946 5222 4u
965 5130 1192 5227 praecipitur
1224 5131 1471 5207 Auditoribus
1504 5135 1608 5232 quod
1641 5137 1746 5233 ipsos

245 5253 370 5326 Rotae
399 5251 577 5327 Notarios
603 5268 644 5327 et
672 5277 746 5327 non
781 5252 875 5328 alios
911 5255 1025 5328 etiam
1061 5256 1192 5352 gratis,
1233 5271 1272 5330 et
1308 5256 1454 5354 absque
1485 5257 1558 5334 alia
1594 5275 1747 5336 contra-

244 5377 416 5467 dictione,
439 5393 478 5451 et
496 5377 629 5475 quavis
648 5375 720 5452 alia
740 5376 979 5452 solemnitate
997 5380 1047 5453 ad
1067 5381 1301 5455 scribendum
1322 5407 1448 5456 coram
1467 5384 1522 5457 eis
1541 5386 1743 5459 admittant
1844 5463 1845 5466 ,
