3708 5918
235 267 287 328 100
442 204 446 220 =
880 261 1018 326 soeculo
1036 260 1068 320 X
1076 261 1104 321 V

234 462 322 536 iuris
350 463 527 543 famosus,
550 473 634 530 -et
654 469 744 554 post
761 456 1000 532 doctoratum
1019 458 1068 530 ab
1087 481 1136 530 eo
1155 474 1360 553 receptum,
1382 481 1451 554 per
1471 457 1669 532 triennium
1687 459 1736 532 ad

234 587 355 660 minus
370 583 504 682 legerit
518 583 554 656 in
569 581 705 656 eodem
720 623 747 634 -
764 577 774 613 ¹
787 609 794 668 ;
811 579 936 674 sitque
955 580 1239 655 commendatus
1254 581 1302 655 de
1317 581 1393 656 vita
1407 605 1609 657 aemorum
1626 581 1740 656 hone·

235 727 345 798 state,
366 709 523 806 aliisque
542 706 753 792 virtutibus,
774 708 886 781 acab
905 705 1005 781 omni
1035 731 1188 780 munere
1208 707 1281 781 sint
1308 708 1471 782 mundae
1493 732 1627 781 manus
1645 709 1738 796 eius,

235 852 275 910 et
300 836 440 911 bonum
469 833 608 907 habeat
631 831 905 918 testimonium;
926 830 1141 926 habeatque
1158 833 1206 905 ad
1232 833 1354 906 minus
1377 832 1461 906 sive
1488 834 1524 906 in
1546 831 1740 908 'beneficiis

235 959 314 1034 sive
336 959 372 1032 in
399 959 508 1033 bonis
528 955 796 1050 temporalibus
825 954 1031 1029 duecentos
1051 954 1214 1031 florenos
1242 955 1323 1029 auri
1341 955 1389 1030 de
1409 956 1572 1030 Camera
1599 981 1740 1032 annua-

237 1087 304 1158 tim
332 1084 559 1180 inportatis,
581 1080 785 1177 dequibus
813 1080 949 1165 valeat,
980 1082 1016 1154 in
1044 1080 1144 1154 dicta
1174 1080 1287 1156 Curia
1315 1081 1494 1166 residens,
1524 1083 1738 1158 sustentari.

316 1211 335 1306 ᾗ
360 1230 417 1302 15.
448 1205 681 1302 *Quodque
709 1221 914 1302 postquam
942 1205 1055 1280 luerit
1072 1230 1293 1280 concessum
1312 1228 1381 1302 per
1399 1205 1551 1303 Papam,
1576 1207 1741 1306 aliquem

235 1335 271 1407 in
297 1333 508 1406 auditorem
540 1355 737 1405 causarum
774 1327 862 1404 dicti
901 1329 1030 1404 Palatii
1070 1329 1226 1415 admitti,
1263 1344 1466 1427 antequam
1499 1328 1654 1404 ulterius
1690 1332 1740 1406 ad

235 1457 353 1554 ipsius
378 1456 645 1531 admissionem
674 1452 912 1551 procedatur,
945 1453 1126 1528 Decanus
1154 1455 1367 1532 auditorum
1395 1454 1671 1552 praedictorum
1691 1456 1741 1529 de

235 1581 450 1679 praemissis
477 1579 600 1654 facere
628 1593 802 1652 teneatur
829 1578 1106 1675 inquisitionem
1135 1577 1362 1676 diligentem,
1393 1593 1433 1654 et
1459 1579 1636 1676 quicquid
1673 1605 1743 1678 per

237 1735 321 1782 earn
348 1707 539 1804 repererit,
562 1704 721 1780 fideliter
750 1701 888 1778 reserat
908 1703 1222 1781 Vicecancellario
1240 1704 1443 1802 praedicto
1465 1706 1529 1801 qui
1548 1705 1620 1781 hoc
1645 1705 1742 1780 simi·

235 1833 319 1906 liter
339 1831 463 1928 Papae
491 1855 681 1926 exponere
709 1844 903 1904 teneatur:
934 1829 1039 1927 quod
1058 1830 1089 1903 si
1108 1828 1248 1926 aliquid
1267 1830 1316 1905 de
1333 1830 1551 1926 praemissis
1568 1829 1739 1916 deluerit,

236 1956 285 2032 ad
312 1957 430 2052 ipsius
458 1953 788 2030 admissionem.in
806 1953 1017 2028 auditorem
1046 1953 1201 2028 ulterius
1230 1955 1380 2029 minime
1407 1955 1643 2052 procedatur,
1673 1955 1743 2028 nisi

238 2080 337 2156 aliud
366 2082 563 2155 mandaret
591 2079 692 2176 Papa
720 2078 942 2154 antedictus.

320 2209 339 2304 ᾗ
373 2211 430 2280 16.
460 2202 537 2280 *si
566 2231 657 2279 vero
685 2228 754 2300 per
785 2203 1087 2279 informationem
1123 2205 1345 2293 huiusmodi,
1376 2205 1500 2303 ipsum
1533 2205 1744 2280 constiterit

238 2330 423 2408 famosum
438 2330 644 2416 doctorem,
664 2327 812 2424 aliaque
833 2329 1041 2426 praemissa
1059 2329 1138 2404 lore
1156 2355 1256 2418 vera,
1277 2331 1377 2406 idem
1396 2330 1739 2415 Vicecancellarius‚

239 2457 382 2531 vocatis
409 2470 572 2551 quatuor
598 2479 647 2528 ex
674 2452 783 2526 dictis
802 2452 1045 2540 auditoribus,
1068 2455 1099 2528 si
1118 2454 1320 2543 canonista,
1342 2455 1580 2540 decretalem,
1602 2455 1742 2529 sivero

240 2580 376 2678 legista
413 2579 532 2664 luerit,
571 2576 707 2676 legem,
747 2602 861 2675 quam
896 2577 990 2650 inira
1021 2579 1132 2652 unius
1169 2580 1308 2654 mensis
1345 2579 1508 2676 spatium
1535 2604 1558 2652 a
1586 2579 1646 2654 die
1674 2581 1742 2654 sibi

239 2704 434 2802 assignata
451 2703 757 2800 computandum,
770 2703 807 2775 in
826 2701 915 2776 dicti
929 2699 1228 2778 Vicecancellarii
1246 2721 1313 2779 aut
1330 2703 1616 2779 locumtenentis
1634 2729 1744 2801 prae-

239 2829 361 2905 sentia
388 2831 441 2928 (et
468 2829 615 2903 adhoc
643 2829 787 2903 vocatis
817 2827 992 2903 omnibus
1020 2829 1143 2903 dictae
1171 2827 1281 2904 Sedis
1308 2828 1463 2904 notariis
1485 2843 1525 2904 et
1541 2829 1744 2925 praedictis

238 2955 471 3030 auditoribus
498 2970 538 3028 et
565 2953 888 3028 consistorialibus
916 2953 1111 3027 advocatis
1143 2969 1231 3027 tunc
1259 2955 1294 3028 in
1322 2959 1454 3031 eadem
1488 2953 1601 3030 Curia
1636 2977 1745 3052 prae-

239 3079 429 3165 sentibus;
458 3077 624 3152 invitatis
649 3077 700 3151 ad
726 3075 765 3149 id
792 3078 907 3152 etiam
938 3077 1116 3175 praelatis
1143 3092 1184 3152 et
1210 3077 1290 3152 aliis
1326 3079 1480 3154 famosis
1513 3095 1554 3153 et
1589 3079 1744 3153 literatis

241 3205 340 3288 viris,
361 3204 426 3300 qui
454 3218 542 3276 tunc
569 3204 605 3275 in
632 3201 768 3276 eadem
802 3201 916 3278 Curia
943 3203 1151 3302 extiterint)
1171 3219 1343 3300 repetere
1362 3219 1555 3292 teneatur;
1575 3203 1744 3302 singulos

243 3329 307 3426 qui
332 3351 495 3426 arguere
523 3323 710 3401 voluerint
741 3325 840 3400 idem
861 3341 1037 3423 repetens
1056 3327 1185 3402 audire
1206 3341 1399 3404 teneatur:
1419 3327 1600 3425 quodque
1628 3326 1744 3402 ultimi

244 3479 292 3528 ex
317 3450 553 3526 auditoribus
581 3467 622 3526 et
649 3465 813 3547 quatuor
841 3450 961 3524 ultimi
988 3475 1037 3526 ex
1055 3452 1249 3527 advocatis
1276 3451 1486 3550 praedictis,
1516 3470 1605 3528 tunc
1636 3477 1744 3550 prae-

246 3593 385 3664 sentes,
415 3599 577 3673 arguere
604 3575 679 3649 sint
704 3574 887 3650 adstricti.

322 3705 341 3799 ᾗ
376 3723 433 3795 17.
462 3698 613 3795 *Quod
641 3701 671 3774 si
699 3701 799 3774 idem
822 3715 999 3798 repetens
1016 3703 1052 3774 in
1071 3701 1283 3779 huiusmodi
1301 3704 1524 3801 repetitione
1552 3701 1676 3777 taliter
1703 3729 1745 3776 se

244 3826 428 3910 habuerit,
450 3827 554 3922 quod
572 3827 620 3900 sit
639 3825 773 3900 merito
794 3827 1090 3915 commendatus,
1112 3829 1233 3904 dictus
1250 3825 1585 3903 Vicecancellarius
1612 3854 1745 3903 secun·

239 3953 330 4027 dum
367 3951 586 4025 relationem
624 3950 774 4025 maioris
813 3953 932 4049 partis
970 3953 1198 4027 notariorum
1227 3968 1267 4027 et
1301 3953 1516 4029 auditorum
1546 3978 1593 4027 ac
1628 3952 1745 4028 advo·

243 4091 414 4151 catorum
451 4075 729 4172 praedictorum
766 4075 816 4149 ad
852 4077 934 4151 eius
970 4076 1239 4152 admissionem
1273 4079 1309 4152 in
1344 4077 1553 4152 auditorem
1591 4075 1746 4152 ulterius

243 4201 439 4298 procedat:
470 4200 500 4274 si
536 4225 627 4274 vero
660 4200 868 4275 secundum
906 4201 1125 4278 relationem
1162 4204 1393 4299 praedictam
1427 4219 1602 4300 repertus
1637 4202 1747 4277 luerit

242 4325 446 4400 diminutae
473 4325 651 4400 scientiae
678 4325 738 4400 vel
766 4325 898 4413 iudicii,
926 4327 1109 4402 relatione
1138 4351 1254 4424 super
1281 4327 1352 4402 hoc
1384 4351 1453 4425 per
1478 4327 1617 4402 dictum
1638 4326 1747 4401 Vice·
1848 4333 1849 4336 ’

224 4445 504 4526 'cancellarium
535 4449 659 4546 Papae
685 4449 794 4538 lacta,
826 4453 875 4526 ab
902 4438 1115 4526 huiusmodi
1142 4451 1370 4526 admissione
1398 4449 1653 4549 repellatur.*
1730 4531 1734 4538 ,

325 4577 344 4672 ᾗ
377 4577 434 4650 18.
465 4573 515 4647 Et
542 4575 697 4673 insuper
730 4574 836 4672 quod
872 4575 1032 4672 praelati
1058 4576 1261 4660 auditores,
1290 4591 1330 4652 et
1365 4601 1496 4652 eorum
1524 4574 1607 4651 loca
1639 4601 1747 4652 exer-

216 4705 223 4730 ⁸
241 4713 383 4785 centes,
404 4699 518 4774 libros
538 4698 628 4773 iuris
647 4699 860 4774 ordinarios
880 4701 930 4774 ad
948 4702 1274 4788 minus,continuo
1292 4726 1420 4778 secum
1439 4701 1577 4778 habere
1598 4721 1746 4778 tenean-

246 4839 326 4910 tur;
347 4849 627 4922 processusque
646 4848 847 4899 causarum
865 4827 1091 4924 agitatamm
1110 4851 1236 4902 coram
1255 4827 1310 4902 eis
1328 4827 1577 4924 personaliter
1594 4825 1749 4902 videant

242 4965 283 5023 et
310 4949 472 5036 visitent,
502 4974 546 5024 ac
574 4964 692 5024 testes
712 4951 749 5024 in
778 4950 901 5025 causis
920 4951 1143 5041 huiusmodi,
1166 4952 1197 5027 si
1215 4952 1394 5049 ponderis
1413 4951 1549 5025 luerint
1571 4950 1749 5051 (maxime

245 5075 278 5148 si
313 5097 403 5170 pars
437 5073 563 5171 aliqua
601 5075 673 5148 hoc
709 5075 962 5175 requisiverit)
997 5079 1218 5165 examinent,
1257 5077 1294 5151 in
1327 5078 1409 5152 aliis
1437 5099 1528 5151 vero
1555 5099 1624 5172 per
1651 5076 1748 5150 duos

329 5335 339 5372 ¹
359 5333 451 5395 Haec
469 5335 618 5411 pericopa
637 5335 671 5396 in
690 5335 792 5396 Libro
809 5336 914 5410 Rotae
931 5339 1056 5398 constit.
1074 5339 1194 5400 omissa
1211 5347 1268 5400 est.
