3720 5916
749 322 941 384 Innocentio
959 323 992 382 X
1207 398 1212 416 ἢ
1569 319 1624 378 377

121 515 204 589 fieri
233 518 436 603 decretum,
467 517 571 614 quod
599 517 635 590 in
663 533 872 613 posterum,
903 543 1142 614 quocumque
1171 534 1353 612 tempore,
1385 541 1457 590 non
1487 539 1623 611 propo·

123 656 303 714 nerentur
339 642 409 714 nisi
437 643 533 714 duae
562 667 698 715 causae
736 658 900 731 tantum;
936 643 1005 717 sed
1042 643 1139 717 idem
1182 643 1374 715 discursus
1402 641 1528 713 tentus
1557 639 1624 712 tuit

122 767 265 862 pluries
294 783 333 840 et
362 767 598 841 nihilominus
631 766 718 840 nihil
746 769 961 842 conclusum
999 769 1076 844 suit.

868 981 889 1021 tlt

841 1041 914 1084 tit*

209 1159 281 1231 Die
311 1159 486 1232 Mercurii
521 1183 531 1231 1
567 1157 627 1232 iul.
665 1163 762 1251 1648
789 1159 856 1232 fuit
885 1158 1014 1232 ultima
1038 1158 1139 1232 Rota
1161 1175 1200 1231 et
1228 1159 1377 1230 suerunt
1405 1157 1625 1254 propositae

127 1307 174 1378 52
216 1307 362 1368 causae,
393 1307 552 1379 quarum
584 1286 632 1376 38
662 1284 807 1356 circiter
833 1284 981 1358 suerunt
1013 1283 1212 1368 resolutae,
1248 1281 1414 1379 reliquae
1441 1307 1533 1355 vero
1565 1280 1623 1355 vel

123 1422 281 1502 propter
308 1406 544 1480 dominorum
573 1406 811 1494 discordiam,
833 1408 891 1481 vel
919 1409 1000 1481 aliis
1019 1407 1066 1480 de
1086 1407 1220 1490 causis,
1246 1404 1394 1484 dilatae.
1416 1405 1455 1480 ln
1476 1408 1625 1480 duobus

123 1531 235 1605 Rotis
275 1531 597 1618 antecedentibus,
630 1532 665 1606 d.
711 1532 860 1605 Bichius
898 1551 1090 1629 tamquam
1127 1530 1412 1614 Thesaurarius,
1448 1532 1624 1628 expensis

123 1657 297 1753 propriis,
327 1659 545 1753 preparavit
572 1657 733 1730 dominis
761 1659 798 1731 in
828 1657 959 1730 iisdem
988 1657 1147 1731 aedibus
1177 1655 1217 1730 B.
1249 1655 1302 1731 M.
1333 1657 1380 1730 de
1410 1655 1505 1729 Pace
1538 1657 1624 1729 soii-

125 1799 202 1855 tam
230 1781 483 1866 resectionem,
514 1783 614 1854 etin
643 1784 703 1856 die
738 1807 749 1855 1
785 1781 858 1854 iulii
886 1781 1132 1855 lautissimum
1161 1781 1369 1877 prandium,
1401 1806 1476 1876 quo
1511 1781 1624 1853 abso-

124 1905 206 1980 luto
233 1931 365 1980 omnes
393 1906 585 1980 redierunt
613 1907 661 1980 ad
690 1909 843 1981 domum
873 1932 992 1982 suam.

815 2220 904 2299 252.

126 2383 308 2467 Cnrzoles,
325 2384 463 2457 obtento
491 2385 766 2479 confirmation
797 2382 1098 2480 Congregationis
1125 2410 1149 2455 a
1167 2407 1204 2456 se
1221 2391 1367 2503 erectae,
1389 2381 1511 2454 Breve
1529 2380 1624 2453 Pon·

206 2509 317 2599 tz'ficis
345 2509 462 2582 Rotae
493 2509 694 2582 ostendunt.

207 2665 322 2736 (Anca.
343 2663 428 2736 Ros,
453 2661 641 2722 ‹Diarium
657 2663 792 2735 Ceisr'»).

602 2847 674 2919 Die
702 2845 812 2918 lunae
847 2867 890 2938 17
921 2847 1005 2919 maii
1040 2853 1151 2939 1649.

210 3005 296 3079 Fuit
324 3007 443 3082 Rota:
473 3007 640 3080 Revrirus
670 3006 849 3080 Decanus
878 3005 1004 3080 retulit
1036 3009 1140 3103 quod
1185 3007 1354 3080 Curiales
1387 3009 1628 3081 obtinuerunt

122 3127 446 3204 confirmationem
476 3157 498 3206 a
527 3131 585 3206 Ss.
617 3131 666 3206 D.
697 3131 743 3206 N.
775 3132 991 3208 Innocentio
1024 3131 1062 3204 X
1098 3148 1272 3229 respectu
1309 3131 1626 3231 Congregationis

120 3255 175 3329 ab
202 3254 346 3328 eisdem
373 3271 523 3329 erectae
550 3274 590 3330 et
617 3255 721 3352 quod
750 3256 963 3330 huiusmodi
999 3257 1160 3354 gratiam
1199 3257 1305 3331 sicuti
1343 3257 1627 3331 notificaverant

121 3379 284 3476 singuiis
312 3380 398 3454 AA.
428 3381 480 3453 ita
507 3379 620 3453 etiam
650 3381 762 3454 hodie
790 3379 1001 3455 exhibendo
1031 3381 1152 3454 Breve
1180 3383 1348 3456 eiusdem
1377 3382 1627 3456 confirmatio-

122 3505 183 3577 nis
212 3507 453 3600 exponebant
481 3505 550 3579 iliis
580 3507 632 3578 uti
660 3505 842 3579 universis
871 3504 921 3578 ad
947 3505 1120 3580 effectum
1155 3522 1197 3579 ut
1233 3505 1333 3579 dicta
1366 3503 1626 3604 Congregatio

122 3627 311 3722 reciperet
338 3647 584 3726 augmentum
613 3631 684 3704 sub
711 3631 886 3725 auspiciis
914 3645 954 3702 et
982 3629 1190 3726 patrocinio
1217 3629 1440 3706 Tribunalis

825 3965 915 4044 253.

124 4129 227 4201 Rota
254 4153 326 4199 non
353 4127 487 4201 solebat
512 4129 692 4227 rescripto
720 4129 957 4226 Signatum,
979 4138 1145 4203 nonnus
1171 4129 1271 4214 dala,
1301 4128 1505 4202 executioni
1520 4154 1626 4201 man·

208 4251 311 4328 darc.

208 4410 323 4480 (Aren.
342 4407 429 4484 Ron,
453 4408 642 4470 «ortanum
665 4409 800 4484 Celsi›).

747 4612 766 4684 5
799 4590 872 4664 iulii
907 4595 1017 4682 1649.

206 4750 411 4848 Signatura
438 4751 650 4848 rescripsit:
674 4780 692 4823 ι
712 4752 905 4824 Oretenus
925 4752 1026 4825 Dr'r'ro
1047 4751 1175 4826 Bichio
1193 4770 1236 4826 ut
1254 4749 1436 4847 procedat
1454 4751 1490 4823 in
1510 4754 1626 4826 devo-

122 4875 243 4950 lutivo
272 4891 417 4948 tantum
446 4902 482 4950 r.
513 4876 614 4949 Rota
642 4899 715 4950 non
745 4875 842 4949 solet
869 4875 1290 4973 rescriptaSignaturae
1318 4890 1496 4949 oretenus
1523 4875 1624 4959 data,

122 4999 372 5096 exequutioni
400 4999 606 5076 mandare.
629 5055 668 5075 ..
700 4999 787 5095 quia
816 5001 1021 5074 Auditores
1042 5002 1165 5075 Rotae
1193 5024 1397 5095 numquam
1416 4999 1628 5096 procedunt

123 5127 208 5200 sine
227 5125 490 5199 commissione
537 5184 544 5200 .
576 5183 584 5199 .
615 5185 623 5201 .
654 5126 704 5199 Et
732 5126 823 5199 baec
852 5127 1000 5200 novitas
1028 5126 1201 5223 provenit
1227 5151 1251 5198 a
1281 5126 1381 5198 Dmo
1409 5124 1627 5198 Androsilla

123 5252 191 5348 qui
210 5249 326 5324 habet
352 5249 549 5347 plurimum
579 5250 727 5348 ingenii,
754 5251 823 5324 sed
843 5275 916 5323 non
937 5251 1092 5324 multum
1112 5249 1334 5348 prudentiae
1353 5267 1393 5324 et
1407 5249 1487 5324 vult
1501 5249 1625 5323 omnia

123 5377 177 5450 ad
205 5375 359 5450 modum
388 5399 509 5448 suum.
