3720 5914
1168 179 1184 212 Ι

267 315 323 374 160
910 313 1047 374 Socculo
1067 313 1134 372 XV

267 507 441 583 retinere.
470 505 612 603 lllaque
639 521 679 579 et
706 531 944 604 quecumque
973 506 1042 580 tria
1072 531 1140 602 per
1167 531 1234 580 eos
1277 533 1347 604 pro
1384 524 1555 604 tempore
1593 511 1771 582 canonice

263 633 471 707 obtinenda
497 631 787 728 incompatibilia
815 633 995 706 beneficia
1023 633 1130 705 simul
1168 631 1227 705 vel
1255 635 1478 722 successive,
1508 636 1684 730 quotiens
1715 635 1771 706 eis

266 757 458 855 placuerit,
490 757 707 854 simpliciter
734 757 794 832 vel
822 782 1000 832 excausa
1030 757 1315 854 permutationis
1335 759 1532 846 dimittere,
1554 775 1594 833 et
1611 760 1696 832 loco
1721 760 1772 831 di-

266 883 370 957 missi
399 883 458 955 vel
487 882 726 957 dimissorum
769 880 870 956 aliud
898 883 958 957 vel
1000 883 1071 956 alia
1100 881 1219 955 simile
1246 882 1306 956 vel
1335 883 1513 958 dissimile
1541 900 1606 958 aut
1640 883 1772 959 similia

263 1009 324 1082 vel
367 1008 558 1082 dissimilia
595 1006 815 1105 beneficium
850 1034 916 1083 seu
960 1007 1138 1083 beneficia
1179 1009 1471 1083 ecclesiasticum
1504 1009 1563 1082 vel
1595 1009 1773 1084 ecclesia-

266 1134 360 1208 stica
387 1135 457 1206 tria
486 1133 682 1212 dumtaxat
710 1131 1000 1230 incompatibilia
1019 1135 1131 1206 etiam
1162 1134 1192 1205 si
1220 1133 1296 1207 duo
1323 1158 1369 1207 ex
1388 1133 1458 1207 illis
1477 1135 1550 1208 due
1579 1135 1772 1208 Parochia-

265 1259 321 1330 les
349 1257 506 1332 ecclesie
533 1274 573 1332 et
592 1256 775 1353 reliquum
794 1257 940 1330 illorum
970 1283 1036 1332 seu
1066 1258 1260 1353 quodlibet
1279 1259 1445 1355 ipsorum
1465 1259 1576 1332 trium
1603 1260 1772 1358 dignitas

265 1400 491 1480 personatus
520 1382 794 1457 administratio
822 1385 881 1458 vel
910 1382 1071 1457 officium
1100 1383 1268 1456 similiter
1295 1402 1464 1458 curatum
1493 1401 1532 1458 et
1559 1383 1772 1458 electivum.

266 1510 323 1582 Ac
350 1507 519 1604 quelibet
552 1508 716 1607 dignitas
743 1509 825 1605 ipsa
853 1509 889 1581 in
918 1507 1134 1582 Cathedrali
1161 1523 1200 1582 et
1228 1508 1520 1604 Metropolitana
1556 1525 1645 1605 post
1673 1533 1772 1606 pon-

265 1634 440 1707 tificalem
469 1635 588 1708 maior
615 1651 681 1707 aut
708 1633 744 1706 in
767 1633 978 1732 Collegiata
996 1633 1151 1708 ecclesia
1171 1633 1384 1730 principalis
1403 1633 1462 1708 vel
1482 1634 1772 1731 qualiscumque

261 1775 376 1834 extra
392 1758 579 1832 Ecclesias
599 1760 700 1854 ipsas
721 1759 855 1832 suerint
874 1759 906 1832 si
924 1758 992 1833 sibi
1007 1760 1183 1832 canonice
1197 1760 1434 1832 conferantur
1449 1775 1514 1833 aut
1527 1773 1773 1834 assumantur

268 1885 318 1957 ad
355 1884 436 1958 illas
469 1885 636 1979 recipere
667 1900 706 1956 et
739 1884 906 1959 similiter
933 1884 1060 1980 quoad
1088 1883 1248 1958 vixerint
1275 1884 1434 1958 retinere
1462 1883 1578 1958 libere
1605 1899 1645 1956 et
1671 1883 1773 1957 licite

265 2007 416 2083 valeant
432 2025 534 2084 motu
552 2007 659 2082 simili
674 2009 722 2082 dc
735 2009 887 2106 speciali
901 2011 1024 2107 gratia
1039 2008 1313 2104 dispensamus.
1331 2008 1418 2084 Non
1437 2009 1674 2083 obstantibus
1692 2024 1771 2082 sta-

270 2133 361 2206 tutis
390 2149 429 2206 et
455 2133 787 2208 consuetudinibus
815 2134 1032 2208 earumdem
1051 2125 1293 2207 ecclesiarum
1312 2135 1360 2207 de
1388 2134 1566 2229 optando,
1595 2157 1664 2206 nec
1693 2157 1771 2208 non

270 2258 340 2332 illis
369 2260 506 2353 quibus
525 2273 681 2331 cavetur
699 2259 801 2354 quod
822 2257 945 2331 nullus
963 2261 999 2332 iu
1019 2259 1126 2332 dictis
1141 2259 1306 2332 ecclesiis
1321 2260 1483 2354 aliquam
1498 2259 1677 2332 maiorem
1698 2283 1768 2332 seu

265 2382 501 2480 pinguiorem
530 2383 761 2478 prebendam
790 2383 944 2477 assequi
971 2383 1096 2456 valeat
1125 2383 1194 2456 nisi
1213 2383 1261 2456 ad
1281 2381 1447 2480 illamlde
1466 2383 1597 2456 minori
1616 2382 1675 2456 vel
1695 2381 1770 2456 alia

266 2507 458 2603 prebenda
486 2509 676 2606 gradatim
705 2524 744 2581 et
773 2533 842 2604 per
868 2507 1059 2603 optionem
1088 2509 1292 2582 ascendat:
1322 2507 1534 2602 ceterisque
1571 2507 1769 2580 contrariis

273 2631 588 2728 quibuscumque.
618 2632 717 2706 Cuni
744 2630 919 2706 clausulis
951 2631 1185 2730 opportunis.
1216 2633 1307 2706 Fiat
1331 2631 1440 2705 Motu
1459 2633 1619 2730 proprio
1645 2631 1694 2706 Ε.

401 2757 562 2832 Nomina
591 2756 843 2853 predictorum
872 2759 1099 2832 Auditorum
1129 2772 1216 2831 sunt
1243 2757 1332 2834 hec:

344 2880 531 2955 lohannes
561 2881 695 2956 Didaci
722 2881 770 2956 de
800 2881 912 2970 Coca,
945 2884 1133 2970 Decanus,
1165 2882 1401 2955 decretorum
1431 2882 1575 2956 doctor.

344 3005 589 3080 Geminianus
604 3005 651 3079 de
669 3007 789 3092 Prato,
807 3006 1045 3081 decretorum
1059 3007 1202 3092 doctor,
1219 3006 1440 3103 Apostolice
1454 3005 1556 3080 sedis
1571 3005 1764 3082 Notarius

344 3130 528 3205 lohannes
556 3131 701 3228 ualing,¹
723 3134 959 3207 decretorum
989 3132 1131 3206 doctor.

345 3255 557 3331 Ludovicus
586 3258 634 3331 de
663 3256 863 3342 ludovisiis,
894 3256 982 3331 iuris
1012 3258 1208 3354 utriusque
1245 3255 1387 3344 doctor,
1421 3256 1628 3354 apostolice
1665 3257 1766 3332 sedis

264 3379 460 3455 Notarius

346 3504 532 3579 lohannes
559 3504 677 3590 losso,
708 3505 796 3578 iuris
824 3506 1020 3604 utriusque
1048 3506 1191 3582 doctor.

346 3630 536 3727 Agapitus
565 3630 613 3703 de
642 3631 817 3718 Rusticis,
849 3631 938 3704 iuris
965 3633 1161 3729 utriusque
1189 3630 1331 3706 doctor.

344 3754 558 3829 Bernartius
587 3756 761 3839 Roviera,
792 3757 1028 3830 decretorum
1059 3756 1203 3833 doctor.

342 3879 494 3976 Gaspar
522 3881 569 3954 de
599 3881 773 3968 Teramo,
803 3881 1041 3991 decretorum
1068 3881 1210 3956 doctor.

344 3982 570 4080 Theodorus
598 4004 647 4080 de
675 4006 800 4091 Leliis,
831 4007 920 4080 iuris
948 4007 1143 4103 utriusque
1171 4008 1316 4081 doctor.

345 4129 561 4204 Bernardus
589 4130 638 4204 de
664 4130 823 4219 Boscho,
845 4134 1081 4206 decretorum
1102 4133 1243 4208 doctor.

346 4253 537 4328 Orlandus
566 4257 614 4329 de
644 4254 837 4344 Bonarliis,
868 4257 957 4330 iuris
985 4259 1180 4354 utriusque
1209 4255 1354 4332 doctor.

344 4379 477 4453 Petrus
506 4379 554 4454 de
581 4381 687 4468 valle,
718 4381 845 4479 legum
874 4381 1017 4457 doctor.

342 4503 526 4578 lohannes
557 4505 695 4590 Pintor,
726 4505 814 4579 iuris
844 4507 1038 4604 utriusque
1067 4507 1210 4581 doctor.

397 4629 447 4701 Et
477 4629 584 4704 Motu
614 4633 777 4728 proprio.

342 4767 381 4825 et
409 4755 479 4827 sub
507 4753 607 4840 data,
638 4753 721 4826 VllI
749 4753 820 4830 kal.
851 4756 1060 4830 decembris
1089 4757 1137 4833 E.

343 4877 393 4950 Et
420 4878 468 4950 ad
497 4875 592 4952 duas
622 4881 833 4976 prebendas
857 4897 896 4954 et
915 4882 1072 4955 totidem
1092 4881 1294 4980 dignitates
1314 4898 1383 4957 etc.
1405 4883 1517 4956 etiam

256 5001 297 5074 in
325 5000 471 5076 duabus
501 5003 791 5078 Cathedralibus
820 5021 859 5078 et
886 5006 1200 5103 Metropolitanis.

341 5127 391 5200 Et
419 5127 467 5200 ad
496 5129 657 5203 maiores
685 5130 898 5226 prebendas
934 5157 1017 5204 cum
1052 5132 1299 5230 derogatione
1335 5133 1517 5207 dictorum
1576 5129 1684 5205 ⁸Fiat
1714 5133 1754 5205 E.

258 5266 497 5328 statutorum.

342 5375 392 5449 Et
420 5377 468 5450 ad
496 5378 572 5452 duo
600 5379 790 5478 beneficia.
