3688 5924
405 1113 790 1220 PRAEFATIO
824 1115 922 1216 AD
955 1113 1331 1220 LECTOREM

831 1727 902 1824 ξι.

500 1915 613 1992 Ratio
636 1916 752 1984 huius
776 1919 909 2002 operis
932 1919 1076 1986 tertiae
1101 1919 1241 2003 partis.

202 2155 230 2204 1.
276 2173 299 2184 -
343 2129 454 2222 Quae
495 2133 642 2206 duobus
680 2134 989 2207 antecedentibus
1027 2133 1275 2207 voluminibus
1313 2135 1449 2207 tradidi
1486 2135 1619 2207 invicte

121 2255 314 2349 probandi,
354 2281 400 2328 ac
437 2259 636 2354 praecipue
673 2257 821 2353 plenam
860 2261 1112 2354 undequaque
1149 2260 1427 2356 genuinamque
1465 2259 1620 2356 gloriosi

121 2379 254 2452 Sacrae
286 2381 482 2454 Romanae
513 2381 634 2455 Rotae
669 2382 862 2456 tribunalis
897 2401 936 2455 et
973 2383 1119 2480 collegii
1156 2383 1315 2480 figuram
1351 2400 1390 2455 et
1427 2383 1618 2456 historiam

122 2505 308 2599 pandendi
351 2530 475 2582 causa.
516 2506 677 2580 historici
719 2507 853 2592 sontes
894 2533 961 2581 seu
1002 2508 1224 2590 documenta,
1269 2510 1348 2581 sive
1390 2510 1489 2605 typis
1531 2509 1619 2581 editi

122 2631 203 2714 iam,
239 2633 319 2703 sive
353 2629 477 2703 inediti
514 2632 647 2714 adhuc,
682 2631 881 2729 colligendi
908 2635 945 2704 in
974 2657 1088 2704 unum
1117 2650 1156 2705 et
1183 2633 1319 2729 publici
1347 2633 1435 2705 iuris
1463 2633 1619 2705 faciendi

121 2772 240 2829 erant.

205 2907 239 2954 2.
269 2924 296 2934 -
325 2881 449 2954 Nimia
476 2883 575 2954 enim
603 2883 661 2955 vel
693 2907 788 2956 nova
819 2907 973 2979 prorsus
1002 2881 1060 2956 vel
1090 2884 1123 2954 in
1155 2900 1211 2955 tot
1240 2884 1430 2978 tantisque
1459 2882 1503 2956 iis
1522 2907 1620 2979 quae

120 3007 304 3078 hactenus
334 3009 471 3079 tradita
499 3025 537 3081 et
567 3025 713 3082 retenta
740 3011 789 3082 ab
816 3011 1032 3083 auctoribus
1060 3007 1173 3081 etiam
1202 3010 1384 3081 maximae
1422 3025 1533 3081 notae
1573 3009 1619 3082 de

122 3158 149 3204 s.
192 3157 220 3203 r.
260 3131 361 3204 Rota
394 3131 556 3218 luerunt,
594 3133 844 3229 discrepantia
878 3159 1069 3230 exponere
1103 3157 1178 3219 me,
1214 3133 1378 3206 omnium
1415 3133 1620 3220 minimum,

121 3257 218 3330 ratio
249 3257 424 3330 historica
452 3258 588 3355 coegit,
619 3274 659 3331 ut
688 3260 861 3354 prudenti
890 3259 1040 3331 credula
1068 3259 1214 3332 difficile
1247 3259 1454 3345 videantur,
1484 3260 1514 3331 si
1543 3259 1623 3333 sola

121 3385 224 3456 haud
252 3381 527 3479 famigeratoris
555 3383 725 3466 hominis,
756 3385 826 3456 etsi
856 3383 996 3469 crebris
1024 3383 1180 3455 sontium
1210 3383 1445 3456 citationibus
1473 3380 1620 3469 vallata,

119 3509 347 3583 auctoritate
375 3508 532 3581 luissent
560 3510 765 3604 proposita.
914 3484 918 3501 ⁶

207 3658 241 3726 3.
273 3677 300 3688 -
336 3633 394 3707 Eo
435 3648 562 3706 autem
605 3634 736 3731 magis,
781 3635 884 3728 quod
924 3634 1026 3706 edita
1066 3633 1303 3719 documenta,
1343 3651 1383 3706 ut
1412 3633 1620 3729 plurimum,

124 3763 161 3832 in
189 3759 368 3855 operibus
401 3759 639 3832 continentur
674 3783 784 3854 quae,
819 3759 952 3831 saltem
989 3759 1039 3832 ad
1070 3783 1262 3854 praesens,
1294 3783 1451 3832 numero
1483 3783 1625 3854 paucae

126 3883 381 3958 Bibliothecae
422 3882 637 3977 possident,
680 3882 818 3956 inedita
854 3906 956 3967 vero,
1001 3883 1049 3956 ad
1087 3907 1200 3956 unum
1237 3885 1359 3956 iacent
1394 3880 1513 3956 rotale
1551 3884 1625 3954 Ar-

124 4008 305 4082 chivium:
335 4008 459 4080 omnia
487 4008 601 4104 igitur
627 4008 740 4105 longe
768 4009 897 4081 maiori
925 4007 1129 4105 legentium
1167 4011 1264 4104 parti
1292 4008 1625 4081 consultationibus

128 4133 320 4230 impervia.
363 4157 368 4175 ·

208 4284 243 4350 4.
274 4299 301 4312 -
331 4257 489 4345 Deinde,
520 4260 555 4331 ni
583 4258 809 4331 documenta
837 4273 876 4331 et
904 4257 1142 4356 collegissem
1180 4259 1281 4330 etin
1321 4282 1434 4328 unum
1471 4255 1625 4328 collecta

131 4385 227 4480 typis
255 4383 482 4481 vulgassem‚
513 4400 786 4478 consequutum
806 4381 950 4468 suisset,
971 4383 1019 4454 ab
1039 4406 1154 4477 opere
1172 4381 1262 4477 quin
1284 4407 1313 4456 s.
1336 4405 1363 4455 r.
1387 4381 1486 4455 Rota
1505 4379 1625 4453 lucem

130 4526 376 4596 mutuaretur,
414 4506 664 4581 involveretur
705 4506 831 4604 potius
873 4506 1054 4580 tenebris:
1097 4507 1281 4600 siquidem
1324 4507 1525 4578 humanum
1555 4522 1624 4592 est,

130 4633 302 4708 libentius
330 4647 458 4707 vetera
486 4649 526 4706 et
551 4633 667 4732 vulgo
695 4649 842 4706 retenta
870 4632 1055 4704 sustinere
1084 4646 1123 4704 et
1149 4631 1364 4736 defendere,
1393 4655 1505 4727 quarn
1532 4655 1628 4704 nova

131 4759 179 4833 ab
206 4783 306 4833 novo
335 4759 483 4832 homine
512 4775 663 4831 narrata
689 4756 875 4853 amplecti.

212 4907 246 4977 5.
278 4925 304 4936 -
332 4881 511 4956 Ceterum
538 4882 662 4957 fontes
690 4882 772 4955 illos
801 4899 904 4955 tanta
931 4883 1115 4976 sapientia
1142 4879 1297 4977 fulgere,
1319 4879 1494 4976 adeoque
1514 4879 1629 4952 nitide

132 5011 339 5084 subiectum
355 5008 542 5083 illustrare
564 5032 788 5103 persuasum
802 5023 872 5093 est,
890 5023 931 5080 ut
953 5007 1086 5079 melius
1108 5023 1225 5101 queat
1239 5029 1369 5078 nemo:
1395 5021 1630 5100 quapropter

134 5160 218 5208 vere
247 5133 461 5208 historias.
491 5159 519 5209 r.
551 5133 673 5206 Rotae
702 5133 851 5207 condita
880 5131 951 5204 dici
984 5157 1057 5204 non
1087 5144 1229 5227 posset,
1259 5131 1289 5202 si
1317 5130 1628 5202 documentorum

134 5261 304 5334 rotalium
334 5258 589 5333 collectionem
619 5257 760 5345 confici,
790 5274 856 5331 aut
883 5257 1089 5330 conlectam
1124 5255 1221 5352 typis
1250 5251 1386 5350 publici
1425 5253 1513 5326 iuris
1552 5251 1630 5326 fieri

136 5383 440 5480 praetermissum
470 5384 611 5458 luisset.
