3720 5916
229 320 285 380 358
853 323 990 384 Soecub
1008 322 1114 383 XVII

230 520 312 592 nius
341 520 565 594 Laurentius
592 521 641 594 de
671 520 805 596 Blasiis
832 521 881 596 ad
909 537 987 595 tres
1015 543 1167 593 menses
1194 518 1365 615 proxime
1392 518 1537 592 futuros
1565 517 1628 612 qui
1656 519 1723 611 pri·

230 645 343 718 mitus
370 645 579 742 acceptavit
606 670 715 733 onus,
743 647 968 743 promittens
996 644 1154 718 fideliter
1189 669 1365 718 exercere
1406 660 1477 718 etc.
1520 658 1560 715 et
1596 643 1726 714 iuravit

231 771 268 842 in
295 769 426 843 forma.

311 894 459 968 Deinde
486 892 554 967 luit
581 912 706 969 actum
735 897 783 970 de
810 895 992 970 electione
1022 893 1268 968 Visitatorum
1296 894 1358 990 qui
1396 893 1578 966 assistant
1605 891 1725 964 eidem

229 1020 427 1104 mensario,
458 1035 498 1092 et
526 1018 592 1092 luit
620 1021 827 1096 resolutum
856 1021 1082 1093 servandum
1111 1045 1198 1093 esse
1226 1018 1420 1114 antiquum
1464 1018 1602 1113 stylum
1645 1013 1727 1088 Col-

227 1144 326 1242 legii,
358 1167 493 1241 nempe
520 1142 683 1242 eligendi
711 1171 779 1218 eos
806 1169 876 1241 per
903 1142 1071 1218 ordinem
1100 1143 1288 1228 Tabellae,
1318 1135 1528 1237 incipiendo
1566 1166 1588 1212 a
1629 1139 1727 1236 prin-

229 1267 324 1366 cipio
352 1284 391 1344 et
418 1269 500 1352 fine,
525 1285 566 1343 et
584 1268 682 1342 idem
702 1269 813 1342 etiam
835 1267 901 1341 luit
920 1269 1058 1342 dictum
1079 1266 1182 1363 quod
1205 1283 1375 1341 servetur
1393 1265 1489 1339 circa
1507 1264 1725 1339 electionem

229 1393 389 1467 duorum
418 1393 666 1490 syndicorum.

311 1516 556 1591 Postmodum
585 1518 652 1591 fuit
679 1534 803 1593 actum
832 1518 880 1593 de
908 1516 1091 1592 electione
1120 1514 1399 1590 Calculatornm
1436 1532 1476 1588 et
1503 1515 1728 1588 Revisorum

229 1665 299 1738 pro
327 1641 550 1724 revidendis,
580 1657 620 1716 et
660 1641 886 1717 calculandis
928 1641 1114 1737 computis
1157 1641 1302 1715 ratione
1341 1640 1584 1736 pecuniarum
1627 1663 1729 1712 rece-

230 1783 377 1862 ptarum
407 1792 430 1840 a
458 1768 650 1864 praedicto
679 1768 714 1842 d.
746 1766 937 1864 Astulpho
965 1768 1124 1839 durante
1147 1767 1227 1839 eius
1256 1765 1466 1861 receptoria
1485 1778 1562 1836 tam
1583 1764 1730 1837 ratione

230 1891 416 1966 lructuum
444 1893 583 1966 montis
611 1918 724 1988 quam
752 1917 800 1966 ex
829 1893 960 1988 quavis
989 1891 1060 1964 alia
1088 1895 1230 1966 ratione
1258 1905 1297 1964 et
1316 1915 1427 1964 causa
1447 1889 1496 1962 ad
1516 1887 1730 1987 Collegium

231 2017 482 2112 spectantium
510 2017 559 2088 ad
587 2015 760 2089 eflectum
789 2015 973 2090 referendi
1002 2014 1214 2088 huiusmodi
1244 2014 1477 2099 revisionem,
1507 2030 1546 2086 et
1575 2012 1731 2086 calcula-

231 2141 381 2225 tionem,
412 2156 452 2213 et
480 2141 633 2238 negotio
654 2154 798 2215 mature
819 2142 990 2214 discusso
1010 2141 1158 2212 luerunt
1176 2139 1285 2213 electi
1306 2137 1394 2212 DD.
1417 2136 1519 2210 Felix
1539 2137 1587 2210 de
1607 2137 1729 2224 Totis,

162 2347 164 2353 ,
230 2281 268 2338 et
295 2265 557 2364 Archangelus
587 2267 758 2339 Baronus
778 2267 841 2363 qui
861 2266 1060 2363 diligenter
1078 2265 1292 2338 incumbant
1311 2262 1522 2336 huiusmodi
1541 2265 1730 2350 revisioni,

229 2406 268 2464 et
295 2389 525 2464 calculationi
555 2415 629 2464 una
658 2417 742 2463 cum
772 2391 819 2466 D.
850 2393 941 2467 Ant.
971 2391 1174 2464 Laurentio
1203 2391 1251 2463 de
1271 2389 1404 2462 Blasiis
1424 2388 1606 2462 moderno
1625 2415 1732 2461 men·

231 2517 331 2589 sario
359 2516 422 2610 qui
450 2539 582 2589 omnes
611 2532 831 2612 praesentes
859 2533 1103 2612 acceptarunt
1131 2540 1226 2588 onus
1254 2531 1323 2589 etc.

310 2640 397 2712 Fuit
423 2641 536 2713 etiam
566 2655 765 2712 tractatum
796 2665 910 2736 super
946 2641 1067 2713 officio
1106 2639 1310 2737 receptoris
1349 2639 1601 2736 pecuniarum,
1632 2662 1731 2733 quae

229 2765 425 2840 solvuntur
453 2789 522 2862 pro
550 2766 731 2838 fructibus
759 2765 906 2852 montis,
939 2782 978 2839 et
1006 2765 1073 2838 luit
1101 2765 1305 2838 resolutum
1334 2789 1381 2836 ex
1399 2762 1507 2836 iustis
1526 2761 1661 2846 causis,
1689 2780 1731 2836 ut

228 2893 265 2964 in
294 2891 458 2964 luturum
481 2889 601 2963 donec
621 2891 728 2963 aliter
747 2889 856 2962 luerit
876 2891 1065 2985 provisum
1086 2889 1247 2986 qualiter
1267 2890 1432 2962 notarius
1451 2886 1600 2962 delerat
1614 2913 1731 2984 pecu-

229 3017 320 3102 nias,
349 3041 372 3088 a
401 3041 441 3088 se
461 3015 620 3096 debitas,
642 3016 691 3088 ad
712 3015 993 3111 Depositarium
1014 3015 1183 3088 eiusdem
1205 3015 1353 3099 montis,
1374 3029 1413 3087 et
1432 3030 1606 3087 teneatur
1624 3015 1732 3086 exhi·

230 3143 319 3215 bere
348 3139 593 3235 quietantiam
621 3143 738 3236 ipsius
767 3139 997 3236 Depositarii
1027 3141 1152 3214 statim
1181 3141 1368 3214 mensario
1396 3139 1501 3213 cuius
1519 3163 1608 3211 cure
1627 3165 1732 3211 com-

229 3263 437 3348 mendatur,
469 3279 509 3335 ut
537 3263 674 3348 videat,
695 3287 743 3336 an
762 3264 896 3360 aliquis
915 3262 1094 3362 negligat,
1116 3264 1174 3337 vel
1196 3264 1244 3337 sit
1262 3288 1434 3336 morosus
1454 3265 1489 3336 in
1510 3262 1731 3335 solvendam

230 3403 375 3484 partem
405 3413 523 3470 suam,
558 3403 598 3460 et
626 3411 800 3461 morosos
837 3412 881 3460 ac
917 3387 1154 3486 negligentes
1182 3404 1301 3485 ponat
1341 3389 1376 3461 in
1418 3388 1503 3462 lista
1544 3387 1732 3460 tradenda

231 3511 474 3606 Depositario
503 3513 606 3584 iuxta
634 3535 741 3584 suam
778 3512 1027 3606 prudentiam.

309 3633 480 3706 Tandem
508 3634 576 3707 luit
602 3651 727 3708 actum
756 3637 803 3708 de
832 3634 1014 3730 capienda
1041 3635 1165 3733 aliqua
1194 3635 1409 3732 provisione
1442 3635 1537 3708 circa
1565 3651 1733 3731 quatuor

229 3760 350 3832 officia
371 3760 419 3834 D.
443 3757 612 3832 Clearchi
635 3759 790 3832 Bruschi
809 3775 848 3833 et
866 3760 978 3832 alium
999 3776 1210 3834 cantantem
1231 3760 1267 3833 in
1286 3785 1488 3856 personam
1508 3761 1606 3833 Petri
1627 3758 1731 3833 Pauli

229 3884 418 3958 Iustiniani
446 3908 545 3979 quae
582 3883 762 3957 hactenus
800 3883 950 3957 luerunt
983 3902 1129 3958 retenta
1168 3909 1235 3982 per
1271 3885 1479 3982 praelatum
1518 3884 1567 3959 D.
1597 3883 1732 3958 Astul-

229 4011 344 4106 phum
375 4005 600 4105 Galoppum,
622 4025 659 4081 et
679 4009 746 4082 luit
765 4009 970 4083 resolutum
992 4011 1095 4106 quod
1116 4036 1245 4084 eorum
1266 4037 1354 4084 cura
1373 4011 1558 4085 tribuatur
1577 4009 1626 4085 D.
1649 4013 1731 4083 An-

229 4135 331 4208 tonio
359 4131 562 4205 Laurentio
591 4133 638 4205 de
659 4133 792 4206 Blasiis
811 4135 993 4207 moderno
1013 4136 1211 4220 mensari0,
1234 4135 1297 4232 qui
1317 4135 1536 4221 subscribat,
1558 4149 1596 4206 et
1625 4158 1731 4207 emo·
1850 4219 1851 4222 Ἴ

229 4258 394 4331 lumenta
422 4257 603 4354 percipiat
627 4257 675 4330 ad
695 4257 866 4332 eflectum
888 4258 1127 4354 persolvendi
1146 4284 1261 4334 onera
1281 4261 1502 4332 eorumdem
1522 4257 1730 4332 officiorum
1850 4305 1851 4351 ,

228 4383 375 4478 aliaque
402 4381 638 4456 administret
665 4409 763 4478 quae
791 4383 827 4454 in
856 4383 910 4456 cis
940 4384 1075 4457 luerint
1110 4385 1333 4469 necessaria,
1372 4398 1411 4456 et
1443 4399 1660 4481 opportuna
1690 4397 1729 4455 et

229 4507 296 4581 luit
324 4507 516 4582 inhibitum
547 4507 595 4582 D.
628 4509 785 4582 Clearco
815 4510 1004 4605 praesenti
1037 4534 1083 4582 ne
1115 4510 1150 4581 in
1182 4509 1325 4582 eisdem
1354 4509 1483 4583 officiis
1521 4525 1559 4580 et
1596 4533 1727 4580 eorum

229 4631 491 4707 emolumentis
518 4631 645 4727 aliquo
665 4635 778 4707 modo
798 4658 839 4706 se
858 4633 1006 4730 ingerat
1025 4647 1063 4706 et
1080 4633 1201 4707 dictus
1226 4633 1273 4707 D.
1296 4633 1485 4706 Antonius
1504 4632 1729 4705 Laurentius
1850 4629 1851 4652 ¹

229 4781 409 4854 praesens
436 4758 648 4853 acceptavit
676 4783 772 4832 onus
792 4759 1004 4831 huiusmodi
1023 4758 1354 4831 administrationis
1372 4757 1619 4854 promisitque
1638 4755 1727 4829 fide-

228 4882 311 4956 liter
339 4881 609 4967 administrare,
641 4881 755 4956 etde
794 4881 970 4979 pecuniis,
1000 4907 1098 4978 quae
1136 4883 1355 4978 pervenient
1387 4883 1435 4954 ad
1470 4907 1558 4955 suas
1597 4905 1728 4954 manus

227 5007 374 5080 fidelem
403 5007 586 5080 rationem
616 5007 774 5080 reddere
801 5007 850 5080 ad
879 5031 1027 5080 omnem
1057 5006 1337 5103 requisitionem
1369 5006 1539 5102 Collegii.

308 5133 357 5204 Et
394 5132 480 5226 quia
517 5132 799 5228 appropinquat
836 5131 1060 5205 Venerabile
1097 5132 1237 5206 sextum
1277 5131 1509 5205 Sanctissiml
1548 5129 1728 5228 Corporis

228 5257 379 5343 Christi,
410 5255 446 5326 in
474 5281 551 5352 quo
579 5279 712 5330 omnes
740 5258 788 5330 de
817 5255 991 5355 Collegio
1019 5257 1143 5330 solent
1169 5257 1350 5330 accedere
1369 5282 1453 5330 cum
1473 5255 1661 5330 intortitiis
1678 5255 1726 5328 ad

227 5381 432 5456 solemnem
461 5382 750 5476 processionem,
769 5406 866 5477 quae
896 5381 936 5454 srt
963 5381 999 5453 in
1027 5381 1161 5455 eadem
1190 5381 1250 5455 die
1278 5382 1325 5454 ad
1355 5381 1533 5454 Sanctum
1561 5380 1720 5454 Petrum.
