3720 5914
233 284 286 344 198
881 286 1019 346 Saeculo
1036 283 1069 346 X
1077 285 1106 345 V

232 505 403 577 cumque.
435 480 519 554 Hec
545 495 672 556 autem
701 481 927 570 commissio,
943 481 1127 556 indultum
1151 481 1231 556 sive
1249 481 1531 556 conservatoria
1549 481 1597 555 de
1616 506 1729 556 manu

232 606 385 703 propria
412 606 545 701 prelati
565 606 798 680 Sanctissimi
818 607 867 681 D.
888 607 935 682 N.
955 631 1056 704 pape
1076 609 1129 682 sic
1147 623 1231 682 erat
1253 606 1485 703 subscripta:
1516 605 1581 680 fiat
1607 607 1732 681 Motu-

233 731 387 828 proprio
414 731 533 806 etita
560 731 785 807 mandamus
813 731 855 808 F.

313 854 363 930 Et
390 857 495 953 quod
522 858 711 953 presentis
738 857 906 932 mandati
934 883 1002 932 seu
1030 856 1311 955 supplicationis
1338 857 1419 932 sola
1447 856 1641 956 signatura
1660 856 1731 930 suf-

232 979 330 1055 ficiat
356 983 502 1077 absque
529 981 685 1056 aliarum
714 982 919 1056 litterarum
948 982 1115 1080 desuper
1140 982 1380 1080 expeditione
1408 982 1529 1058 donec
1560 1007 1629 1079 per
1662 1005 1731 1056 nos

232 1130 348 1203 super
374 1106 567 1203 premissis
594 1105 702 1182 aliter
729 1107 922 1204 provisum
950 1107 1073 1194 suerit,
1102 1105 1168 1182 fiat
1196 1121 1237 1180 ut
1264 1132 1295 1181 s.
1326 1105 1368 1180 F.

313 1231 404 1304 Post
431 1230 535 1306 cuius
563 1231 717 1326 quidem
746 1231 1019 1307 commissionis
1047 1232 1125 1306 sive
1153 1232 1320 1306 mandati
1347 1248 1387 1306 et
1414 1230 1545 1305 indulti
1580 1248 1730 1329 aposto

231 1353 290 1428 lici
316 1356 637 1454 presentationem
664 1372 705 1430 et
730 1355 984 1453 receptionem
1022 1357 1129 1432 nobis
1166 1371 1206 1430 et
1241 1381 1310 1454 per
1337 1381 1406 1430 nos
1434 1373 1478 1430 ut
1503 1357 1733 1453 premittitur

231 1477 361 1564 factas,
390 1479 526 1554 suimus
553 1505 623 1578 pro
650 1495 759 1576 parte
787 1481 971 1555 dictorum
1000 1481 1242 1556 Notariorum
1274 1495 1314 1554 et
1351 1478 1511 1578 Collegii
1546 1481 1733 1579 principa-

230 1601 320 1679 lium
348 1604 475 1679 debita
494 1631 577 1679 cum
596 1606 778 1680 instancia
796 1606 974 1702 requisiti,
992 1621 1179 1703 quatenus
1198 1604 1358 1679 officium
1378 1605 1610 1692 Executoris,
1629 1604 1735 1679 Con-

232 1729 436 1806 servatoris
464 1746 503 1804 et
531 1732 756 1826 protectoris
776 1731 909 1805 iurium
936 1747 975 1804 et
993 1728 1272 1829 privilegiorum
1301 1730 1566 1827 predictorum,
1585 1754 1734 1804 necnon

232 1877 554 1950 quarumcumque
580 1853 735 1928 aliarum
772 1854 978 1929 litterarum
1015 1852 1307 1950 apostolicarum
1339 1854 1482 1928 eisdem
1511 1856 1664 1930 notariis
1691 1873 1734 1928 et

232 1977 391 2078 collegio
427 1978 540 2054 etiam
568 1995 673 2054 motu
701 1981 854 2078 proprio
881 1995 948 2054 aut
983 1978 1076 2060 alias
1112 2003 1433 2076 quarumcumque
1466 2003 1731 2054 concessarum

211 2144 217 2182 z
230 2118 270 2177 et
297 2104 333 2176 iu
360 2119 555 2202 posterum
585 2081 912 2179 comedendarum
949 2105 1192 2201 omniumque
1226 2120 1267 2178 et
1303 2103 1535 2202 singulorum
1572 2121 1728 2178 conten-

230 2243 354 2303 torum
372 2230 410 2302 in
428 2230 571 2304 eisdem
589 2247 788 2326 acceptare
806 2245 846 2304 et
864 2255 934 2326 pro
962 2230 1166 2325 acceptatis
1195 2229 1333 2304 habere
1359 2253 1505 2324 eosque
1534 2245 1573 2302 et
1599 2254 1732 2303 eorum

230 2355 425 2454 privilegia
456 2355 624 2452 predicta
661 2371 907 2430 manutenere
939 2370 1126 2452 perpetuo
1162 2380 1206 2428 ac
1247 2353 1352 2428 illesa
1392 2370 1432 2429 et
1471 2351 1735 2429 inviolabiliter

230 2503 464 2568 conservare,
485 2505 554 2554 nec
582 2503 655 2556 non
683 2479 732 2586 ad
755 2481 975 2555 eorumdem
994 2479 1275 2578 privilegiorum
1293 2495 1334 2554 et
1352 2478 1560 2554 litterarum
1579 2497 1733 2576 aposto·

230 2604 382 2678 licarum
402 2629 446 2679 ac
465 2621 728 2679 contentorum
756 2604 792 2677 in
821 2603 963 2678 eisdem
983 2604 1123 2678 realem
1142 2619 1183 2677 et
1208 2603 1443 2678 effectualem
1469 2605 1733 2677 executionem

231 2731 438 2827 procedere
466 2730 720 2829 dignaremur.

311 2855 393 2930 Nos
430 2854 545 2953 igitur
580 2853 800 2940 Rodericus‚
822 2855 1045 2950 Episcopus,
1076 2852 1288 2928 Cardinalis
1315 2869 1355 2927 et
1381 2851 1730 2939 vicecancellarius,

230 2979 429 3064 Executor,
448 2978 707 3054 Conservator
719 2996 759 3054 et
773 2995 965 3076 protector
978 2979 1158 3076 prefatus,
1178 2978 1392 3054 huiusmodi
1410 2977 1624 3054 executoris
1643 3003 1735 3051 con·-

231 3105 434 3180 servatoris
461 3129 506 3178 ac
533 3104 760 3202 protectoris
787 3105 951 3178 officium
977 3105 1014 3178 in
1042 3129 1112 3179 nos
1131 3120 1268 3200 sponte
1288 3120 1329 3179 et
1346 3103 1462 3178 libere
1481 3101 1733 3200 suscipientes

227 3253 272 3302 ac
299 3229 349 3303 ad
375 3229 711 3316 conservationem,
740 3231 1023 3327 protectionem,
1055 3230 1375 3304 manutentionem
1403 3243 1442 3302 et
1469 3226 1732 3303 executionem

230 3353 395 3428 omnium
423 3370 462 3428 et
490 3351 726 3451 singulorum
763 3354 1043 3453 privilegiorum
1080 3379 1125 3426 ac
1161 3352 1388 3428 indultorum
1425 3351 1535 3427 dictis
1563 3352 1733 3427 Notariis

228 3497 267 3554 et
294 3505 426 3555 eorum
455 3477 613 3578 collegio
648 3502 913 3553 concessorum
934 3479 1140 3577 procedere
1157 3503 1202 3554 ac
1221 3477 1283 3552 illa
1300 3479 1350 3552 ad
1369 3478 1542 3554 ellectum
1562 3477 1731 3552 debitum

230 3606 419 3680 deducere
447 3605 630 3691 volentes,
660 3621 703 3677 ut
730 3619 914 3692 tenemur,
944 3606 981 3679 id
1010 3606 1109 3678 circo
1135 3605 1360 3678 auctoritate
1387 3602 1595 3701 apostolica
1623 3601 1733 3678 nobis

200 3808 202 3814 ,
230 3731 430 3804 commissa
456 3743 496 3803 et
523 3753 599 3824 qua
628 3728 818 3826 fungimur
845 3728 881 3802 in
908 3731 978 3804 hac
1007 3743 1127 3826 parte,
1149 3729 1398 3824 preinsertam
1427 3727 1731 3802 commissionem

229 3880 274 3928 ac
310 3851 630 3927 conservatoriam
670 3868 709 3925 et
751 3867 928 3928 contenta
963 3855 999 3927 in
1034 3853 1170 3926 eadem
1209 3876 1279 3948 per
1317 3850 1540 3948 prelibatum
1577 3850 1730 3925 Ssmum

233 3981 280 4056 D.
293 3979 339 4054 N.
357 4003 496 4076 papam
511 3993 553 4050 ut
572 3976 801 4073 premittitur
820 3979 927 4052 nobis
947 3979 1083 4052 laetam
1097 3991 1137 4052 et
1150 3993 1418 4074 presentatam,
1434 3977 1542 4050 vobis
1556 3975 1730 4050 omnibus
1851 4041 1852 4082 ,

227 4120 267 4178 et
295 4103 452 4203 singulis
481 4102 657 4200 predictis
684 4127 728 4176 ac
755 4120 923 4176 vestrum
950 4102 1102 4176 cuilibet
1124 4101 1341 4175 insolidum
1364 4126 1408 4176 ac
1432 4101 1731 4198 quibuscumque

219 4230 310 4316 ‚aliis
324 4252 561 4325 quacumque
575 4227 799 4302 auctoritate
817 4207 1060 4326 fungentibls
1074 4243 1115 4301 et
1128 4228 1375 4324 imposterum
1390 4225 1581 4312 functuris,
1599 4241 1731 4300 tenore
1851 4215 1852 4240 ¹

230 4353 461 4450 presentium
487 4352 715 4436 intimamus,
746 4343 979 4426 insinuamus
1007 4367 1046 4426 et
1074 4350 1306 4425 notificamus
1334 4349 1456 4424 acad
1488 4365 1653 4424 vestram
1690 4329 1731 4423 et

230 4476 427 4553 cuiuslibet
462 4495 629 4550 vestrum
667 4476 836 4551 notitiam
865 4477 1084 4550 deducimus
1118 4491 1158 4549 et
1185 4475 1320 4550 deduci
1348 4475 1522 4548 volumus
1549 4499 1617 4571 per
1644 4498 1732 4570 pre-

231 4617 370 4686 sentes,
385 4602 570 4696 vobisque
599 4601 855 4675 nichilominus
882 4615 922 4676 et
948 4615 1116 4674 vestrum
1136 4599 1285 4674 cuilibet
1304 4600 1340 4672 in
1359 4597 1520 4674 solidum
1538 4600 1574 4673 in
1592 4599 1730 4672 virtute

228 4707 309 4801 sfte
327 4725 540 4801 obedientie
568 4743 608 4800 et
635 4729 706 4802 sub
734 4729 851 4824 penis,
873 4728 1067 4802 sententiis
1086 4741 1126 4801 et
1144 4727 1325 4800 censuriis
1344 4727 1381 4800 in
1400 4727 1609 4822 preinserta
1627 4749 1732 4798 com-

230 4851 408 4926 missione
436 4875 503 4924 seu
531 4850 709 4926 mandato
737 4869 778 4926 et
804 4851 947 4926 indulto
974 4851 1171 4936 contentis,
1192 4875 1235 4924 ac
1254 4849 1335 4924 aliis
1354 4849 1461 4946 penis
1480 4851 1568 4924 iuris
1586 4864 1626 4923 et
1643 4848 1730 4924 sacti

231 4975 338 5050 nobis
366 4975 570 5050 arbitrariis
598 4975 819 5064 inhibentes,
846 4999 894 5050 ne
921 4977 1128 5073 quidquam
1157 4999 1314 5073 pervus
1338 4975 1397 5050 vel
1415 4975 1528 5048 aliurn
1548 4999 1615 5048 seu
1634 4973 1731 5048 alios

230 5098 377 5199 publice
405 5100 464 5173 vel
492 5100 637 5175 occulte
666 5100 808 5175 directe
835 5100 895 5176 vel
929 5101 1119 5188 indirecte,
1150 5100 1286 5196 quovis
1319 5099 1470 5196 quesito
1507 5099 1633 5172 colore
1669 5099 1731 5172 vel

213 5223 391 5322 ‘ingenio
424 5239 555 5298 contra
583 5223 795 5320 preinserta
822 5222 882 5296 vel
909 5247 1150 5318 quecumque
1177 5223 1249 5298 alia
1285 5221 1481 5322 privilegia
1514 5238 1555 5296 et
1586 5221 1730 5295 indulta

229 5349 309 5424 sive
330 5347 476 5422 litteras
502 5346 732 5445 apostolicas
760 5347 869 5422 dictis
897 5347 1065 5423 Notariis
1093 5365 1291 5422 eteorum
1319 5346 1478 5446 collegio
1506 5360 1549 5419 ut
1578 5345 1731 5444 premit·
