3748 5914
248 287 303 346 300
419 286 424 294 '
854 289 990 348 Soeculo
1010 287 1097 348 XVI

334 487 389 553 16.
421 481 470 552 Et
499 481 529 554 si
566 480 730 554 Auditor
757 484 979 577 cognoverit
1007 481 1043 554 in
1071 484 1164 554 actis
1193 482 1329 556 adesse
1358 485 1608 579 suspicionem
1629 485 1748 557 crimi-

246 606 312 688 nis,
344 606 510 680 remittat
537 620 622 678 acta
649 605 872 691 huiusmodi,
904 604 963 678 vel
991 606 1136 679 illorum
1165 606 1392 705 exemplum,
1423 623 1537 705 prout
1569 634 1629 683 res
1657 635 1748 683 exe-

245 732 353 826 gerit,
384 731 433 804 ad
461 730 623 805 Iudicem
652 730 890 805 ordinarium.
932 731 980 804 Et
1018 733 1049 804 si
1086 757 1200 807 causa
1241 733 1439 807 criminalis
1477 735 1748 831 praeiudicialis

244 856 354 929 suerit
380 881 518 930 causae
546 857 651 942 civili,
672 856 816 929 inteius
845 857 1060 954 cognitione
1080 858 1338 954 supersedeat.
1362 859 1412 932 Et
1430 859 1747 956 quandocumque

246 980 362 1053 ludex
381 981 462 1076 ipse
476 981 696 1066 ordinarius,
714 983 749 1052 in
765 982 887 1054 causis
906 981 1154 1057 criminalibus
1169 1007 1294 1055 coram
1311 1008 1357 1056 eo
1372 982 1633 1080 pendentibus,
1650 985 1744 1058 indi-

246 1106 370 1202 guerit
397 1104 693 1201 depositionibus
722 1107 884 1187 testium,
916 1105 975 1178 vel
1003 1105 1189 1202 aliquibus
1218 1107 1411 1204 scripturis
1438 1110 1488 1182 ad
1516 1133 1652 1182 causas
1679 1110 1745 1184 cri-

246 1229 401 1303 minales
429 1230 660 1315 facientibus,
691 1247 864 1304 teneatur
891 1231 1055 1305 Auditor
1082 1232 1171 1318 illas,
1201 1234 1260 1306 vel
1287 1258 1417 1306 earum
1446 1233 1672 1329 exemplum,
1702 1249 1745 1306 ut

247 1353 466 1449 praefertur,
496 1355 637 1427 exiberi
665 1355 797 1428 lacere.
1459 1363 1463 1372 '

334 1498 390 1569 17.
423 1478 476 1550 Ut
503 1493 629 1551 autem
658 1477 808 1552 debitus
836 1480 972 1552 modus
1001 1480 1179 1576 sportulis
1222 1481 1444 1576 imponatur,
1482 1507 1556 1555 non
1597 1483 1747 1578 possint

247 1603 452 1676 Auditores
481 1603 660 1699 partibus,
691 1629 759 1699 per
789 1630 830 1676 se
857 1605 916 1677 vel
945 1605 1055 1678 alium
1085 1605 1219 1700 quovis
1249 1604 1362 1679 modo
1390 1607 1643 1702 sportularum
1677 1632 1745 1680 no-

247 1726 344 1799 mine
372 1725 511 1825 aliquid
531 1742 672 1824 petere,
692 1728 751 1802 vel
778 1730 942 1827 exigere,
959 1731 1028 1804 sed
1047 1755 1115 1828 nec
1135 1747 1270 1827 sponte
1289 1731 1465 1806 dantibus
1492 1733 1590 1806 ultra
1619 1749 1745 1807 taxam

246 1851 519 1949 infrascriptam
546 1853 726 1949 accipere,
758 1853 949 1928 videlicet:

334 1981 389 2052 18.
420 1978 455 2051 in
485 1977 606 2052 causis
639 1980 873 2075 pecuniariis,
905 2005 970 2052 seu
1009 1981 1224 2076 prophanis,
1254 1997 1320 2054 aut
1352 2006 1464 2077 quae
1486 1982 1579 2056 alias
1620 1984 1744 2080 pretio

247 2101 455 2175 nummario
481 2125 635 2198 quoquo
664 2103 778 2176 modo
806 2103 996 2177 aestimari
1023 2103 1181 2200 possint,
1212 2107 1242 2178 si
1270 2106 1483 2180 aestimatio
1512 2109 1564 2180 rei
1592 2107 1640 2180 de
1668 2131 1744 2202 qua

247 2243 392 2326 agetur,
427 2252 502 2301 non
538 2228 698 2302 excedat
734 2253 917 2302 summam
955 2229 1053 2303 mille
1090 2230 1322 2314 ducatorum,
1363 2256 1484 2327 usque
1518 2233 1566 2305 ad
1607 2255 1745 2306 aureos

247 2353 433 2438 decem,a
463 2353 560 2426 mille
588 2377 678 2426 vero
707 2354 905 2448 usquead
933 2355 1063 2428 decern
1084 2355 1206 2442 millia,
1227 2355 1539 2453 vigintiquinque:
1569 2381 1592 2428 a
1611 2357 1744 2431 decem

141 2562 144 2568 Ι
246 2477 406 2550 millibus
436 2503 556 2573 usque
582 2477 630 2550 ad
655 2480 785 2577 viginti
813 2479 935 2563 millia,
966 2481 1259 2578 quinquaginta:
1287 2483 1335 2554 ab
1364 2481 1450 2554 inde
1478 2505 1591 2577 snpra
1619 2505 1742 2578 usque

246 2603 295 2674 ad
323 2627 599 2698 quamcumque
627 2629 821 2688 summam,
855 2619 1014 2678 centum.
1051 2641 1053 2647 ⁸

334 2751 391 2817 19.
422 2727 462 2800 ln
491 2728 771 2802 Beneficialibus
791 2753 892 2814 vero,
914 2730 945 2800 si
964 2729 1133 2802 redditus
1161 2753 1317 2816 annuus,
1340 2731 1484 2825 dequo
1501 2746 1647 2828 agetur,
1670 2757 1744 2804 non

245 2851 405 2926 excedat
431 2877 614 2926 summam
643 2869 791 2926 centum
821 2855 1053 2937 ducatorum,
1085 2853 1251 2927 similiter
1276 2854 1422 2929 decem:
1444 2881 1466 2928 a
1485 2871 1634 2928 centum
1653 2879 1747 2929 vero

247 3000 367 3070 usque
396 2977 445 3048 ad
473 2976 581 3062 mille,
612 2977 742 3075 viginti
769 2979 956 3076 quinque:
985 3001 1006 3050 a
1036 2977 1135 3051 mille
1162 3003 1284 3074 usque
1312 2979 1360 3050 ad
1389 2979 1460 3052 tria
1488 2978 1609 3063 millia,
1641 2981 1747 3076 quin-

247 3102 447 3198 quaginta:
477 3101 612 3175 abinde
641 3127 733 3175 vero
752 3127 876 3198 supra,
898 3119 1045 3176 centum
1074 3127 1211 3176 aureos
1231 3128 1300 3200 pro
1329 3104 1507 3200 sportulis
1535 3105 1746 3179 cuiuscum-

246 3251 320 3323 que
349 3226 567 3312 sententiae,
598 3227 813 3300 diffinitivae
842 3226 1034 3326 duntaxat,
1065 3246 1106 3301 nt
1142 3229 1364 3324 praefertur,
1384 3229 1551 3324 accipere
1580 3229 1742 3305 valeant.

247 3350 285 3424 Si
314 3376 410 3424 vero
437 3375 552 3424 causa
576 3351 873 3426 aestimationem
904 3378 977 3426 non
1005 3353 1110 3426 facile
1130 3354 1292 3449 recipiat,
1315 3354 1507 3448 sportulae
1527 3357 1744 3428 moderatae

246 3501 316 3572 pro
350 3501 472 3548 rerum
507 3491 547 3548 et
582 3501 829 3571 personarum
867 3479 1059 3573 qualitate,
1094 3480 1197 3552 iuxta
1234 3495 1343 3551 taxas
1377 3479 1588 3576 praedictas
1631 3482 1743 3576 recipi

245 3601 411 3695 possint:
443 3625 510 3674 nee
538 3601 678 3697 aliquid
698 3601 794 3675 ultra
821 3627 896 3676 non
916 3603 1037 3676 solum
1057 3605 1148 3698 ipsis
1163 3603 1421 3688 Auditoribus,
1442 3605 1510 3677 sed
1530 3630 1597 3677 nec
1612 3631 1743 3678 eorum

245 3725 495 3810 familiaribus,
525 3701 583 3797 vel
612 3728 910 3824 consanguineis,
941 3741 1007 3798 aut
1034 3727 1115 3800 aliis
1152 3728 1347 3824 quibusvis
1385 3729 1554 3824 personis
1592 3729 1742 3811 directe,

246 3848 305 3922 vel
333 3849 521 3935 indirecte,
552 3852 686 3945 quovis
715 3853 889 3949 quaesito
918 3851 1043 3925 colore
1073 3852 1131 3925 vel
1161 3853 1322 3950 ingeni0,
1343 3855 1511 3950 exceptis
1543 3853 1743 3927 esculentis

245 3992 284 4047 et
312 3973 521 4069 poculentis
545 3997 644 4071 qnae
673 3976 796 4049 triduo
823 3977 997 4049 consumi·
1020 3977 1177 4073 possint,
1199 3980 1363 4073 ipsarum
1391 3978 1660 4052 sententiarum
1680 3995 1745 4050 aut

248 4099 473 4172 Auditorum
503 4100 647 4186 intuitu,
676 4102 859 4195 praestari
891 4101 1025 4197 possit.

331 4247 391 4297 20.
421 4221 529 4316 Quas
557 4225 708 4319 quidem
738 4224 938 4320 sportulas,
969 4225 1072 4300 iuxta
1100 4243 1226 4300 taxam
1247 4228 1486 4322 praedictam,
1507 4227 1608 4324 apud
1631 4228 1745 4302 Nota-

248 4348 340 4421 rium
369 4373 505 4422 causae
534 4365 623 4443 post
642 4351 892 4446 subscriptam
913 4351 1151 4437 sententiam,
1171 4367 1210 4424 et
1229 4351 1387 4426 Notario
1406 4354 1590 4436 traditam,
1612 4369 1651 4426 et
1670 4377 1743 4427 non

245 4488 371 4557 antea,
404 4472 554 4568 deponi,
591 4489 631 4546 et
666 4473 842 4548 Auditori
884 4475 1096 4572 consignari
1131 4476 1325 4563 volumus;
1355 4478 1534 4572 quodque
1563 4476 1745 4550 Notarius

247 4597 534 4694 depositionem,
563 4616 602 4671 et
629 4599 953 4696 consignationem
981 4598 1194 4673 huiusmodi
1223 4601 1257 4673 in
1287 4603 1381 4674 actis
1410 4616 1552 4688 notare,
1583 4617 1621 4674 et
1656 4625 1743 4697 spe-

248 4721 391 4794 cificare
420 4737 603 4804 teneatur.

331 4870 390 4921 21.
422 4845 557 4920 Officia
584 4872 676 4921 vero
706 4847 946 4922 Notariorum
976 4847 1100 4922 Rotae
1119 4873 1193 4922 non
1221 4849 1460 4922 conserantur
1478 4851 1547 4922 nisi
1573 4853 1746 4946 personis

250 4970 389 5067 peritis,
407 4988 446 5045 et
460 4972 615 5058 idoneis,
633 4997 731 5068 quae
744 4996 812 5068 per
827 4973 973 5068 seipsos
992 4972 1052 5045 illa
1068 4999 1243 5047 exercere
1259 4977 1379 5049 sciant
1391 4991 1430 5048 et
1449 4993 1659 5060 exerceant,
1677 4977 1746 5050 nisi

246 5095 371 5192 aliqua
398 5095 566 5195 legitima
584 5120 698 5170 causa
717 5095 979 5192 impediantur.
1000 5097 1081 5170 Nec
1099 5123 1147 5172 eo
1165 5123 1255 5172 casu
1274 5097 1396 5173 officia
1415 5100 1600 5196 aliquibus
1617 5069 1746 5174 arreti-

248 5223 351 5309 dare,
380 5239 447 5296 aut
474 5223 701 5297 substitutos
719 5225 903 5321 deputare
921 5225 1081 5306 valeant,
1104 5225 1173 5299 nisi
1191 5251 1214 5300 a
1232 5227 1385 5323 proprio
1404 5225 1589 5301 Auditore
1608 5251 1747 5324 appro-

248 5347 325 5424 bati
353 5349 500 5436 suerint,
520 5348 584 5445 qui
603 5348 758 5445 insuper
771 5350 818 5424 de
833 5349 954 5424 officio
974 5349 1133 5424 fideliter
1151 5349 1362 5425 exercendo
1380 5352 1532 5425 arbitrio
1552 5351 1748 5426 Auditoris
