3720 5916
764 298 931 360 Clemente
949 297 982 358 Χ
1570 299 1626 360 427

126 495 422 593 quibuscumque
449 493 529 568 aliis
556 517 797 590 quocumque
825 493 973 566 nomine
1001 509 1272 590 nuncupentur,
1292 507 1332 567 et
1351 493 1535 590 dignitate
1555 516 1621 566 seu

126 619 330 694 maioritate
363 617 637 716 praefulgeant,
671 617 708 691 in
742 639 884 713 genere
917 615 977 690 vel
1014 617 1049 690 in
1088 617 1224 713 specie,
1256 641 1323 691 seu
1362 641 1496 700 eorum
1533 615 1622 690 Col·

125 743 228 843 legiis
256 743 359 818 etin
385 758 470 816 actu
500 766 632 816 eorum
660 741 859 817 erectionis
886 741 1088 829 concessis,
1108 741 1331 839 approbatis
1359 758 1399 816 et
1426 741 1621 827 innovatis,

124 869 258 964 quibus
287 868 460 944 omnibus
488 881 527 940 et
555 864 722 964 singulis,
751 866 866 941 etiam
895 867 927 940 si
954 889 1024 963 pro
1051 865 1195 942 illarum
1228 867 1425 942 sufficienti
1460 866 1624 964 deroga-

126 993 223 1068 tione
251 993 300 1067 de
327 992 399 1068 illis
427 1015 635 1088 eorumque
663 991 752 1067 totis
781 992 986 1078 tenoribus,
1023 991 1207 1088 specialis,
1246 992 1420 1091 specifica
1456 1006 1497 1066 et
1531 990 1625 1064 indi-

125 1118 246 1206 vidua,
275 1141 319 1192 ac
347 1119 395 1192 de
423 1117 540 1192 verbo
567 1115 618 1190 ad
644 1117 812 1204 verbum,
839 1116 919 1194 'non
946 1131 1073 1192 autem
1102 1143 1171 1215 per
1202 1116 1390 1192 clausulas
1426 1114 1625 1215 generales

124 1243 219 1317 idem
248 1241 508 1339 importantes,
537 1241 680 1316 mentio
711 1267 779 1316 seu
808 1242 965 1338 quaevis
997 1241 1068 1316 alia
1105 1243 1300 1340 expressio
1336 1239 1519 1328 habenda,
1559 1255 1625 1314 aut

123 1366 247 1464 aliqua
274 1366 346 1441 alia
373 1365 563 1464 exquisita
589 1366 709 1441 sonna
735 1365 787 1441 ad
813 1365 886 1441 hoc
913 1366 1099 1442 servanda
1126 1365 1236 1455 soret,
1256 1366 1355 1442 acin
1374 1367 1429 1442 eis
1448 1381 1626 1441 caveatur

122 1516 304 1590 expresse
330 1493 447 1589 quod,
476 1489 546 1566 illis
575 1491 787 1567 nullatenus
813 1516 859 1566 ac
887 1493 968 1566 sine
988 1517 1175 1568 consensu
1204 1494 1386 1568 interesse
1405 1490 1623 1567 habentium

123 1615 300 1716 derogari
327 1615 450 1714 possit
477 1630 631 1690 tenores
658 1615 882 1703 huiusmodi,
913 1642 957 1692 ac
985 1617 1017 1690 si
1044 1615 1092 1692 de
1120 1618 1238 1692 verbo
1269 1617 1506 1700 adverbum
1536 1614 1623 1689 nihil

122 1743 273 1836 penitus
300 1739 442 1816 omisso
469 1755 509 1815 et
536 1740 655 1816 forma
682 1740 720 1814 in
747 1740 818 1816 illis
846 1741 983 1816 tradita
1014 1743 1226 1830 observata,
1256 1742 1555 1838 exprimerentur
1584 1755 1625 1814 et

123 1863 377 1940 insererentur
394 1863 668 1962 praesentibus,
690 1890 760 1963 pro
779 1864 890 1963 plene
910 1881 951 1939 et
967 1866 1197 1941 sufficienter
1214 1865 1406 1964 expressis
1419 1882 1460 1940 et
1473 1865 1623 1940 insertis

122 1987 317 2078 habentes,
347 1985 418 2063 illis
444 1989 539 2064 alias
566 1989 603 2063 in
632 2015 702 2065 suo
731 1991 868 2066 robore
896 1991 1164 2087 permansuris,
1203 1989 1335 2066 harum
1373 1990 1481 2076 serie,
1518 2007 1623 2065 motu

121 2137 166 2188 ac
192 2113 350 2189 scientia
386 2113 578 2201 similibus,
617 2139 798 2212 expresse
831 2116 1081 2213 derogamus;
1120 2141 1188 2231 nec
1223 2137 1309 2203 non,
1342 2114 1516 2196 omnibus
1552 2114 1623 2190 illis

122 2263 221 2334 quae
250 2240 286 2314 in
314 2238 448 2315 litteris
475 2238 620 2316 eisdem
648 2238 897 2316 Auditoribus
925 2256 965 2316 et
992 2240 1364 2328 Locumtenentibus,
1393 2267 1460 2316 seu
1491 2265 1623 2316 eorum

122 2362 308 2463 Collegio,
332 2363 534 2440 voluerunt
560 2363 648 2439 dicti
675 2364 994 2462 praedecessores
1022 2390 1097 2440 non
1125 2365 1279 2440 obstare
1298 2389 1397 2463 quae
1425 2391 1495 2465 pro
1514 2391 1624 2464 repe-

123 2488 202 2563 titis
229 2487 426 2577 habentur,
457 2489 670 2587 ceterisque
697 2490 894 2564 contrariis
922 2491 1233 2590 quibuscumque.

202 2613 390 2690 Volumus
416 2629 544 2689 autem
567 2613 671 2714 quod
698 2616 916 2692 earumdem
944 2614 1200 2713 praesentium
1218 2614 1467 2714 transumptis
1489 2616 1622 2692 eadem

121 2761 281 2834 prorsus
308 2735 404 2813 fides
430 2738 467 2812 in
489 2737 637 2824 iudicio,
658 2754 698 2814 et
715 2754 834 2827 extra,
854 2765 899 2815 ac
916 2737 1008 2814 alias
1027 2740 1262 2840 ubicumque,
1283 2741 1508 2816 adhibeatur
1523 2763 1624 2837 quae

120 2862 365 2938 adhiberetur
390 2861 644 2962 originalibus,
675 2863 708 2938 si
734 2862 858 2940 forent
885 2864 1072 2940 exhibitae
1099 2863 1160 2940 vel
1188 2880 1377 2940 ostensae.
1408 2865 1479 2938 Per
1515 2890 1624 2964 prae·

119 3005 252 3063 sentes
279 3003 408 3064 autem
437 3011 511 3062 non
530 2989 758 3065 intendimus
779 2987 840 3064 illa
858 3013 957 3088 quae
975 3014 1045 3088 per
1064 2987 1221 3066 Concilii
1239 2988 1447 3064 Tridentini
1471 2991 1624 3066 decreta

117 3128 157 3186 et
183 3112 280 3188 alias
298 3113 530 3211 posteriores
558 3112 859 3190 Constitutiones
879 3112 1122 3212 Apostolicas
1150 3109 1321 3213 specifice
1339 3132 1516 3192 revocata
1534 3132 1625 3196 sunt

117 3239 335 3336 approbare
363 3239 399 3313 in
426 3236 566 3335 aliquo.

200 3360 305 3436 Nulli
331 3386 425 3462 ergo
453 3363 605 3439 omnino
631 3361 824 3439 hominum
852 3363 962 3438 liceat
989 3363 1085 3440 hanc
1103 3364 1282 3464 paginam
1302 3377 1455 3440 nostrae
1474 3365 1621 3442 absolu-

117 3483 243 3573 tionis,
261 3484 555 3582 approbationis,
582 3485 885 3574 confirmationis,
907 3487 1167 3576 adiunctionis,
1196 3487 1338 3575 indulti,
1357 3488 1622 3586 ampliationis,

115 3611 363 3700 extensionis,
396 3611 679 3709 assignationis,
716 3611 993 3709 applicationis,
1023 3613 1324 3709 approbationis,
1364 3613 1624 3711 suppletionis,

116 3733 338 3820 sanationis,
372 3733 597 3823 abolitionis,
628 3735 782 3820 decreti,
812 3735 1069 3836 derogationis
1095 3752 1137 3811 et
1170 3737 1377 3812 voluntatis
1409 3738 1621 3837 infringere,

116 3856 177 3932 vel
205 3859 253 3946 ei,
283 3883 377 3932 ausu
407 3859 618 3946 temerario,
639 3859 846 3936 contraire:
876 3860 908 3934 si
936 3861 1020 3957 quis
1047 3875 1175 3936 autem
1203 3859 1275 3936 hoc
1302 3877 1491 3938 attentare
1513 3887 1624 3960 prae-

115 3981 337 4080 sumpserit,
375 3982 671 4082 indignationem
707 3985 991 4081 Omnipotentis
1021 3985 1093 4061 Dei
1128 3960 1173 4060 ac
1207 3985 1412 4062 Beatorum
1449 3987 1548 4062 Petri
1584 4006 1624 4064 et

116 4105 224 4182 Pauli
253 4105 526 4204 Apostolorum
554 4109 635 4184 eius
664 4134 707 4185 se
734 4109 879 4184 noverit
906 4111 1153 4186 incursurum.

200 4231 345 4306 Datum
374 4232 530 4322 Romae,
569 4233 673 4330 apud
710 4233 748 4310 S.
789 4234 949 4309 Mariam
987 4233 1183 4322 Maiorem,
1213 4238 1327 4310 Anno
1355 4236 1622 4312 incarnationis

117 4356 320 4432 Dominice
339 4355 539 4433 Millesimo
558 4357 840 4435 sexcentesimo
864 4359 1149 4458 septuagesimo
1168 4361 1299 4458 primo,
1321 4377 1459 4457 quarto
1477 4361 1623 4436 decimo

111 4478 303 4555 kalendas
329 4481 492 4568 ianuarii,
525 4482 765 4559 Pontificatus
794 4483 915 4558 nostri
944 4483 1058 4558 Anno
1087 4485 1266 4560 secundo
