3708 5918
761 339 898 401 Nicolao
925 341 952 402 V
1518 351 1520 354 ’
1555 347 1607 407 133

99 530 203 606 tibus
234 531 575 608 Constitutionibus
610 551 649 606 et
678 532 988 608 ordinationibus
1025 534 1241 632 apostolicis
1274 537 1485 633 ceterisque
1522 563 1606 612 con-

101 657 227 730 trariis
256 658 565 756 quibuscumque.
588 656 686 732 Cum
713 657 887 732 clausulis
916 661 1149 755 opportunis.
1171 661 1357 757 Inprimis
1381 662 1607 738 Geminiano

102 782 151 856 de
180 783 296 857 Prato
322 828 350 838 -
376 783 477 868 item,
497 782 652 857 Iohanni
671 784 718 856 de
739 781 879 857 Obiciis
897 825 924 838 ..
943 783 1053 871 item,·
1065 785 1193 860 Ioanni
1212 784 1379 885 Walling
1399 785 1560 892 (habuit)
1579 829 1605 842 -

103 909 206 994 item,
230 905 389 982 Allonso
403 906 451 982 de
466 907 614 1004 Segura
637 951 663 962 -
682 909 783 995 item,
800 907 912 981 Petro
933 908 1124 1006 Peregrini
1143 910 1300 1009 (habuit)
1317 955 1341 966 -
1362 911 1462 999 item,
1488 913 1607 988 Fran-

104 1033 203 1108 cisco
223 1033 272 1106 de
287 1031 447 1106 Cruilles
460 1077 487 1088 -
501 1033 601 1120 item,
620 1033 731 1106 Petro
747 1032 899 1106 Martini
914 1034 962 1108 de
978 1033 1243 1110 Caveisrubeis
1257 1079 1284 1090 -
1298 1036 1397 1124 item,
1414 1037 1605 1112 Willelmo

105 1159 204 1233 Bont
222 1201 249 1212 -
268 1157 368 1243 item,
388 1156 555 1231 Berardo
569 1158 618 1232 de
633 1157 775 1231 Narnia
793 1157 939 1244 -item,
961 1159 1073 1234 Petro
1102 1158 1267 1234 Corserii
1286 1205 1311 1216 -
1330 1163 1431 1249 item,
1452 1163 1606 1238 Iohanni

104 1282 237 1357 Didaci
266 1284 314 1356 de
334 1281 437 1357 Coca
463 1283 608 1368 -item,
635 1280 840 1356 Malatesto
860 1283 908 1356 de
927 1281 1145 1379 capitaneis
1164 1329 1190 1340 -
1208 1285 1309 1372 item,
1331 1286 1537 1362 Gulliermo
1556 1289 1604 1362 de

105 1408 283 1484 Fondera
309 1453 327 1464 -
358 1409 460 1493 item,
495 1407 687 1482 Ludovico
723 1407 772 1482 de
808 1408 1019 1484 Ludovisiis
1047 1453 1073 1468 -
1101 1411 1192 1486 Ftat
1216 1413 1325 1488 Motu
1344 1415 1504 1512 proprio
1533 1423 1605 1510 pro

103 1534 267 1608 omm'bus
293 1535 337 1608 de
369 1533 604 1634 expectativrh
647 1531 712 1617 Τ.,·
731 1577 749 1590 -
777 1532 827 1608 Et
853 1534 903 1608 ad
931 1536 1008 1610 duo
1035 1536 1214 1610 beneficia
1242 1554 1281 1610 et
1308 1537 1465 1612 totidem
1493 1537 1606 1612 colla-

103 1659 225 1733 tiones
257 1657 601 1732 vel·Canonicatus
636 1657 697 1730 vel
733 1657 948 1754 prebendas
981 1656 1260 1734 Cathedralium
1294 1661 1605 1758 Metropolitana·

102 1810 185 1857 rum
213 1799 285 1860 etc.
315 1783 576 1858 ecclesiarum:
606 1781 697 1856 Fiat
729 1781 798 1866 T.,·
827 1825 845 1838 -
874 1781 924 1856 Et
960 1809 1044 1859 cum
1077 1784 1359 1881 dispensatione
1388 1786 1435 1859 de
1473 1787 1602 1874 tribus,

102 1908 271 2005 exceptis
299 1906 657 2004 incompatibilibus:
679 1905 769 1980 Fiat
795 1906 840 1980 clo
866 1907 1004 1980 duobus
1030 1907 1086 1981 od
1108 1909 1219 1982 vitam
1246 1909 1341 1982 etde
1367 1911 1517 2008 speciali
1534 1910 1604 1996 T.,·

99 2077 116 2090 -
145 2033 197 2107 Et
225 2035 295 2108 sub
324 2034 452 2107 datum
487 2035 531 2105 18
561 2032 701 2105 mensis
728 2029 815 2104 iunii
844 2055 942 2106 anno
972 2032 1113 2108 Primo:
1141 2032 1233 2107 Fiat
1264 2033 1332 2118 Τ.,·
1368 2077 1386 2090 -
1423 2034 1472 2108 Et
1500 2037 1604 2132 quod

99 2158 225 2232 littere
251 2182 323 2254 pro
348 2138 522 2231 omnibus
551 2157 689 2252 ubique
718 2155 884 2252 desuper
911 2155 1158 2253 expediantur
1185 2159 1304 2258 gratis
1332 2158 1380 2232 de
1409 2159 1603 2235 mandato:

100 2283 194 2356 Fiat
217 2281 282 2366 Τ.,·
310 2283 439 2379 ubique
470 2281 512 2357 T.

185 2407 331 2482 Habuit
360 2407 410 2481 10.
443 2405 577 2479 Didaci
607 2405 654 2479 de
684 2405 786 2480 Coca

643 2531 833 2606 Bonarum
853 2533 897 2630 (?)

182 2657 330 2732 Habuit
363 2655 402 2732 P.
434 2654 586 2730 Martini
606 2635 662 2730 de
692 2655 958 2731 Caveisrubeis
998 2697 1001 2704 ·

643 2781 834 2856 Bonarum
855 2777 902 2885 (?)

183 2905 331 2982 Habuit
361 2904 543 2979 Allonsus
571 2905 714 2979 Secura
743 2905 909 2980 Auditor

644 3031 686 3105 B.
718 3031 767 3104 de
796 3029 942 3104 Urbino

180 3157 330 3231 Habuit
357 3153 422 3228 W.
454 3155 554 3229 Bont

643 3281 688 3355 R.
719 3279 766 3354 de
795 3280 925 3355 Laude

821 3724 882 3803 79.

98 3911 281 3986 Nicolaus
311 3913 349 3986 V
358 3914 602 3989 Auditon'bus
621 3919 741 3992 Rotae
759 3921 915 3994 mandat
930 3932 973 3995 ut
989 3923 1151 3998 Iohanni
1175 3926 1283 4013 Iosso,
1305 3925 1473 4000 auditori
1486 3927 1599 4012 electo,

169 4046 314 4134 puncta
341 4037 439 4112 z'rrrz's
465 4041 662 4137 asnfflmt,
692 4069 840 4142 eumque
872 4049 1091 4132 examinent,
1121 4051 1345 4123 comminatis
1366 4051 1503 4150 poenis,
1529 4053 1605 4126 nisi

169 4160 380 4260 porum'nt
405 4173 607 4262 praetextu
639 4193 711 4240 non
747 4172 1038 4244 concurrendum
1074 4171 1306 4248 hobzlz'totum
1341 4174 1381 4248 in
1402 4186 1601 4273 personam

177 4285 339 4360 ericsdem
367 4286 555 4365 Iohannis.

180 4475 299 4548 (Accu.
318 4475 405 4550 Ron,
426 4502 439 4527 ‹
454 4478 725 4555 demissiones»,
741 4491 830 4560 part.
849 4486 876 4559 I,
895 4486 1032 4546 Nicolao
1059 4486 1093 4562 V,
1112 4505 1144 4547 n.
1162 4489 1205 4564 3).

1421 4595 1500 4656 Sine
1518 4598 1601 4657 data.

179 4736 445 4866 nlotuproprio
466 4767 641 4844 volumus
669 4795 714 4844 ac
740 4773 914 4846 omnibus
942 4789 981 4847 et
1010 4773 1167 4873 singulis
1191 4775 1334 4850 dilectis
1362 4773 1444 4852 filiis
1465 4777 1601 4874 Capel-

97 4891 192 4966 lanis
220 4893 359 4966 nostris
379 4908 420 4967 et
436 4894 633 4989 apostolici
662 4895 789 4992 palatii
816 4921 1014 4972 causarum
1035 4899 1284 4974 Auditoribus
1311 4915 1380 4997 'per
1402 4919 1601 4998 presentes

98 5017 266 5091 districte
294 5017 536 5114 precipiendo
558 5019 791 5108 mandamus,
813 5039 999 5118 quatenus
1019 5023 1078 5097 die
1098 5026 1272 5099 sabbathi
1290 5025 1459 5121 proxime
1476 5027 1602 5102 sutura

97 5142 263 5217 debeant
289 5141 484 5242 assignare
511 5161 651 5241 puncta
678 5145 861 5244 magistro
888 5147 1042 5222 lohanni
1060 5149 1177 5235 IossO,
1208 5150 1387 5226 canonico
1415 5149 1599 5228 Veneten.

98 5267 299 5364 ipsumque
326 5269 460 5342 eadem
489 5283 627 5364 puncta
664 5270 882 5346 recitantem
914 5273 1081 5365 audiant,
1108 5273 1258 5368 aliaque
1286 5274 1422 5348 faciant
1454 5300 1529 5371 que
1565 5277 1601 5349 in

99 5391 293 5488 premissis
322 5390 401 5466 fieri
436 5410 722 5480 consueverunt,
753 5396 824 5469 sub
861 5420 961 5492 pena
997 5396 1262 5496 indignationis
1297 5413 1437 5474 nostre.
1469 5398 1602 5472 Notifi-
