3718 5918
742 331 907 392 Clemente
927 331 981 392 XI
1554 337 1608 396 465

112 531 228 604 fuerat
256 527 356 626 de.
380 527 598 602 Falconerio
625 528 853 624 prohibitum
872 553 919 602 ex
938 530 1042 602 iussu
1068 545 1152 614 tum
1167 528 1251 650 Rei
1272 528 1434 602 Molines
1454 530 1608 615 Decani,

112 671 186 730 tum
213 651 370 727 aliorum
401 650 656 750 Collegarum,
677 654 732 726 eis
760 653 979 750 concordari
1008 678 1143 726 novam
1172 654 1485 750 praetensionem,
1507 655 1611 749 quod

112 781 234 854 Rotae
263 777 426 852 Auditor
454 777 611 852 deberet
639 779 694 852 eis
723 778 871 852 obviam
900 778 954 852 ire
980 803 1064 853 cum
1093 778 1142 851 ad
1171 805 1277 853 suam
1314 779 1467 853 domum
1505 805 1612 854 acce-

110 904 241 977 derent
268 917 307 976 et
334 901 371 976 in
399 900 498 975 latus
516 902 715 976 dexterum
735 902 919 998 excipere.
942 903 1148 999 Propterea
1166 903 1264 1001 de.
1288 902 1528 978 Falconerius
1547 902 1611 1001 qui

111 1027 317 1103 orationem
346 1025 443 1114 secit,
472 1051 542 1101 nec
569 1052 636 1102 eos
665 1027 767 1101 iuxta
796 1027 946 1102 solitum
984 1028 1197 1115 nominavit,
1229 1029 1333 1102 iuxta
1366 1045 1611 1127 praeceptum

78 1121 279 1227 ⁴eiusdem
309 1151 452 1227 Decani
478 1168 519 1226 et
544 1152 701 1228 aliorum
732 1152 986 1251 collegarum.

857 1363 877 1406 *Β

836 1424 898 1468 Η·

571 1543 729 1619 Veneris
760 1566 779 1637 7
812 1544 990 1620 Octobris
1018 1545 1151 1644 (1707)

194 1705 229 1778 in
258 1703 378 1801 prima
406 1705 506 1778 Rota
534 1703 663 1779 habito
691 1704 877 1803 colloquio
904 1702 1002 1778 inter
1029 1720 1178 1779 caetera
1207 1705 1256 1778 de
1283 1705 1383 1779 dicta
1402 1705 1614 1780 Advocato·

112 1855 195 1902 rum
224 1829 499 1926 praetensione,
530 1829 612 1904 visa
638 1827 706 1904 fuit
733 1829 917 1913 omnibus,
948 1829 1094 1904 nemine
1131 1829 1383 1926 discrepante,
1413 1830 1548 1905 iniusta
1576 1847 1615 1905 et

113 1953 376 2030 irrationabilis
404 1967 482 2028 tam
509 1954 558 2028 de
591 1955 671 2029 iure
706 1977 821 2050 quam
857 1955 907 2029 de
943 1954 1224 2042 consuetudine,
1254 1955 1486 2054 significante
1516 1957 1615 2031 Rffro

114 2081 284 2166 Decimo,
314 2079 418 2175 quod
446 2103 514 2154 nec
542 2080 634 2179 ipse,
660 2103 727 2154 nec
757 2080 856 2177 de.
878 2079 1042 2166 Emerix,
1064 2079 1203 2165 Orsini,
1226 2078 1372 2168 Caccia,
1395 2079 1614 2165 Benincasa,

113 2230 295 2304 umquam
323 2204 422 2278 latus
445 2205 643 2279 dexterum
661 2203 835 2280 dederint
854 2204 1026 2278 Dominis
1046 2204 1253 2279 Advocatis
1272 2203 1614 2294 consistorialibus,

112 2354 180 2405 nec
208 2332 266 2404 eis
294 2327 443 2404 obviam
471 2330 605 2404 iverint
631 2331 667 2403 in
697 2330 754 2404 bis
773 2347 813 2405 et
831 2328 1011 2405 similibus
1038 2328 1299 2404 functionibus.
1320 2330 1503 2404 Testante
1523 2332 1617 2427 pari-

111 2471 171 2529 ter
198 2455 301 2550 de.
333 2453 481 2529 Omana
510 2454 573 2551 qui
601 2454 696 2530 hanc
723 2455 951 2530 functionem
984 2454 1150 2553 quinque
1184 2470 1287 2529 retro
1324 2455 1431 2529 annis
1460 2455 1614 2546 iecerat,

112 2605 153 2654 se
184 2579 273 2652 nihil
301 2579 351 2652 de
378 2579 589 2675 praetensis
617 2579 755 2676 egisse,
784 2579 837 2654 ita
863 2595 905 2653 ut
934 2579 1034 2653 Rota
1062 2593 1214 2676 praeter
1242 2579 1381 2654 bonum
1410 2579 1468 2652 ius
1493 2581 1617 2654 oriens

110 2729 160 2778 ex
201 2727 273 2778 sua
314 2704 608 2799 praeeminentia
645 2728 760 2801 supra
798 2701 1009 2801 Collegium
1048 2702 1296 2777 Dominorum
1333 2703 1617 2778 Advocatorum

110 2829 273 2904 haberet
300 2827 413 2902 etiam
440 2829 750 2903 consuetudinem
769 2844 809 2904 et
827 2827 996 2903 ultimum
1017 2843 1178 2914 statum;
1206 2826 1368 2923 Fuitque
1388 2827 1614 2914 conclusum,

110 2977 187 3028 non
216 2977 306 3026 esse
333 2949 642 3048 conquerendum
669 2953 772 3050 apud
792 2951 1015 3049 Superiores
1035 2977 1082 3026 ne
1102 2952 1202 3025 Rota
1219 2953 1288 3025 sibi
1306 2951 1490 3026 adimeret
1508 2950 1619 3029 facul-

108 3092 231 3152 tatem
262 3075 391 3150 ntendi
419 3076 498 3151 iure
527 3101 597 3150 suo
625 3100 695 3173 pro
722 3077 985 3152 emendatione
1004 3090 1256 3172 contemptus,
1276 3089 1315 3149 et
1333 3075 1619 3173 relinquendum

108 3201 281 3298 spatium
308 3225 386 3299 quo
414 3199 601 3276 Advocati
628 3201 676 3274 ad
704 3201 858 3275 meliora
885 3199 1047 3285 consilia,
1069 3199 1100 3275 si
1126 3199 1273 3287 vellent,
1298 3200 1419 3276 redire
1448 3216 1616 3298 possent.

828 3499 919 3580 387.

110 3645 337 3720 Cardinalis
368 3641 553 3742 Capram,
567 3613 568 3616 Ἴ
584 3643 671 3717 olim
698 3643 864 3718 Auditor
892 3647 1019 3728 Rotae,
1049 3659 1164 3745 penes
1199 3669 1303 3742 quem
1340 3643 1526 3718 Secretum
1546 3657 1621 3743 per

193 3791 219 3866 7
257 3793 376 3842 annos
411 3776 539 3865 egerat
573 3767 740 3868 Prosper
775 3767 1047 3856 Lambertinus‚
1085 3768 1288 3868 opinionem
1320 3768 1461 3867 pandit
1493 3778 1620 3843 contra

192 3892 402 3968 Auditores
439 3893 557 3966 Rotae
591 3893 631 3966 in
656 3893 830 3988 favorem
868 3892 1163 3977 Advocatorum,·
1199 3892 1300 3991 quod
1331 3893 1514 3993 improbat
1542 3891 1621 3968 Cle-

192 4041 300 4092 mens
330 4017 404 4094 XI.

192 4174 315 4242 (Anca.
334 4171 422 4246 Ron,
445 4171 572 4232 «Liber
590 4171 624 4231 S.
642 4169 759 4245 Rotae,
777 4187 810 4230 n.
829 4171 894 4245 2»,
909 4178 988 4248 pag.
1006 4172 1101 4245 225).

564 4352 723 4426 venees
749 4375 794 4445 14
824 4351 1002 4426 octobris
1031 4348 1181 4450 (1707).

193 4511 415 4588 Reverendi
444 4511 574 4586 Patres
604 4509 845 4586 Falconerius
863 4526 904 4586 et
923 4511 1074 4587 Omana
1093 4511 1259 4608 expediti
1276 4538 1299 4587 a
1319 4511 1479 4611 negotiis
1500 4512 1623 4585 Rotae

105 4641 142 4712 in
164 4663 249 4737 qua
269 4635 459 4711 admissus
473 4636 541 4711 suit
556 4635 864 4734 Motusproprius
880 4635 1066 4711 Pontificis
1080 4660 1151 4733 pro
1166 4636 1214 4711 D.
1233 4636 1371 4734 Crispo
1386 4660 1485 4711 novo
1504 4636 1625 4709 Audi-

104 4781 207 4851 tore,
231 4761 521 4837 associaverunt
543 4762 719 4836 eumdem
738 4762 787 4836 ad
806 4762 926 4858 pedes
946 4761 1187 4850 Sanctissimi,
1210 4785 1372 4857 cumque
1391 4787 1516 4835 sermo
1536 4761 1623 4835 inci-

104 4891 237 4967 disset
254 4887 305 4962 de
320 4887 420 4961 dicta
434 4886 700 4983 praetensione
712 4887 994 4960 Advocatorum
1011 4883 1348 4976 Consistorialium,
1363 4886 1532 4961 Pontifex
1541 4911 1625 4960 eam

104 5011 412 5092 irrationabilem
423 5028 462 5086 et
471 5013 746 5087 exorbitantem
761 5011 939 5086 adserere
955 5035 1029 5086 non
1044 5011 1227 5086 dubitavit
1241 5011 1399 5087 simulet
1413 5012 1625 5110 improbare

104 5142 276 5218 modum
301 5137 438 5236 agendi
462 5135 673 5212 Cardinalis
697 5135 890 5234 Caprarae
908 5137 985 5234 qui,
1006 5135 1189 5235 quidquid
1212 5137 1270 5224 sit,
1296 5135 1421 5213 aiebat
1444 5135 1624 5210 Summus

106 5263 305 5350 Pontifex,
335 5263 384 5338 de
411 5261 569 5338 veritate
597 5261 853 5338 attestationis
880 5285 984 5348 suae,
1010 5262 1160 5336 minime
1189 5261 1353 5337 debebat
1380 5286 1465 5336 eam
1495 5277 1625 5336 contra

107 5389 336 5489 Collegium
365 5387 403 5465 S.
435 5389 559 5462 Rotae
577 5402 616 5460 et
636 5387 815 5485 Collegae
834 5385 922 5461 olim
942 5411 1033 5460 suos
1056 5385 1230 5462 emittere
1249 5403 1288 5462 et
1307 5387 1548 5486 promulgare
1560 5443 1624 5464 .....

1511 5577 1541 5614 10
