3718 5918
877 279 1014 339 Soecum
1031 279 1064 339 X
1073 278 1154 340 VIH

1006 517 1027 561 8

985 579 1048 623 tlt*

688 737 691 741 -
799 657 902 758 lun:
933 707 958 776 4
986 681 1073 756 Iun:
1110 687 1221 775 1736.

343 823 515 921 Sequuto
544 828 615 900 sub
642 827 857 923 praeteritis
877 825 1010 900 diebus
1029 825 1199 900 discessu
1218 827 1266 898 ab
1295 824 1400 900 Urbe
1428 825 1625 920 utriusque
1645 825 1768 898 Audi·
1842 919 1843 938 ἵ

261 951 354 1023 toris
383 950 544 1046 Hispani
572 977 620 1024 ex
646 951 770 1026 causis
799 953 972 1048 superius
1000 951 1183 1037 indicatis,
1214 949 1413 1046 Neapolim
1441 975 1484 1024 se
1512 949 1768 1036 contulerunt,

263 1075 362 1171 de.
394 1074 647 1163 Crescentius,
680 1076 932 1162 Camerarius,
961 1074 1087 1152 retulit
1106 1074 1304 1172 reliquisse
1324 1075 1360 1148 in
1379 1100 1569 1172 suspenso
1587 1073 1767 1149 distribu-

260 1200 401 1274 tionem
421 1200 555 1275 solitae
573 1217 792 1276 menstruae
812 1200 1036 1298 provisionis
1056 1199 1252 1295 utriusque
1271 1201 1306 1274 d.
1325 1199 1531 1296 Auditoris,
1555 1215 1596 1272 ut
1613 1198 1768 1273 audiret

261 1324 363 1419 prius
393 1351 508 1422 super
535 1327 606 1402 hoc
635 1351 790 1401 sensum
818 1323 1043 1401 Tribuualis.
1076 1325 1226 1400 Dictum
1259 1322 1340 1410 fuit,
1370 1323 1523 1399 solitum
1559 1349 1646 1398 esse
1684 1323 1768 1398 fieri

263 1445 350 1524 huoi
379 1451 661 1530 distributiones
698 1451 812 1526 etiam
840 1450 1087 1526 Auditoribus
1124 1451 1363 1536 absentibus;
1402 1449 1641 1524 nihilominus
1678 1450 1770 1546 quia

261 1575 469 1671 peculiares
496 1591 605 1649 erant
622 1575 924 1650 circumstantiae
942 1575 1155 1672 praesentis
1174 1599 1297 1662 casus,
1317 1575 1539 1671 praesertim
1560 1575 1610 1649 ob
1629 1575 1769 1648 disces·
1842 1653 1843 1658 ,

262 1727 345 1776 sum
382 1701 601 1776 eorumdem
640 1701 720 1776 sine
758 1700 905 1776 licentia
943 1701 1079 1798 Papae,
1119 1716 1159 1774 et
1196 1715 1353 1797 propter
1389 1698 1597 1774 discordias
1634 1723 1768 1774 eorum

264 1825 382 1922 Regis
417 1851 499 1900 cum
545 1827 638 1900 sede
675 1825 909 1922 Apostolica,
948 1826 1052 1922 quod
1089 1841 1171 1900 erat
1207 1827 1287 1900 sine
1326 1823 1512 1922 exemplo,
1556 1824 1766 1898 resolutum

262 1951 421 2049 proinde
448 1949 528 2038 suit,
559 1968 600 2025 ut
627 1952 747 2024 Rrirus
777 1952 954 2026 Decanus
980 1951 1129 2026 audiret
1158 1975 1272 2046 super
1300 1948 1371 2026 hoc
1402 1948 1595 2024 oraculum
1630 1973 1765 2046 supre·

262 2100 364 2150 mum
392 2075 492 2150 Ssriri
523 2075 570 2149 D.
603 2075 650 2152 N.

345 2199 510 2276 Habitus
537 2224 691 2299 quoque
727 2201 795 2276 suit
822 2225 949 2276 sermo
983 2225 1100 2298 super
1134 2201 1391 2299 propositione
1427 2223 1627 2274 causarum
1666 2223 1767 2295 quae

263 2324 486 2398 commissae
521 2325 757 2422 reperiuntur
797 2324 928 2400 iisdem
967 2324 1215 2400 Auditoribus
1251 2323 1482 2410 absentibus,
1521 2348 1591 2420 pro
1626 2323 1767 2418 quibus

218 2455 221 2462 ’
261 2448 480 2524 defensores
495 2449 603 2546 plura
617 2465 863 2546 porrexerant
876 2447 1106 2523 memorialia
1121 2448 1218 2521 Rriro
1234 2447 1392 2522 Decano
1406 2472 1477 2543 pro
1496 2448 1766 2544 subrogatione

263 2573 418 2649 alterius
437 2574 615 2648 Ponentis
628 2604 683 2662 ...;
705 2575 960 2650 resolutum
981 2572 1049 2647 luit
1067 2573 1173 2670 quod
1192 2571 1326 2647 fierent
1343 2573 1447 2646 iuxta
1466 2570 1616 2648 solitum
1632 2572 1766 2647 subro-

263 2699 436 2796 gationes
450 2699 627 2774 lormales
641 2723 725 2772 cum
745 2699 940 2796 rescripto,
961 2697 1131 2774 iaciendo
1149 2699 1199 2772 de
1216 2697 1323 2785 actis,
1344 2720 1415 2795 pro
1434 2696 1621 2772 nonnullis
1639 2715 1764 2770 tamen
1842 2789 1843 2800 2

262 2822 450 2919 certisque
479 2823 602 2896 causis
629 2825 753 2922 magis
780 2823 1002 2923 urgentibus
1029 2838 1146 2920 atque
1172 2823 1314 2920 paratis
1341 2823 1390 2896 ad
1417 2821 1762 2919 propositionem...
1842 2801 1843 2846 ;

1006 3032 1027 3076 tl*
1080 3067 1082 3072 ,

986 3093 1007 3137 8
1028 3093 1049 3137 8

801 3181 949 3270 νεῃ.’8
979 3191 1064 3268 Iun:
1100 3197 1212 3288 1736.

344 3333 464 3408 Rrirus
493 3331 672 3408 Decanus
702 3333 828 3408 retulit
854 3332 904 3407 ad
931 3334 1090 3408 sormam
1118 3333 1360 3409 resolutionis
1387 3349 1521 3432 captae
1540 3335 1577 3408 in
1605 3359 1761 3432 praece·

265 3459 367 3532 denti
402 3457 511 3544 Rota,
543 3483 585 3532 se
613 3439 728 3532 luisse
765 3459 814 3532 ad
842 3458 962 3555 pedes
997 3457 1096 3532 Ssffri
1134 3459 1183 3535 D.
1214 3458 1262 3535 N.
1296 3483 1367 3556 pro
1404 3459 1579 3535 babendo
1612 3459 1764 3534 oraculo

264 3607 379 3680 super
406 3597 599 3656 menstrua
617 3582 842 3677 provisione,
863 3581 989 3658 danda
1007 3582 1066 3658 vel
1086 3605 1170 3670 non,
1192 3583 1341 3658 duobus
1359 3583 1607 3660 Auditoribus
1631 3584 1766 3659 Nunez

178 3767 180 3770 -
263 3723 306 3783 et
331 3705 489 3788 Peralta,
520 3707 751 3794 absentibus,
780 3723 818 3782 et
847 3706 1023 3782 habuisse
1051 3733 1287 3808 responsum,
1308 3707 1346 3783 S.
1363 3707 1401 3786 S.
1423 3709 1521 3786 nolle
1539 3709 1609 3784 sibi
1633 3725 1766 3784 notum

264 3830 467 3906 ostendere
494 3829 640 3905 illorum
668 3831 889 3919 discessum,
918 3831 1099 3930 quodque
1118 3833 1297 3910 Tribunal
1324 3833 1464 3910 faceret
1491 3833 1581 3932 quid
1614 3835 1683 3910 sibi
1716 3835 1768 3910 de

265 3959 344 4031 iure
370 3954 583 4042 videretur;
612 3973 847 4052 quapropter
874 3955 1082 4035 resolutum
1109 3958 1179 4033 fuit
1203 3983 1291 4034 esse
1319 3959 1575 4034 admittendos
1600 3960 1661 4040 ad,
1678 3984 1768 4058 par-

146 4118 147 4122 *
265 4081 519 4176 ticipationem
547 4081 636 4156 dicti
663 4085 845 4158 menstrui
873 4085 1116 4158 emolumenti
1127 4141 1189 4162 .....
1218 4083 1382 4182 ideoque
1398 4084 1468 4160 suit
1485 4101 1661 4183 prompte
1681 4109 1768 4159 exe-

265 4203 405 4280 cutioni
433 4206 651 4281 mandatum
678 4209 728 4283 ab
756 4207 853 4304 de.
885 4208 1117 4294 Crescentio,
1147 4209 1330 4286 hodierno
1359 4209 1588 4288 Camerario.

973 4491 1064 4570 411.

267 4633 367 4708 Rota
393 4632 449 4706 ad
468 4633 632 4724 formam
650 4633 787 4706 decreti
800 4633 1063 4706 corariston'oler
1079 4631 1173 4707 editi
1186 4633 1245 4708 die
1264 4657 1313 4706 22
1332 4631 1507 4708 alienarii
1522 4654 1569 4729 17
1566 4655 1617 4729 31
1635 4659 1660 4706 o
1686 4632 1768 4707 Cle·
1842 4611 1843 4656 l

345 4769 460 4833 mente
487 4759 585 4847 XII,
608 4754 781 4858 procedit
804 4758 860 4832 od
873 4759 1153 4833 nominationem
1173 4759 1259 4834 notri
1274 4757 1459 4833 Advocati
1479 4755 1764 4834 Consirtoriales

346 4917 461 4988 (Aaou.
480 4914 566 4988 Rur,
590 4939 602 4965 «
621 4913 723 4973 Liber
740 4913 774 4972 S.
792 4912 897 4974 Rotae
915 4913 980 4984 2»,
994 4921 1073 4988 pag.
1091 4913 1163 4973 350
1175 4914 1247 4988 ssq).

739 5080 833 5156 Ven.
864 5104 887 5172 9
918 5080 1146 5155 Novembris
1180 5101 1292 5176 1737.

347 5223 411 5299 Ob
439 5240 638 5324 sequutam
669 5237 826 5298 mortem
858 5222 1036 5296 Bonisacii
1065 5221 1190 5319 Spreti
1219 5223 1480 5298 Ravennatem
1502 5221 1643 5297 Sacrae
1664 5221 1769 5296 Con·

267 5348 462 5423 sistorialis
490 5347 611 5423 Aulae
640 5348 839 5434 Advocati,
869 5347 990 5422 sactus
1017 5346 1086 5422 fuit
1113 5349 1218 5421 locus
1245 5347 1487 5423 nominationi
1514 5346 1708 5422 faciendae
1742 5372 1768 5419 a
