3720 5914
771 327 884 388 Paulo
903 329 944 388 JJ
1552 331 1604 390 179
1642 291 1646 298 ’

105 520 361 604 distribuendi,
392 520 542 594 realiter
560 523 839 620 consignentur.
861 522 1045 596 Volumus
1064 540 1192 598 autem
1211 522 1401 621 predictos
1421 523 1605 597 ducentos

104 643 267 718 llorenos
296 645 408 741 recipi
436 671 484 718 ex
512 647 690 741 pecuniis.

182 769 270 842 Non
289 785 415 844 tamen
431 794 500 866 per
517 773 699 866 premissa
719 771 957 856 intendimus,
979 771 1147 866 prelatos
1165 772 1372 848 Auditores
1391 789 1429 848 et
1449 773 1603 847 Locum-

104 910 279 968 tenentes
306 897 355 968 ab
383 895 464 970 aliis
491 897 622 993 gratiis
646 910 687 968 et
704 896 892 970 beneficiis
912 895 1138 992 quicumque
1158 921 1268 970 casus
1288 899 1491 972 occurrerit
1509 898 1604 971 effici

106 1017 257 1105 alienos,
287 1019 388 1116 quin,
419 1044 489 1116 pro
518 1020 698 1116 cuiusque
725 1044 856 1094 eorum
884 1018 1009 1116 dignis
1028 1022 1180 1108 meritis,
1202 1023 1369 1118 ipsorum
1398 1024 1605 1097 commodis

107 1143 356 1218 consulamus.
1185 1233 1190 1245 ,

185 1267 287 1341 Nulli
316 1292 410 1366 ergo
437 1285 508 1343 etc.
590 1269 629 1342 Si
658 1269 743 1363 quis
771 1287 898 1343 autem
926 1287 1046 1346 etc...
1079 1271 1220 1344 Datum
1249 1287 1320 1347 etc.

815 1650 900 1728 109.

104 1829 225 1902 Paulo
253 1828 308 1902 II.
337 1873 364 1884 -
398 1829 520 1902 Τάφιον
545 1829 676 1902 rotalis
694 1831 895 1916 sentcntiae,
913 1828 1011 1902 latae
1028 1856 1126 1903 arzno
1144 1853 1251 1926 1471,
1279 1857 1304 1903 a
1326 1829 1496 1904 Gabriele
1517 1830 1602 1905 Con·

179 1964 320 2040 tarano,
351 1953 545 2027 Auditore.
578 1951 715 2026 cedula
749 1954 954 2037 sentcntiae,
986 1953 1165 2040 Archivio
1191 1981 1351 2041 manens,
1381 1957 1461 2054 ipsa
1489 1981 1603 2029 manu

181 2079 381 2152 Auditorzs
393 2080 543 2176 signata
556 2086 617 2152 cst.
634 2123 660 2132 -
674 2077 851 2151 Eiusdem
871 2079 1065 2153 sententiae
1082 2081 1322 2154 testiinonium
1333 2079 1600 2178 publicationis.

181 2253 309 2323 (Aaou.
327 2252 415 2327 Ros,
435 2252 679 2312 ‹Sententiae›
702 2269 793 2312 atino
811 2252 913 2324 1471).

1198 2447 1276 2518 1471,
1296 2446 1409 2520 aprilis
1425 2446 1452 2520 3,
1471 2445 1603 2505 Romae.
1717 2463 1718 2468 ¹
1770 2454 1771 2458 ’

183 2629 327 2703 Christi
353 2629 503 2702 nomine
521 2627 706 2716 invocato,
744 2651 814 2724 pro
847 2627 1019 2702 tribunali
1054 2629 1231 2704 sedentes
1258 2643 1298 2704 et
1326 2628 1447 2704 solum
1477 2627 1601 2702 Deum

101 2779 171 2851 pre
198 2751 317 2828 oculis
345 2755 538 2838 habentes,
569 2777 637 2848 per
665 2751 759 2826 lianc
789 2764 956 2827 nostram
976 2751 1206 2828 diffinitivam
1236 2752 1460 2827 senteutiam
1489 2777 1602 2848 quam

101 2882 257 2954 serimus
285 2881 321 2952 in
349 2879 418 2952 hiis
447 2877 596 2974 scriptis
625 2879 927 2974 pronunciamus,
964 2878 1199 2952 decernimus
1232 2893 1271 2952 et
1298 2879 1543 2964 declaramus,
1566 2879 1602 2950 in

102 3029 219 3078 causa
247 3029 314 3078 seu
343 3003 465 3077 causis
493 3027 568 3098 que
596 3027 722 3076 coram
750 3002 983 3076 Reverendis
1013 3001 1185 3077 Patribus
1213 3002 1372 3076 dominis
1401 3002 1536 3076 Iacobo
1556 3004 1604 3076 de

101 3127 352 3205 Mucciarellis
381 3128 552 3203 Romane
590 3125 703 3200 Curie
738 3145 777 3202 et
797 3126 958 3201 Camere
978 3127 1197 3224 Apostolice
1217 3149 1414 3200 causarum
1438 3126 1607 3225 generali·

102 3254 302 3338 Auditore‚
332 3253 368 3326 in
396 3253 527 3349 prima,
559 3267 598 3325 et
625 3251 792 3326 Antonio
824 3252 872 3324 de
901 3251 1053 3326 Grassis
1085 3252 1302 3326 coauditore
1335 3269 1466 3328 nostro
1493 3277 1604 3326 versa

101 3381 180 3466 luit,
211 3405 280 3453 seu
308 3401 416 3452 verse
443 3377 593 3450 luerunt
610 3377 647 3451 in
667 3377 843 3464 secunda,
864 3392 904 3450 et
923 3402 1019 3450 nunc
1038 3401 1164 3451 coram
1185 3378 1303 3464 nobis,
1333 3378 1431 3452 inter
1448 3377 1542 3450 Rev.
1563 3403 1600 3474 p.

101 3507 139 3581 d.
176 3503 408 3578 Lodovicum
444 3501 672 3598 Episcopum
709 3499 924 3576 Xantonen.
954 3525 1001 3574 ex
1030 3527 1114 3587 una,
1144 3517 1183 3576 et
1205 3501 1455 3576 venerabilem
1482 3503 1602 3578 virum

102 3629 296 3706 dominum
339 3629 541 3702 Iohannem
579 3626 720 3710 Caden‚
753 3626 983 3702 Canonicum
1022 3625 1236 3702 Xantonen.
1267 3626 1474 3701 litterarum
1510 3651 1604 3724 apo·

100 3755 317 3830 stolicarum
346 3753 671 3836 Abbreviatorem
694 3752 742 3826 de
770 3767 809 3824 et
841 3775 954 3848 super
982 3753 1169 3847 pretensis
1201 3750 1425 3827 falsitatibus
1463 3767 1503 3826 et
1534 3751 1605 3824 cri-

101 3881 202 3953 mine
239 3877 321 3952 salsi
357 3893 397 3952 et
434 3876 515 3950 aliis
549 3876 689 3951 iniuriis
722 3892 762 3950 et
790 3875 1042 3974 denegatione
1069 3876 1308 3951 admissionis
1334 3877 1603 3972 premissorum

99 4004 355 4090 articulorum,
394 4003 473 4076 sive
510 4001 748 4075 materiarum
786 4000 1064 4076 articulatarum
1102 4016 1211 4075 extra
1248 4001 1387 4074 curiam
1429 4002 1479 4074 ad
1516 4026 1603 4099 pro·

101 4128 269 4203 bandum
306 4128 350 4224 (Ρ)
386 4151 431 4200 ac
467 4125 686 4200 remissione
731 4125 896 4222 desuper
941 4125 1181 4199 concedenda
1223 4151 1293 4222 pro
1338 4142 1447 4221 parte
1484 4127 1603 4222 ipsius

100 4249 243 4326 domini
272 4250 448 4348 Episcopi
476 4250 650 4322 datorum
679 4264 718 4322 et
754 4249 956 4344 petitarum
989 4248 1177 4342 rebusque
1213 4246 1293 4322 aliis
1330 4249 1365 4321 in
1393 4247 1487 4322 actis
1515 4275 1603 4322 cau·

100 4401 229 4450 sarum
258 4375 472 4449 huiusmodi
499 4373 671 4448 deductis
699 4389 737 4446 et
772 4372 918 4448 illorum
956 4373 1164 4458 occasione,
1199 4371 1369 4468 partibus
1405 4397 1452 4446 ex
1485 4373 1604 4448 altera

98 4502 134 4573 in
165 4501 278 4574 tertia
303 4499 461 4574 vertitur
498 4524 565 4572 seu
601 4512 799 4572 vertuntur
834 4498 1030 4581 instantiis,
1070 4519 1140 4593 per
1170 4497 1362 4571 dominum
1395 4500 1601 4573 Antonium

98 4626 359 4702 coauditorem
388 4625 572 4724 prelatum
601 4626 698 4699 bene
724 4623 840 4698 fuisse
869 4639 908 4698 et
934 4649 1021 4698 esse
1050 4647 1280 4720 processum,
1302 4625 1599 4720 pronunciatum,

99 4753 370 4826 sententiatum
399 4765 438 4824 et
466 4749 673 4836 diffinitum,
712 4765 752 4823 et
779 4774 849 4845 pro
877 4767 985 4845 parte
1013 4748 1100 4821 dicti
1131 4749 1310 4844 Episcopi
1346 4751 1395 4822 ab
1423 4748 1506 4844 ipso
1533 4748 1601 4822 do-

99 4877 203 4952 mino
241 4876 419 4962 Antonio,
457 4874 685 4960 coauditore,
722 4874 879 4970 eiusque
917 4873 1103 4948 sententia
1140 4898 1207 4947 seu
1241 4874 1437 4947 sententiis
1474 4873 1603 4947 huius·

99 5002 214 5085 modi,
246 4999 343 5073 male
369 5000 484 5072 luisse
511 5012 757 5093 provocatum
785 5013 824 5072 et
851 4996 1082 5094 appellatum
1102 4997 1265 5093 dictique
1284 4996 1423 5070 domini
1447 4997 1601 5070 Antonii

97 5125 330 5200 coauditoris
357 5147 578 5220 processum
607 5137 646 5195 et
673 5121 910 5209 sententiam,
941 5147 1008 5195 seu
1037 5121 1243 5196 sententias
1272 5121 1461 5216 predictas
1480 5119 1603 5195 huius-

99 5249 205 5324 modi
237 5249 511 5324 confirmandas
549 5246 629 5322 lore
665 5263 705 5321 et
741 5241 1030 5333 confirmamus,¹
1053 5246 1269 5342 dictumque
1304 5245 1532 5342 Episcopum
1565 5246 1601 5318 in

97 5399 292 5472 expensas
320 5373 356 5446 in
384 5371 596 5447 huiusmodi
624 5371 746 5445 causis
775 5396 846 5468 pro
873 5389 981 5466 parte
1008 5370 1096 5443 dicti
1123 5369 1262 5443 domini
1283 5368 1456 5444 Iohannis
1476 5391 1602 5442 coram
