3686 5916
227 325 282 385 592
848 323 985 383 Soeculo
1006 321 1129 383 XVIII

228 520 342 593 etiam
362 519 554 594 inclusive:
577 519 705 592 Tertia
723 541 770 592 ex
795 519 918 592 littera
948 519 981 589 R
1010 535 1154 592 tantum
1184 519 1381 593 constabit.
1403 515 1550 610 Quarta
1578 519 1723 592 demum
1833 539 1834 544 ’

229 670 251 717 a
280 644 403 717 littera
434 645 470 720 P.
521 669 641 740 usque
679 643 728 716 ad
765 643 968 738 Alphabeti
1006 643 1127 716 finem.
1168 643 1243 739 lpsi
1280 667 1434 738 quoque
1470 645 1519 716 ad
1547 645 1725 742 legendas

229 793 354 841 coram
383 769 500 864 ipsius
529 768 715 842 Auditorii
737 769 985 841 Auditoribus
1013 768 1209 840 citationes
1230 770 1265 838 in
1294 769 1416 841 causis
1436 767 1484 842 ad
1513 795 1580 843 eos
1602 794 1726 866 respe-

229 895 325 968 ctive
354 893 456 967 iuxta
484 897 729 991 praemissam
750 892 1036 990 Alphabeticam
1058 893 1276 966 divisionem
1296 908 1512 990 spectantes
1542 921 1628 969 sese
1646 923 1727 970 con-

229 1017 326 1092 lerre
346 1019 546 1094 debebunt.
570 1017 768 1112 Quatenus
788 1043 880 1092 vero
907 1018 1042 1114 aliquis
1062 1039 1203 1102 eorum,
1225 1018 1285 1091 vel
1305 1018 1573 1116 impedimento
1604 1023 1727 1095 deten-

211 1119 291 1216 'tus
320 1145 438 1227 luerit,
469 1160 534 1218 aut
561 1146 634 1218 alio
662 1145 865 1230 diverterit,
896 1145 1048 1217 alterius
1090 1167 1138 1216 ex
1180 1144 1345 1217 Notariis
1381 1169 1492 1240 opem
1530 1147 1727 1243 implorare

231 1273 381 1365 poterit.

311 1393 403 1466 Item
431 1395 587 1490 quilibet
614 1419 661 1466 ex
692 1393 858 1467 Notariis
886 1395 1080 1490 proprium
1122 1395 1281 1466 retineat
1321 1392 1561 1492 Receptorum
1595 1395 1725 1470 librum

230 1521 265 1590 in
294 1543 369 1615 quo
398 1519 594 1592 adnotabit
623 1519 749 1591 dietim
780 1543 946 1590 summas
984 1543 1079 1613 quas
1117 1519 1152 1590 in
1190 1517 1489 1614 expeditionibus
1516 1544 1726 1609 causarum,

230 1659 296 1718 aut
323 1644 483 1726 aliunde,
501 1643 666 1739 recipiet,
697 1644 823 1716 habita
852 1659 978 1716 tamen
1006 1642 1187 1716 relatione
1214 1643 1263 1716 ad
1291 1643 1423 1716 librum
1455 1643 1726 1742 Computorum,

230 1769 290 1841 ubi
318 1769 481 1841 calculus
510 1768 674 1843 omnium
702 1769 773 1842 erit
802 1769 1024 1864 descriptus,
1056 1769 1142 1841 ideo
1170 1766 1376 1862 expediens
1397 1769 1478 1852 erit,
1501 1773 1605 1864 quod
1639 1773 1729 1846 liber

230 1893 290 1966 ille
316 1901 564 1992 computorum
582 1918 605 1967 a
625 1891 793 1978 Notario,
815 1893 896 1966 aliis
918 1892 1168 1975 praesidente,
1190 1895 1435 1968 custodiatur.
1451 1893 1580 1988 Quum
1600 1915 1727 1970 autem

230 2019 299 2114 ipsi
329 2034 491 2114 quatuor
531 2019 675 2092 Notarii
713 2021 749 2091 in
777 2019 879 2091 libris
908 2019 1148 2114 Receptorum
1176 2019 1338 2114 aliquam
1375 2020 1539 2093 scribent
1573 2023 1729 2095 solutio-

231 2169 326 2227 nem,
358 2143 524 2216 Titulum
563 2143 723 2227 Causae,
756 2143 866 2216 Diem
901 2159 939 2216 et
978 2144 1128 2214 Annum
1163 2143 1369 2230 solutionis,
1407 2171 1593 2220 summam
1632 2174 1729 2221 rece·

230 2287 345 2364 ptam,
377 2293 512 2343 nomen
543 2269 731 2342 Personae
759 2269 950 2350 solventis,
981 2268 1108 2342 lolium
1150 2266 1231 2342 libri
1262 2267 1532 2368 Computorum,
1562 2298 1610 2346 ex
1653 2297 1729 2369 quo
1763 2355 1766 2364 ,

230 2393 392 2466 calculus
434 2394 581 2490 integer
617 2410 734 2490 patet,
772 2395 983 2491 exprimere
1018 2391 1224 2468 debebunt:
1260 2393 1293 2466 E
1334 2419 1518 2469 converso
1556 2421 1659 2482 vero,
1691 2417 1731 2471 ut

231 2543 382 2614 semper
410 2517 538 2593 relatio
567 2521 664 2592 inter
692 2537 891 2616 utrumque
919 2519 1052 2592 librum
1081 2517 1209 2612 inspici
1238 2536 1363 2614 queat,
1395 2521 1430 2592 in
1459 2521 1553 2594 libro
1576 2521 1731 2620 Compu-

190 2635 205 2658 “
230 2651 351 2716 torum
378 2643 615 2717 indicandum
644 2645 716 2717 erit
744 2643 871 2716 solium
901 2643 981 2717 libri
1010 2644 1261 2741 Receplorum,
1294 2645 1355 2718 ubi
1384 2645 1521 2718 solutio
1564 2649 1732 2722 noscitur
1833 2741 1834 2744 Ἴ

232 2786 408 2864 peracta:
439 2765 599 2860 Quoties
627 2794 718 2842 vero
746 2783 881 2866 agatur
909 2769 957 2841 de
999 2768 1265 2853 exactionibus,
1297 2794 1396 2864 quae
1436 2796 1459 2842 a
1494 2769 1588 2845 libro
1629 2773 1730 2846 Com·
1833 2759 1834 2846 ζ

223 2902 403 2993 potorum
431 2895 579 2968 minIme
607 2895 828 2990 procedunt,
858 2909 970 2991 prout
998 2910 1093 2980 sunt,
1134 2919 1181 2966 ex
1219 2897 1553 2969 communicatione
1592 2899 1728 2971 lurium

231 3021 510 3116 productorum,
541 3037 580 3092 et
607 3021 688 3093 aliis
716 3020 876 3106 incertis,
895 3019 978 3093 illae
1003 3043 1156 3116 quoque
1176 3019 1325 3094 discribi
1344 3021 1536 3094 debebunt
1562 3023 1597 3094 in
1619 3025 1730 3098 Rece-

224 3155 377 3243 ptorum
405 3145 510 3231 libro,
540 3143 738 3217 indicando
765 3143 892 3217 lolium
921 3143 1002 3217 libri
1030 3143 1356 3216 Accomodatorum
1382 3160 1422 3218 et
1448 3146 1542 3218 alius
1576 3147 1731 3221 incerto·

231 3293 328 3344 rum.
359 3271 398 3342 ln
427 3267 483 3342 his
512 3294 603 3342 vero
630 3269 887 3343 adnotandum
915 3271 986 3341 erit
1012 3266 1139 3341 lolium
1167 3267 1248 3342 libri
1278 3269 1527 3368 Receptorum,
1549 3273 1612 3345 ubi
1633 3297 1729 3348 rece·

231 3394 311 3491 ptio
339 3409 499 3480 constat,
520 3408 559 3468 et
587 3395 683 3468 illius
713 3394 859 3468 Notarii
888 3417 1035 3477 nomen,
1070 3393 1134 3489 qui
1162 3394 1340 3489 pecunias
1369 3396 1521 3491 recepit.

312 3519 431 3597 Penes
462 3521 658 3594 Notarium
689 3521 964 3616 praesidentem
990 3519 1178 3592 asservari
1206 3517 1344 3593 debeat
1372 3519 1494 3593 dictus
1530 3521 1636 3609 liber,
1666 3525 1727 3618 qui

232 3648 362 3719 unicus
390 3647 471 3732 erit,
493 3649 563 3720 sub
582 3643 707 3720 titulo:
730 3647 968 3728 Interiorum,
999 3645 1034 3716 in
1056 3669 1131 3739 quo
1150 3645 1410 3719 describentur
1437 3649 1562 3722 omnia
1590 3649 1727 3723 incerta

232 3769 483 3845 emolumenta
511 3771 752 3866 percipienda
779 3771 831 3843 uti
861 3784 950 3843 sunt
979 3769 1131 3856 Viatica,
1164 3785 1313 3843 strenae
1343 3771 1545 3856 substituti,
1576 3789 1616 3846 et
1644 3775 1729 3846 alio·

233 3922 314 3969 rum
356 3898 391 3968 in
433 3893 733 3990 expeditionibus
761 3921 969 3982 causarum,
999 3911 1037 3967 et
1065 3893 1260 3990 quodlibet
1291 3893 1391 3968 aliud
1429 3895 1555 3969 similis
1592 3898 1727 3994 speciei

233 4022 538 4103 emolumentum,
568 4044 615 4092 ex
644 4046 720 4116 quo
749 4039 836 4115 post
863 4036 1034 4095 exactum
1064 4021 1227 4106 Annum,
1257 4045 1279 4094 a
1316 4019 1570 4095 Thesaurario
1610 4049 1726 4120 gene-

232 4147 298 4218 rali
326 4161 365 4218 et
394 4143 549 4218 Decano
576 4145 693 4241 ipsius
721 4146 908 4219 Auditorii
936 4146 1065 4241 inspici
1094 4145 1225 4242 possit,
1247 4147 1294 4219 ad
1323 4169 1436 4243 quam
1471 4172 1655 4222 summam
1685 4175 1727 4222 ea

231 4269 448 4355 ascendant,
485 4286 526 4343 et
562 4269 747 4366 praefiniri
789 4287 870 4344 rata
913 4269 1069 4343 Notario
1112 4269 1340 4366 praesidenti
1371 4271 1528 4367 aliisque
1566 4291 1728 4368 quatuor

234 4393 409 4479 Notariis,
439 4395 642 4469 substituto
669 4395 842 4482 adiutori,
871 4411 911 4468 et
940 4393 1092 4468 Novitio
1119 4395 1358 4493 assignanda.
1389 4395 1444 4468 Ea
1479 4414 1605 4470 tamen
1648 4418 1727 4471 rata

234 4519 350 4592 semel
380 4521 501 4617 primo
528 4545 627 4593 anno
656 4519 830 4616 praefixa,
861 4521 1022 4615 amplius
1058 4507 1191 4592 variari
1220 4520 1399 4617 nequibit.

314 4643 369 4716 lta
396 4668 549 4741 quoque
591 4645 723 4717 unicus
758 4645 830 4716 erit
869 4643 1196 4718 Accomodatorum
1229 4643 1321 4718 liber
1362 4670 1508 4719 summa
1536 4645 1726 4744 diligentia

234 4769 520 4844 custodiendus:
551 4769 642 4842 Eius
670 4785 795 4842 autem
823 4769 1074 4844 emolumenta
1112 4771 1148 4843 in
1189 4770 1282 4843 libro
1311 4771 1550 4868 Receporum
1592 4773 1724 4845 descri-

234 4895 357 4968 benda
384 4910 502 4980 erunt,
534 4913 573 4967 et
601 4895 832 4992 singulorum
863 4895 1044 4968 mensium
1074 4897 1237 4968 instante
1264 4885 1335 4966 fine'
1364 4895 1517 4989 quilibet
1535 4921 1584 4968 ex
1614 4895 1725 4970 Nota·

235 5021 297 5093 riis
324 5017 505 5092 rationem
534 5021 646 5094 etiam
675 5021 723 5092 de
752 5019 821 5092 illis
851 5021 985 5094 reddet
1013 5019 1171 5094 Notario
1199 5018 1437 5116 praesidenti,
1460 5019 1553 5095 sicut
1581 5020 1630 5094 de
1648 5023 1726 5095 aliis

233 5143 504 5231 emolumentis,
536 5168 634 5240 quae
662 5145 693 5216 is
721 5145 757 5216 in
786 5147 922 5217 Arcam
953 5143 1138 5218 Camerae
1167 5144 1412 5240 Apostolicae
1441 5145 1606 5240 qualibet
1641 5147 1726 5220 heb-

233 5271 405 5354 domada,
429 5295 470 5342 se
490 5268 671 5366 usingulis
691 5271 904 5364 quibusque
925 5269 1125 5354 mensibus,
1148 5268 1287 5344 relerre
1310 5271 1506 5357 tenebitur,
1529 5295 1572 5344 ac
1591 5272 1724 5344 eodem

234 5395 350 5469 ferme
378 5411 547 5491 tempore
575 5395 610 5467 in
630 5395 764 5469 eodem
793 5395 1032 5493 Receptorum
1060 5393 1152 5468 libro
1181 5397 1279 5468 diem
1299 5413 1336 5468 et
1356 5420 1524 5469 summae
1551 5411 1725 5492 receptae
