3688 5924
243 339 287 382 xx
787 325 963 398 Praefatio
981 325 1027 382 ad
1045 327 1197 384 lectorem

241 532 369 588 autem
404 523 503 608 1694
530 519 579 589 ad
606 541 744 590 annum
769 525 880 610 1726,
901 519 991 592 febr.
1016 543 1075 602 22,
1101 533 1309 590 extractum
1329 519 1496 590 continet
1526 515 1750 586 Diariorum

245 639 464 714 Bernardini
492 641 623 725 Scotti,
655 657 694 714 et
726 640 895 716 aliorum.
928 642 980 714 Hi
1016 641 1093 716 duo
1130 645 1220 716 tomi
1256 643 1422 715 numeris
1456 641 1752 737 distinguuntur

243 787 265 836 Ι
294 784 334 837 et
360 790 395 839 2.

325 893 385 982 58.
415 933 442 944 -
471 890 708 964 Novissimus
736 892 898 988 denique
925 895 974 966 ab
1001 915 1100 965 anno
1128 893 1267 964 initium
1297 893 1411 964 sumit
1444 895 1557 982 1827,
1586 889 1752 960 Decano

242 1010 461 1087 Alexandro
489 1013 627 1110 Spada,
648 1033 689 1088 et
706 1017 817 1088 linem
836 1017 950 1090 habet
968 1017 1028 1089 die
1054 1041 1093 1088 11
1118 1031 1214 1113 sept.
1242 1020 1352 1090 1861.
1370 1016 1584 1088 Praeselert
1601 1010 1754 1085 ordinis

242 1163 439 1211 numerum
468 1165 514 1230 4;
542 1155 605 1212 ast
632 1141 741 1213 deest
769 1157 896 1213 tomus
925 1165 959 1214 n.
992 1166 1033 1234 3;
1063 1159 1189 1214 utrum
1218 1141 1276 1213 hic
1313 1141 1423 1214 luerit
1454 1155 1638 1234 exaratus
1682 1162 1753 1208 nec

242 1287 299 1344 ne,
329 1263 432 1358 apud
469 1289 528 1336 me
567 1289 640 1336 non
672 1281 832 1339 constat.
866 1264 1038 1339 Profecto
1076 1283 1309 1360 compertum
1345 1282 1417 1350 est,
1448 1288 1520 1359 pro
1557 1286 1752 1335 annorum

241 1387 377 1482 spati0,
414 1390 464 1461 ab
499 1413 559 1461 an.
596 1395 694 1480 1769
732 1390 780 1461 ad
816 1415 954 1462 annum
997 1393 1093 1482 1827
1132 1389 1290 1485 dilapso,
1334 1389 1527 1462 Decanale
1573 1387 1753 1459 Diarium

241 1512 389 1585 deesse.
421 1513 525 1596 Item,
554 1531 615 1586 est
645 1515 894 1610 exploratum,
926 1515 1117 1587 novissimi
1154 1514 1264 1587 huius
1298 1516 1392 1588 tomi
1424 1515 1606 1612 paginam
1646 1537 1754 1607 quae

242 1653 466 1733 tegumento
494 1639 673 1719 inhaeret.
705 1665 899 1712 numerum
929 1641 1026 1714 lerre
1049 1643 1135 1732 238,
1158 1665 1281 1734 quern,
1304 1664 1376 1712 non
1397 1641 1615 1712 intermissa
1634 1640 1750 1724 serie,

242 1763 357 1834 ceteri
386 1765 541 1847 numeri,
563 1765 666 1836 iuxta
686 1767 795 1837 suu'm
814 1766 995 1850 ordinem,
1018 1781 1228 1859 sequuntur
1243 1765 1293 1838 ad
1313 1765 1490 1861 paginam
1511 1787 1637 1857 usque
1656 1767 1752 1854 656.

243 1885 439 1960 Probabile
468 1889 616 1960 videtur
643 1889 793 1962 tertium
823 1907 966 1962 tomum
996 1889 1111 1962 luisse
1138 1891 1371 1985 incoeptum
1392 1887 1619 1960 durantibus
1641 1887 1753 1982 poly-

241 2008 322 2082 ticis
352 2013 696 2106 perturbationibus
724 2038 905 2085 annorum
942 2017 1158 2107 1798·1815
1190 2012 1448 2108 probabillime
1476 2015 1750 2106 interruptum,

242 2135 379 2209 deinde
416 2161 589 2208 eversum
627 2140 723 2210 circa
758 2163 896 2210 annum
941 2143 1052 2231 1827,
1081 2163 1158 2234 quo
1195 2154 1322 2210 tomus
1350 2162 1386 2211 n.
1422 2161 1447 2229 4
1480 2137 1584 2209 initia
1618 2138 1748 2209 sumit.

244 2259 329 2331 Hoc
358 2260 393 2331 in
424 2276 528 2333 tomo
557 2286 589 2334 n.
612 2288 637 2353 4
664 2262 766 2334 adie
787 2283 830 2354 17
861 2264 932 2336 ian.
966 2262 1015 2334 ad
1043 2265 1141 2334 diem
1176 2287 1221 2352 14
1250 2287 1333 2335 nov.
1372 2265 1483 2354 1851,
1516 2260 1565 2332 nil
1596 2263 1750 2357 scriptis

240 2383 504 2480 consignatum
524 2403 604 2470 est;
625 2386 693 2458 sed
713 2389 747 2459 in
768 2386 1022 2458 testimonium
1042 2388 1164 2458 bonae
1191 2386 1393 2458 voluntatis
1422 2383 1552 2458 relicta
1572 2403 1666 2457 sunt
1686 2385 1751 2457 ali-

238 2523 334 2604 quot
347 2509 433 2581 lolia
445 2510 569 2583 adhuc
583 2511 734 2596 intacta,
750 2510 886 2606 quibus
901 2512 1056 2583 intentio
1072 2511 1214 2582 Decani
1227 2509 1352 2582 forsan
1367 2522 1450 2582 erat
1464 2509 1608 2604 scripto
1624 2508 1751 2582 consi·

237 2657 356 2729 gnare
382 2659 482 2729 quae
511 2652 600 2708 tunc
629 2637 809 2731 temporis
838 2661 899 2708 res
927 2659 1098 2708 evenere.
1120 2631 1234 2726 Quod
1257 2653 1392 2728 postea
1411 2633 1551 2708 lactum
1573 2635 1747 2706 nonfuit.
1823 2659 1824 2732 ζ

241 2756 314 2830 Η10
341 2759 493 2832 ultimus
523 2776 649 2833 tomus
676 2761 730 2832 sic
758 2761 903 2854 incipit:
933 2759 1150 2831 ‹Codicem
1179 2761 1276 2830 hunc
1303 2784 1425 2854 aeque
1443 2784 1488 2832 ac
1507 2756 1604 2831 alios
1629 2757 1749 2832 libros

246 2898 322 2954 ‹et
349 2884 554 2978 scripturas
590 2885 781 2958 Decanale
817 2885 1033 2956 Archivium
1072 2885 1342 2956 constituentes
1381 2908 1456 2956 una
1487 2909 1572 2955 curn
1603 2885 1749 2956 tablino

244 3006 318 3078 «in
345 3032 424 3102 quo
452 3033 498 3081 ea
526 3012 651 3082 omnia
677 3011 928 3084 adservantur
955 3033 1068 3102 quarn
1097 3008 1204 3080 citius
1231 3007 1308 3079 fieri
1327 3009 1466 3102 poterit
1483 3010 1582 3080 tradi
1604 3010 1749 3081 curabo

244 3133 330 3206 «R.
363 3133 399 3207 P.
436 3135 479 3208 l).
511 3135 619 3208 Alex.
642 3134 771 3230 Spada
799 3160 884 3206 meo
903 3135 939 3206 in
961 3133 1156 3205 Decanatu
1175 3133 1383 3204 successori
1401 3134 1748 3225 praestantissimo

245 3281 393 3350 «quem
430 3260 532 3333 brevi
571 3274 612 3331 ut
653 3259 834 3357 collegam
877 3285 936 3332 me
977 3284 1107 3331 rursus
1147 3254 1404 3351 amplexurum
1446 3257 1598 3329 conlido
1617 3285 1657 3329 1.
1690 3257 1749 3370 Ι111

238 3378 416 3454 Decanus
443 3407 485 3455 se
513 3385 665 3479 propria
693 3384 818 3478 signat
846 3406 977 3456 manu:
1016 3382 1078 3455 «l.
1108 3381 1237 3453 lsoard
1265 3379 1304 3454 S.
1335 3380 1380 3453 R.
1412 3381 1593 3454 Decanus
1611 3407 1649 3463 11,
1685 3383 1750 3474 qui

193 3524 199 3540 ·
236 3505 358 3578 fuerat
383 3524 538 3580 evectus
574 3508 623 3581 ad
661 3507 812 3580 Sacram
857 3506 1073 3600 Purpuram.
1106 3505 1178 3578 Hic
1220 3531 1301 3578 mos
1333 3522 1518 3578 exeuntes
1555 3506 1605 3579 de
1645 3507 1749 3578 Rota

238 3627 378 3701 Decani
407 3655 449 3703 se
477 3631 630 3726 propria
657 3655 768 3704 manu
797 3631 833 3701 in
867 3629 938 3702 hoc
963 3629 1058 3702 libro
1077 3629 1248 3725 signandi
1267 3645 1401 3724 postea
1429 3645 1603 3703 servatus
1633 3646 1698 3702 est
1724 3653 1746 3700 a

240 3751 411 3837 Decanis‚
442 3755 583 3850 Spada,
615 3754 674 3827 De
704 3753 848 3827 Cursiis
874 3769 915 3825 et
944 3751 1104 3825 Bosondi
1127 3752 1191 3846 qui
1208 3750 1256 3823 ad
1276 3751 1540 3824 Cardinalatus
1559 3753 1743 3828 honorem

235 3877 357 3951 elatus
385 3877 452 3952 fuit
479 3879 540 3952 die
574 3905 614 3952 11
648 3879 736 3952 iunii
770 3883 881 3970 1847.
913 3878 1003 3950 Post
1030 3877 1127 3948 hunc
1163 3877 1344 3971 plurimae
1381 3877 1543 3950 intactae
1581 3879 1743 3976 paginae

235 4001 488 4076 testimonium
517 4005 715 4100 perhibent
742 4006 791 4076 de
818 4004 1004 4102 gravitate
1033 4001 1265 4096 politicorum
1292 4017 1493 4074 eventuum
1523 4003 1620 4076 illius
1649 4019 1747 4076 tem·
1823 4059 1824 4080 1

234 4127 347 4219 poris,
377 4152 475 4224 quae
505 4153 578 4202 non
608 4131 693 4200 sivit
721 4127 902 4200 rotalibus
930 4125 1120 4198 consuetis
1153 4123 1342 4196 tribunalis
1374 4126 1480 4221 stylis
1512 4127 1745 4200 incumbere.

234 4252 351 4325 lmmo
377 4279 461 4326 cum
494 4253 677 4326 Bosondio
707 4249 964 4324 Muzzarellius
993 4251 1028 4321 in
1059 4249 1293 4321 Decanatum
1321 4251 1580 4336 successisset,
1603 4267 1645 4325 et
1674 4251 1744 4329 hic.
1823 4291 1824 4302 ¹

233 4377 411 4452 derelicta
439 4379 539 4451 Rota
565 4395 605 4451 et
632 4394 798 4458 tonsura,
829 4377 865 4446 in
893 4375 1044 4472 agmina
1074 4372 1313 4467 Reipublicae
1352 4375 1574 4460 transiisset,
1606 4377 1668 4449 hic
1699 4378 1746 4448 nil

233 4502 401 4597 scripsit;
433 4502 501 4577 sed
530 4499 792 4576 tantummodo
820 4498 986 4571 foliolum
1015 4496 1163 4592 reliquit
1189 4497 1292 4593 quod
1315 4523 1515 4573 successor
1542 4502 1625 4575 eius
1655 4502 1745 4576 sate·
1823 4501 1824 4582 s

231 4645 292 4700 tur
319 4651 361 4699 se
398 4627 602 4700 inseruisse
638 4625 768 4697 Diario
803 4621 993 4698 Decanali.
1017 4621 1254 4694 Muzzarellio
1287 4624 1470 4696 successit
1504 4625 1565 4699 De
1594 4627 1745 4712 Avella,
1823 4627 1824 4720 j

229 4769 268 4824 at
297 4753 367 4825 iste
396 4752 502 4824 senio
529 4751 705 4824 laborans
727 4749 795 4820 luit
814 4746 1005 4818 Emeritus
1025 4744 1251 4819 declaratus:
1272 4746 1307 4818 in
1329 4771 1589 4822 successorem
1613 4753 1747 4826 habuit

229 4878 415 4975 Ignatium
435 4875 667 4973 Alberghini‚
687 4892 727 4948 et
746 4875 818 4947 iste
840 4871 892 4945 sic
915 4870 1147 4943 Decanatum
1184 4895 1202 4942 s

232 5001 421 5074 Emeritus
449 5018 490 5075 et
517 4999 616 5102 ipse)
653 4999 829 5074 ‹Sedem
857 4996 970 5093 igitur
998 4995 1037 5069 S.
1058 4993 1248 5067 Tribunali
1274 5020 1459 5093 occupare
1490 5027 1631 5076 oestuo
1652 5023 1745 5100 post

238 5149 325 5220 ‹25
356 5151 541 5199 annorum
577 5127 738 5222 spatium
775 5147 852 5218 quo
885 5145 968 5193 earn
1005 5119 1160 5194 obtinui.
1192 5119 1387 5215 Prospera,
1416 5123 1516 5196 laeta
1544 5152 1590 5200 ac
1619 5129 1747 5202 fausta

241 5253 404 5325 «omnia
432 5252 631 5326 exanimo
659 5251 845 5345 adprecor
872 5247 965 5320 meis
995 5243 1200 5341 Colleghis,
1229 5269 1273 5316 ac
1302 5247 1546 5322 vehementer
1575 5273 1682 5348 opto,
1705 5272 1746 5325 111

235 5380 419 5475 <integer
456 5391 641 5472 perpetuo
676 5390 848 5447 servetur
885 5371 922 5444 S.
954 5369 1139 5442 Auditorii
1172 5369 1336 5466 dignitas
1368 5387 1406 5442 et
1438 5371 1586 5450 lania...
1636 5381 1745 5452 Alios
