3708 5918
229 307 265 364 or
855 303 991 363 soeculo
1010 303 1097 364 va
1166 351 1170 360 .

226 498 387 573 asseruit
414 496 550 571 factam
578 521 676 582 esse,
706 496 793 570 licet
820 521 935 592 super
961 496 1032 572 hoc
1061 495 1305 592 respondere,
1334 497 1474 572 diutius
1497 497 1722 574 distulisset:

226 646 302 718 que
329 622 420 704 dies,
461 621 493 695 si
529 623 685 696 veritate
722 621 840 718 ipsius
873 621 1034 696 assertio
1071 619 1270 705 fulciretur,
1309 645 1377 718 per
1413 621 1511 697 duos
1546 622 1605 696 vel
1632 625 1724 698 circa

224 746 461 820 collationem
490 761 529 820 et
556 745 810 842 provisionem
839 760 1008 820 nostram
1044 744 1256 820 huiusmodi
1292 745 1532 842 precedebat.
1564 747 1725 822 Demum

226 888 353 946 autem
381 895 451 967 pro
479 887 587 966 parte
615 871 773 968 predicti
801 869 972 968 magistri
1000 868 1171 944 Riccardi
1199 870 1266 943 fuit
1292 894 1420 946 coram
1448 872 1556 947 uobis
1588 887 1628 946 et
1656 871 1673 945 f
1711 915 1728 928 -

226 997 345 1071 tribus
375 995 513 1070 nostris
540 997 575 1069 in
604 996 828 1070 consistorio
856 995 1092 1092 propositum
1121 1010 1161 1069 et
1188 995 1348 1092 petitum
1376 998 1490 1092 quod,
1526 1021 1609 1070 cum
1647 997 1729 1093 ipse

226 1121 276 1195 de
303 1120 514 1195 huiusmodi
543 1121 756 1216 provisione
785 1143 854 1216 per
881 1144 951 1194 nos
979 1121 1076 1194 facta
1094 1120 1164 1194 sibi
1183 1117 1329 1216 plenius
1348 1121 1550 1204 docuisset,
1572 1120 1641 1196 sed
1659 1147 1730 1218 pro

227 1263 335 1342 parte
363 1243 450 1318 dicti
477 1243 637 1318 Walteri
665 1245 713 1318 de
740 1243 909 1340 predicta
935 1243 1144 1330 collatione,
1174 1269 1289 1340 quam
1317 1245 1387 1319 sibi
1410 1261 1625 1320 asseruerat
1642 1270 1731 1320 esse

225 1369 372 1455 factam,
404 1369 511 1443 nichil
539 1369 671 1444 fuisset
691 1369 918 1443 sufficienter
936 1383 1142 1454 ostensum,
1165 1393 1233 1458 nos
1257 1368 1329 1466 ipsi
1347 1368 1531 1444 Riccardo
1549 1369 1597 1443 de
1615 1393 1732 1466 opor-

228 1511 320 1569 tuno
356 1493 523 1568 remedio
561 1493 770 1591 providere,
801 1518 845 1567 ac
881 1493 1088 1590 predictam
1125 1493 1361 1568 collationem
1399 1517 1506 1589 suam
1543 1494 1734 1569 excutioni

227 1618 407 1692 mandare
434 1617 598 1714 dictique
625 1617 786 1693 Walteri
812 1619 965 1692 obviare
993 1617 1141 1692 malitiis
1169 1619 1206 1692 in
1233 1618 1302 1692 hac
1330 1634 1439 1715 parte
1476 1618 1734 1694 favorabiliter

226 1742 479 1846 dignaremur.
515 1742 597 1818 Nos
633 1743 756 1840 igitur,
792 1744 874 1838 qui·
893 1742 1004 1816 finem
1041 1743 1228 1817 salubrem
1263 1760 1303 1817 et
1339 1742 1498 1819 celerem
1535 1743 1734 1840 imponere

226 1867 351 1942 litibus
378 1865 606 1950 affectamus,
627 1864 797 1942 volentes
816 1869 868 1942 sic
887 1867 924 1940 in
951 1866 1021 1942 hac
1049 1881 1156 1963 parte
1184 1866 1382 1942 salubriter
1409 1867 1607 1963 providere
1624 1866 1735 1963 quod

228 1993 394 2087 nequitia
422 2016 495 2066 non
524 1991 717 2088 prevaleat
747 1993 910 2088 puritati,
931 1994 1000 2067 sed
1028 1992 1156 2066 iniuria
1183 1993 1341 2068 confuxa
1369 1993 1601 2078 subcumbat,
1632 1993 1734 2066 ratio

228 2119 396 2215 gratiosa
423 2117 628 2214 triumphet
654 2141 699 2191 ac
727 2117 867 2192 iustitia
894 2118 947 2191 sic
966 2115 1170 2191 confundat
1187 2133 1226 2191 et
1244 2117 1430 2213 deprimat
1458 2116 1734 2214 malignitatem

228 2242 332 2336 quod
359 2267 428 2338 per
455 2241 669 2316 huiusmodi
694 2242 960 2328 exhibitionem
988 2239 1151 2338 exempli
1177 2241 1330 2317 tollatur
1347 2241 1429 2316 aliis
1447 2242 1596 2318 occasio
1624 2242 1737 2316 mali-

226 2365 366 2465 gnandi
386 2382 426 2442 et
443 2368 604 2442 maxime
623 2368 868 2466 impugnandi
889 2367 1122 2464 provisiones
1142 2365 1386 2464 Apostolicas
1403 2363 1671 2452 fraudolenter,
1695 2367 1734 2440 in

225 2515 304 2588 quo
332 2490 552 2587 plerumque
572 2493 769 2566 retroactis
788 2493 1035 2588 temporibus,
1056 2493 1091 2566 in
1111 2490 1182 2566 illis
1210 2491 1406 2588 potissime
1433 2493 1613 2588 partibus,
1635 2515 1735 2566 non·

226 2615 314 2690 nulli
328 2615 533 2712 iniquitatis
548 2615 608 2690 filii
624 2642 670 2690 ex
685 2641 801 2712 prave
816 2614 1098 2692 consuetudinis
1107 2617 1216 2712 quasi
1231 2616 1321 2691 vitio
1336 2612 1608 2712 delinquerunt,
1621 2615 1736 2692 infra-

225 2741 402 2838 scriptam
431 2741 703 2816 ordinationem
723 2740 956 2838 superdicto
976 2742 1130 2840 negotio
1155 2741 1236 2815 fore
1263 2739 1493 2838 providimus
1512 2740 1736 2817 satiendam.

306 2863 561 2962 Quapropter,
592 2866 850 2949 attendentes,
863 2867 967 2963 quod
995 2890 1069 2942 non
1088 2881 1149 2940 est
1166 2864 1414 2942 verisimiliter
1431 2865 1737 2961 presumendum

225 2990 325 3085 quin,
356 2991 387 3064 si
416 2990 686 3066 Lincolniensis
713 2993 917 3088 episcopus
945 2992 1115 3086 predicto
1133 2990 1307 3065 Waltero
1335 2989 1566 3086 prebendam
1594 3007 1739 3066 contu-

224 3110 330 3186 lisset
344 3113 514 3200 eandem,
537 3113 649 3214 [non]
671 3116 840 3190 confecta
864 3115 999 3190 fuisset
1016 3115 1064 3189 de
1082 3113 1293 3190 huiusmodi
1310 3112 1511 3190 collatione
1529 3114 1735 3210 scriptura,

226 3254 268 3311 ut
295 3253 386 3334 puta
418 3255 594 3335 patentes
631 3239 753 3314 littere
785 3241 845 3314 vel
882 3240 1069 3336 publicum
1107 3239 1404 3324 instrumentum,
1434 3255 1476 3314 ut
1502 3254 1738 3315 consuetum

224 3378 351 3436 estet
380 3364 538 3438 maxime
567 3364 602 3436 in
631 3363 770 3460 Anglia
797 3365 835 3438 in
868 3365 1005 3440 talibus
1033 3365 1243 3452 observari;

308 3487 603 3562 Considerantes
630 3503 785 3584 'quoque
813 3490 919 3585 quod
947 3476 1048 3564 nulla
1067 3488 1274 3562 verisimilis
1303 3488 1514 3563 coniectura
1540 3505 1742 3564 monstrat

165 3705 171 3724 ι
225 3611 329 3707 quod
365 3612 511 3708 prefata
548 3612 696 3687 collatio
735 3613 903 3710 episcopi
940 3614 1148 3700 memorati,
1182 3613 1214 3688 si
1247 3637 1322 3718 qua
1358 3613 1471 3687 etiam
1509 3611 1609 3686 facta
1647 3612 1738 3702 fuit,

220 3734 460 3814 ¹collationem
499 3751 666 3812 nostram
703 3737 915 3813 huiusmodi
951 3738 1209 3834 precessisset,
1240 3737 1405 3834 quinimo
1440 3737 1601 3812 assertio
1638 3737 1741 3813 dicti

224 3858 384 3936 Walteri
410 3859 470 3936 vel
498 3863 753 3958 procuratoris
772 3863 854 3936 eius
883 3887 999 3959 super
1016 3862 1087 3938 hoc
1115 3880 1293 3959 suspecta
1312 3861 1479 3938 redditur
1496 3877 1545 3936 et·
1553 3860 1739 3950 conficta,

222 4010 308 4059 curn
337 3986 544 4060 secundum
573 3986 725 4061 solitum
754 3987 939 4063 viatorum
967 4012 1117 4061 cursum
1136 4004 1175 4062 et
1193 4003 1324 4062 nature
1354 3986 1641 4082 possibilitatem
1665 3988 1741 4062 dif-

222 4110 316 4183 ficile
342 4110 456 4184 immo
486 4112 596 4205 quasi
625 4113 855 4209 impossibile
891 4111 1063 4188 videatur
1096 4111 1201 4210 quod
1238 4129 1314 4186 tam
1343 4110 1447 4186 brevi
1481 4127 1667 4206 tempore,
1715 4137 1741 4186 a

223 4232 283 4308 die
312 4235 451 4309 scilicet
478 4237 605 4310 obitus
633 4237 769 4333 prefati
785 4235 956 4336 magistri
978 4236 1161 4333 Stephani
1181 4237 1370 4334 usquead
1389 4236 1487 4311 diem
1506 4237 1741 4333 quodictus

223 4375 445 4454 procurator
460 4359 620 4434 Walteri
634 4361 871 4437 collationem
892 4363 1011 4458 ipsam
1026 4362 1128 4437 dicto
1141 4341 1314 4436 Waltero
1332 4360 1469 4436 asserit
1482 4360 1559 4436 fore
1574 4359 1738 4450 factam,

224 4484 320 4558 inter
347 4507 443 4579 quos
472 4483 660 4560 sexdecim
696 4487 841 4560 dierum
869 4486 1046 4561 distantia
1072 4486 1268 4560 dumtaxat
1296 4486 1464 4570 habetur,
1498 4483 1546 4558 de
1574 4483 1742 4560 civitate

227 4605 430 4694 Basiliensi,
461 4609 498 4682 in
526 4634 602 4705 qua
630 4610 752 4685 dictus
781 4611 997 4708 Stephanus
1025 4629 1067 4685 ut
1094 4610 1295 4707 predicitur
1321 4611 1421 4697 obiit,
1442 4607 1492 4684 ad
1515 4609 1741 4706 predictum

224 4729 522 4806 Lincolniensem
549 4732 772 4832 episcopum
800 4737 870 4810 iter
898 4761 1006 4809 suum
1035 4735 1213 4832 perficere
1240 4735 1362 4808 viator
1387 4733 1521 4830 aliquis
1543 4732 1744 4808 verisimi-

222 4855 306 4930 liter
333 4858 531 4952 potuisset,
562 4884 606 4933 ac
634 4860 719 4957 ipso
747 4859 946 4957 presertim
975 4877 1146 4956 tempore
1164 4859 1298 4956 yemali
1318 4857 1456 4933 scilicet
1473 4874 1513 4932 et
1531 4881 1607 4955 quo
1626 4856 1744 4935 illius

224 4980 374 5058 itineris,
391 5007 509 5080 grave
528 4984 734 5059 viatoribus
753 4982 956 5080 periculum
976 4985 1201 5070 imminebat,
1221 5001 1262 5060 et
1279 4985 1480 5080 oportebat
1498 5008 1566 5057 eos
1585 4982 1746 5060 habere

225 5129 295 5202 per
321 5131 425 5180 mare
454 5111 652 5182 transitum
681 5127 719 5184 et
746 5135 769 5183 a
796 5126 899 5186 recto
927 5110 1058 5184 itinere
1084 5110 1255 5184 deviare¹
1283 5125 1439 5207 propter
1466 5107 1596 5207 gravia
1614 5133 1746 5205 guer-

311 5391 319 5426 ¹
341 5389 414 5448 Ma:
435 5389 475 5448 de
494 5405 593 5488 mare.
