3684 5920
184 395 192 406 ⁸
232 317 287 378 620
848 319 984 378 Soeculo
1002 317 1034 376 X
1044 317 1122 378 VIII

233 514 322 586 dum
352 514 546 587 Auditoris
569 539 732 589 munere
770 515 1005 612 fungebatur,
1046 513 1263 598 instetisset,
1305 529 1345 586 ut
1381 513 1478 586 inter
1515 513 1728 585 Advocatos
1823 599 1824 602 Ἴ

235 653 500 724 recenseretur,
530 640 608 712 voti
635 664 792 734 compos
820 640 940 713 Iactus
966 653 1037 724 est,
1068 637 1169 712 nullo
1197 638 1318 712 eidem
1346 639 1484 712 indicto
1503 662 1617 712 onere
1645 637 1729 710 scri·

235 763 347 836 bendi
374 764 427 836 uti
456 763 752 838 Procuratorem.

945 972 1036 1052 493.

372 1113 462 1188 Cum
490 1141 604 1188 nouus
634 1116 806 1190 Decanus
832 1115 949 1212 officio
968 1115 1165 1216 potiretur,
1195 1143 1220 1190 a
1248 1117 1347 1191 Rota
1374 1115 1610 1190 invz'sebatur.

206 1281 210 1286 '
316 1270 431 1342 (Anca.
449 1271 537 1342 Rom,
560 1271 993 1344 ‹Dmn·umcamera1e»>.

733 1455 862 1530 Lunae
893 1461 941 1528 26
971 1455 1097 1528 Martii
1131 1476 1241 1549 1792.

345 1595 531 1671 Absoluta
566 1621 763 1672 causarum
807 1597 1046 1682 resolutione,
1077 1598 1174 1671 iacta
1215 1615 1275 1672 est
1317 1601 1460 1673 sedium
1497 1601 1669 1687 mutati0,
1701 1615 1737 1673 et

237 1723 495 1817 unusquisque
523 1722 693 1796 ascendit
729 1748 777 1794 ex
805 1723 936 1796 ordine
964 1723 1013 1796 ad
1052 1724 1181 1797 sedem
1219 1724 1463 1820 superiorem.
1494 1725 1564 1798 Per
1595 1725 1735 1798 obitum

238 1869 327 1918 vero
356 1848 390 1918 b.
421 1870 470 1921 m.
501 1845 633 1944 Origo,
665 1872 780 1944 quum
809 1872 945 1921 munus
975 1847 1193 1920 Decanatus
1221 1847 1324 1922 iuxta
1351 1849 1609 1924 antianitatem
1641 1850 1737 1922 dela·

239 1987 317 2044 tum
346 1971 454 2043 suerit
484 1970 581 2045 Rriro
609 1972 648 2047 P.
679 1972 727 2046 D.
761 1972 820 2045 De
859 1973 1022 2074 Bayane,
1053 1972 1120 2058 hic,
1162 1974 1282 2068 prima
1319 1975 1410 2048 sede
1447 1975 1509 2047 vix
1545 1991 1735 2070 occupata,

239 2096 340 2170 brevi
370 2096 417 2169 de
445 2097 585 2193 adepta
612 2123 634 2170 a
663 2122 704 2170 se
733 2097 915 2194 dignitate
943 2097 1126 2172 allocutus
1156 2097 1203 2170 de
1230 2123 1335 2173 more
1363 2099 1430 2173 fuit
1449 2114 1596 2174 ceteros
1618 2101 1738 2173 Reve-

240 2221 378 2294 rendos
407 2221 537 2294 Patres
567 2221 761 2298 DominoS.

323 2343 408 2418 Hoc
426 2347 561 2420 eodem
581 2371 701 2432 mane,
721 2373 768 2421 ex
787 2349 957 2421 instituto
978 2347 1175 2434 Maiorum,
1196 2372 1327 2421 omnes
1347 2347 1454 2421 simul
1473 2348 1578 2422 adire
1597 2347 1740 2422 debuis-

240 2493 365 2543 semus
393 2470 510 2544 aedes
537 2472 705 2544 eiusdem
735 2472 820 2544 Rni
850 2471 1001 2545 Domini
1030 2470 1090 2544 De
1121 2471 1284 2568 Bayane.
1305 2498 1391 2546 eum
1411 2472 1593 2546 invisendi
1617 2498 1737 2554 causa,

242 2594 310 2667 sed
338 2595 387 2668 ob
414 2595 529 2669 horae
557 2597 772 2670 tarditatem
801 2622 862 2670 res
890 2598 983 2671 haec
1010 2597 1059 2669 ad
1088 2595 1185 2669 diem
1216 2599 1263 2670 28
1293 2596 1408 2670 dilata
1435 2597 1513 2672 iuit.

953 2895 1042 2974 494.

288 3043 386 3118 Rota
415 3042 538 3128 muri,
556 3041 746 3116 Decanum
774 3041 892 3115 Rotae
907 3041 1032 3135 sitisse
1062 3039 1310 3114 consultorem
1337 3051 1465 3114 natum
1492 3039 1532 3116 S.
1565 3038 1699 3136 Officri'.

324 3199 438 3268 (Anca
456 3198 544 3272 Rue,
567 3196 757 3257 ‹Dr'arr'um
776 3197 951 3256 Camerale
964 3199 1001 3270 »).

1539 3322 1666 3382 Eadem
1686 3322 1742 3382 die.

325 3477 477 3550 Praeter
504 3498 641 3547 munus
670 3469 904 3544 Consultoris
934 3467 973 3543 S.
1004 3467 1126 3542 Officii
1154 3493 1232 3564 quo
1259 3468 1474 3565 potiebatur
1500 3491 1576 3564 qua
1606 3469 1644 3544 S.
1670 3468 1743 3540 No

246 3605 312 3680 stri
339 3599 551 3676 Tribunalis
584 3597 771 3680 Decanus,
802 3594 1016 3667 muneribus
1045 3617 1198 3690 quoque
1227 3609 1305 3666 tum
1335 3593 1518 3690 Regentis
1547 3591 1584 3667 S.
1617 3592 1744 3667 Poeni-

248 3730 449 3814 t'entiariae‚
481 3741 558 3797 turn
589 3719 892 3797 Locumtenentis
921 3717 1003 3790 Effri
1033 3719 1081 3793 D.
1113 3717 1226 3793 Card.
1257 3717 1461 3791 Camerarii
1493 3716 1542 3791 ad
1573 3717 1743 3792 eflectum

245 3850 491 3929 interessendi
520 3846 823 3923 concessionibus
852 3844 1079 3916 Laurearum
1110 3843 1329 3917 doctoratus
1358 3841 1393 3915 in
1414 3841 1588 3916 Romani
1617 3842 1745 3915 Archi-

246 3978 442 4082 gymnasio
471 3972 697 4068 fungebatur
724 3972 759 4045 b.
790 3995 837 4043 m.
869 3967 1002 4065 Origo

328 4103 390 4177 Ad
419 4122 553 4172 munus
583 4095 819 4169 Consultoris
846 4091 887 4167 S.
917 4090 1038 4165 Officii
1066 4092 1171 4188 quod
1200 4108 1357 4188 spectat,
1397 4093 1466 4165 hoc
1503 4117 1572 4187 per
1608 4092 1742 4188 episto-

247 4233 335 4307 lium
368 4225 598 4302 Secretariae
636 4219 767 4294 Status
804 4215 979 4291 collatum
1014 4218 1081 4290 suit
1118 4217 1217 4290 Rriro
1247 4218 1284 4290 P.
1316 4217 1364 4290 D.
1396 4216 1456 4290 De
1486 4217 1649 4313 Bayane.
1679 4215 1744 4288 Est

247 4375 373 4433 tamen
414 4347 785 4426 animadvertendum
827 4343 928 4439 quod
971 4341 1183 4438 epistolium
1226 4341 1437 4416 huiusmodi
1477 4340 1657 4438 accipere,
1699 4343 1744 4412 ita

249 4484 399 4556 iubente
428 4477 543 4551 Sacro
573 4475 715 4545 Nostro
743 4466 945 4552 Tribunali‚
977 4483 1188 4539 recusatum
1218 4467 1311 4542 alias
1334 4467 1410 4553 luit,
1432 4467 1742 4565 quemadmodum

248 4609 385 4708 legitur
412 4619 581 4677 notatum
609 4601 645 4672 in
683 4595 830 4672 casibus
859 4594 942 4666 huic
968 4591 1162 4675 simillimis
1189 4595 1253 4690 qui
1280 4609 1392 4666 antea
1420 4610 1635 4668 evenerant.
1664 4593 1744 4665 ideo

249 4750 375 4808 autem
404 4731 540 4803 sactum
569 4725 659 4800 illud
687 4723 801 4814 [uisse
828 4717 1039 4816 exponitur,
1068 4719 1155 4812 quia
1185 4718 1362 4791 Decanus
1390 4718 1428 4793 S.
1461 4719 1591 4792 Nostri
1619 4719 1743 4791 Tribu-

184 4885 188 4898 ·
250 4857 342 4934 nalis
370 4855 603 4929 existimatur
633 4845 839 4922 Consultor
866 4843 904 4918 S.
935 4841 1057 4915 Officii
1085 4853 1205 4926 natus,
1227 4843 1324 4917 adeo
1344 4860 1386 4916 ut
1403 4842 1452 4917 ad
1470 4841 1741 4939 adipiscendum

250 5007 384 5058 munus
413 4978 513 5053 istud
541 5001 614 5051 non
643 4973 809 5070 indigeat
836 4967 1009 5066 epistolio
1037 4965 1269 5041 Secretariae
1297 4968 1438 5055 Status,
1461 4968 1529 5041 sed
1549 4965 1742 5040 Consultor

253 5111 289 5183 S.
312 5105 433 5182 Olficii
458 5102 638 5176 efficiatur
666 5098 791 5173 statim
810 5111 925 5190 atque
944 5091 982 5166 S.
1006 5091 1128 5164 Rotae
1149 5092 1325 5167 Decanus
1344 5093 1509 5168 efficitur.
1534 5091 1618 5166 Hoc
1635 5089 1739 5162 adno-

251 5251 331 5307 tare
372 5257 394 5305 e
435 5254 475 5302 re
511 5226 608 5312 duxi,
640 5251 716 5322 quo
753 5225 789 5296 in
830 5217 964 5295 futuris
990 5217 1149 5318 'casibus
1186 5219 1266 5290 iura
1302 5217 1341 5292 S.
1378 5216 1506 5289 Nostri
1542 5209 1736 5290 Tribunalis

251 5357 400 5432 valeant
427 5351 614 5439 vindicari,
647 5351 676 5424 si
705 5349 877 5447 placebit.
