3720 5914
791 369 884 430 Sixto
901 371 952 430 IV
1564 371 1620 430 215

112 562 236 637 lorma
264 579 306 639 et
332 589 381 640 ex
408 589 646 662 quacumque
674 589 788 640 causa
817 581 968 638 etcum
1000 565 1193 661 quibusvis
1227 567 1340 640 etiam
1378 565 1616 663 presentibus

115 713 301 786 expresse
329 688 600 788 derogantibus
627 689 877 788 derogatoriis
905 689 1080 765 clausulis
1107 715 1131 764 a
1157 691 1265 765 nobis
1284 690 1343 765 vel
1371 691 1505 764 eadem
1524 688 1617 764 sede

115 815 302 890 hactenus
331 829 554 890 emanarunt
572 814 631 889 vel
659 814 695 888 in
725 830 917 912 posterum
946 817 1211 901 emanaverint,
1237 815 1412 910 cuiquam
1430 815 1615 888 adversus

116 937 363 1026 voluntatem,
393 939 596 1024 decretum,
625 938 900 1014 ordinationem
928 956 967 1012 et
996 941 1275 1014 concessionem
1300 939 1511 1014 huiusmodi
1530 965 1616 1037 pre·

118 1081 326 1159 sentesque
354 1063 508 1148 litteras,
530 1061 816 1158 quomodolibet
833 1061 1098 1161 suffragentur.
1118 1061 1309 1159 Quodque
1335 1087 1402 1160 per
1421 1087 1616 1159 quascum-

117 1213 194 1284 que
222 1187 478 1284 expectativas
497 1187 712 1262 nominandi
727 1212 795 1261 seu
810 1187 1025 1262 conserendi
1040 1186 1087 1262 de
1101 1187 1206 1283 prius
1220 1189 1407 1261 vacaturis
1421 1184 1617 1261 facultates

117 1312 177 1386 vel
204 1312 296 1386 alias
325 1311 507 1410 speciales
526 1312 801 1386 reservationcs
827 1326 869 1386 et
895 1311 943 1385 de
971 1313 1024 1384 sic
1044 1313 1245 1386 reservatis
1273 1311 1488 1386 conferendi
1516 1335 1617 1384 man·

117 1439 208 1511 data
236 1461 280 1512 ac
308 1437 608 1534 suppressiones,
631 1437 798 1522 uniones,
820 1439 1061 1522 annexiones,
1091 1436 1410 1533 incorporationes
1439 1451 1479 1510 et
1507 1435 1617 1509 redu-

116 1563 262 1637 ctiones
280 1561 330 1636 ad
349 1563 406 1636 ius
425 1586 635 1648 commune,
655 1559 788 1660 gratie,
809 1562 1072 1636 concessiones
1089 1576 1129 1634 et
1153 1560 1297 1636 indulta
1320 1587 1403 1636 cum
1422 1561 1617 1658 quibusvis

116 1687 369 1786 prerogativis
397 1702 438 1760 et
464 1685 663 1774 favoribus,
697 1685 998 1772 antelationibus‚
1029 1685 1343 1760 declarationibus
1370 1686 1484 1760 etiam
1512 1701 1617 1758 motu

118 1811 238 1899 simili,
265 1829 379 1886 etex
406 1827 509 1884 certa
537 1811 703 1898 scientia,
734 1835 778 1884 ac
805 1836 853 1884 ex
872 1811 1171 1907 quibuscumque
1191 1811 1314 1884 causis
1333 1811 1404 1884 sub
1423 1809 1617 1906 quibusvis

116 1938 317 2012 verborum
346 1935 473 2010 formis
501 1951 541 2010 et
567 1933 649 2010 aliis
669 1935 843 2009 clausulis
862 1935 1124 2034 derogatoriis,
1145 1935 1258 2010 etiam
1276 1933 1445 2022 insolitis,
1467 1935 1616 2031 quibus·

116 2063 173 2134 vis
201 2060 375 2158 personis
401 2061 670 2156 cuiuscumque
688 2058 842 2159 gradus,
860 2060 1065 2158 dignitatis,
1085 2059 1309 2134 conditionis
1327 2075 1367 2134 et
1384 2058 1525 2134 ordinis
1544 2059 1619 2132 exi·

116 2202 231 2272 stant,
260 2185 437 2270 ecclesiis,
460 2184 750 2260 Canonicatibus
769 2201 808 2258 et
827 2184 1039 2282 prebendis,
1061 2185 1318 2283 dignitatibus,
1340 2185 1614 2281 personatibus,

116 2310 512 2394 administrationibus,
537 2309 681 2396 officiis,
703 2309 945 2383 Monasteriis
972 2335 1180 2405 eorumque
1198 2309 1354 2396 Mensis,
1375 2309 1486 2383 etiam
1508 2307 1619 2406 Capi·

115 2436 298 2511 tularibus
321 2461 365 2509 ac
387 2433 577 2534 Collegiis‚
599 2452 638 2508 et
652 2436 863 2509 studiorum
882 2434 1113 2532 generalium
1132 2435 1436 2508 universitatibus
1459 2433 1617 2531 aliisque

115 2559 304 2636 beneficiis
335 2559 607 2647 ecclesiasticis,
638 2561 869 2634 secularibus
897 2559 956 2633 vel
983 2559 1228 2659 regularibus,
1249 2561 1285 2632 in
1308 2575 1532 2656 perpetuum
1551 2573 1618 2632 aut

117 2685 166 2758 ad
197 2684 408 2782 aliquorum
435 2685 562 2771 vitam,
584 2709 650 2758 seu
678 2684 770 2757 alias
798 2685 847 2757 ad
874 2697 1036 2781 tempus,
1065 2685 1178 2758 etiam
1206 2709 1275 2782 per
1294 2707 1363 2757 nos
1381 2698 1421 2757 et
1443 2681 1616 2757 eamdem

116 2811 249 2884 sedem
272 2834 453 2883 concessa
470 2826 510 2883 et
528 2809 564 2882 in
588 2826 700 2884 antea
719 2808 970 2890 concedenda,
991 2822 1058 2882 aut
1075 2807 1172 2881 lacta
1191 2809 1250 2882 vel
1269 2809 1450 2896 iacienda,
1475 2807 1616 2882 nullum

115 2935 365 3009 Auditoribus
392 2959 436 3008 ac
464 2933 781 3009 Locatenentibus
810 2933 986 3031 predictis
1013 2933 1255 3030 preludicium
1282 2933 1498 3020 alienatum
1526 2933 1616 3029 quin

115 3061 188 3158 ipsi
207 3059 413 3134 Auditores
441 3075 481 3133 et
507 3058 782 3134 Locatenentes
810 3059 884 3132 sint
911 3058 1080 3155 potiores
1108 3059 1144 3132 in
1162 3059 1401 3133 assecutione
1420 3056 1617 3133 beneficio·

116 3209 200 3257 rum
229 3183 359 3281 vigore
387 3183 592 3281 gratiarum
621 3207 690 3281 per
717 3207 786 3258 nos
804 3183 863 3256 vel
883 3182 1014 3256 sedem
1033 3181 1240 3279 predictam
1268 3183 1322 3256 eis
1350 3206 1616 3258 concessarum

115 3326 156 3382 et
183 3308 519 3394 concedendarum,
550 3332 594 3381 ac
612 3308 756 3383 illarum
776 3306 1094 3391 revalidationum,
1114 3309 1386 3395 extensionum,
1406 3305 1617 3405 ampliatio-

117 3457 208 3507 num
235 3449 276 3507 et
300 3431 558 3518 mutationum,
589 3432 837 3521 collationum,
868 3433 1040 3507 omnibu's
1068 3432 1259 3528 premissis
1286 3447 1326 3507 et
1352 3430 1433 3505 aliis
1460 3431 1617 3528 quibus-

116 3580 280 3652 cumque
307 3556 420 3629 etiam
449 3555 481 3629 si
507 3557 562 3629 eis
587 3574 626 3631 et
643 3557 883 3653 presentibus
911 3555 1043 3630 litteris
1072 3555 1286 3631 nominatim
1305 3579 1486 3652 expresse
1504 3553 1615 3629 dero-

115 3696 285 3779 garetur.
323 3678 516 3776 Quodque
548 3697 747 3776 presentes
780 3681 902 3756 littere
930 3683 1076 3776 absque
1104 3705 1151 3754 eo
1187 3680 1291 3777 quod
1320 3681 1355 3754 in
1384 3679 1616 3754 Cancellaria

115 3805 324 3902 apostolica
342 3821 408 3879 aut
427 3829 665 3902 quocumque
683 3805 755 3880 alio
774 3804 857 3880 loco
876 3805 1111 3902 publicentur
1129 3807 1179 3880 ab
1196 3831 1325 3880 eorum
1345 3805 1435 3879 data
1452 3803 1613 3893 valeant,

114 3931 344 4028 plenamque
363 3931 508 4004 roboris
527 3929 739 4005 firmitatem
758 3932 969 4018 obtineant;
991 3931 1158 4028 ipsisque
1179 3929 1424 4006 Auditoribus
1441 3945 1482 4005 et
1501 3931 1615 4005 Loca·

115 4055 333 4130 tenentibus
361 4057 396 4128 in
416 4055 549 4130 iudicio
568 4071 608 4130 et
625 4071 733 4130 extra
751 4055 925 4130 iudicium
943 4056 1098 4131 ubilibet
1115 4055 1367 4155 suffragentur
1385 4057 1420 4129 in
1441 4056 1616 4130 omnibus

113 4198 156 4253 et
197 4203 266 4276 per
300 4177 427 4253 omnia
467 4181 613 4275 absque
647 4179 950 4268 contradictione,
981 4181 1202 4277 exceptione
1238 4204 1305 4254 seu
1346 4179 1616 4277 impedimento

113 4303 426 4402 quibuscumque,
442 4328 486 4377 ac
505 4303 536 4376 si
554 4302 678 4377 littere
697 4304 778 4399 ipse
804 4304 896 4378 locis
915 4319 955 4378 et
972 4303 1146 4401 personis
1163 4328 1208 4377 ac
1227 4303 1459 4401 temporibus
1480 4301 1615 4376 debitis

114 4427 305 4527 publicate
339 4425 482 4514 forent,
511 4453 586 4502 non
623 4429 862 4504 obstantibus
896 4429 1089 4527 premissis
1121 4453 1164 4502 ac
1200 4427 1541 4502 Constitutionibus
1576 4442 1616 4502 et

114 4551 427 4627 Ordinationibus
454 4551 671 4661 apostolicis
690 4577 733 4626 ac
753 4552 883 4652 regula
911 4551 1141 4628 Cancellarie
1172 4553 1378 4650 apostolice
1404 4577 1614 4648 perquam

112 4679 213 4752 inter
240 4676 344 4774 ipsos
373 4677 579 4752 Auditores
615 4694 654 4751 et
688 4691 815 4752 certos
851 4677 946 4753 alios
983 4677 1174 4752 Officiales
1206 4679 1308 4752 sedis
1335 4676 1542 4775 apostolice
1570 4701 1613 4750 ac

113 4803 315 4878 familiares
344 4817 495 4878 nostros
524 4826 597 4877 non
624 4803 835 4901 descriptos
863 4820 903 4880 et
929 4805 1021 4879 alias
1056 4829 1240 4901 personas
1275 4805 1311 4876 in
1339 4829 1385 4878 ea
1412 4828 1614 4901 expressas
1677 4823 1686 4842 ·

111 4943 260 5005 certum
278 4929 447 5004 ordinem
462 4943 502 5003 et
520 4927 678 5003 formam
701 4953 816 5026 super
834 4928 1094 5028 prerogativis,
1115 4931 1259 5005 ratione
1278 4929 1483 5027 gratiarum
1503 4953 1614 5025 expe·

110 5054 338 5130 ctativarum
365 5054 420 5127 eis
447 5077 722 5139 concessarum,
743 5054 939 5151 posuimus
961 5054 1292 5140 etconcessimus;
1312 5076 1613 5149 aequatumque

110 5179 186 5253 alia
204 5176 372 5252 clausula
390 5176 492 5252 edita
510 5191 551 5252 et
567 5177 676 5265 lacta,
701 5177 760 5252 vel
780 5178 816 5252 in
835 5195 1029 5276 posterum
1048 5179 1119 5253 sub
1147 5202 1384 5274 quacumque
1412 5179 1612 5252 verborum

110 5303 234 5378 sonna
262 5301 410 5376 edenda
426 5317 467 5376 et
485 5301 663 5389 iacienda,
686 5326 848 5377 necnon
868 5302 1166 5398 quibuscumque
1185 5299 1330 5389 litteris,
1349 5299 1609 5401 prerogativis,

109 5426 415 5517 antelationibus‚
445 5425 692 5516 facultatibus,
717 5426 922 5528 privilegiis
941 5443 981 5502 et
997 5425 1149 5501 indultis
1167 5427 1476 5525 quibuscumque,
1498 5425 1611 5500 etiam
