3708 5918
221 310 257 370 60
373 365 376 370 ,
845 308 982 367 Soeculo
1002 306 1093 368 XIII

220 501 343 576 fratris
381 501 564 598 Aymonis
601 525 676 575 non
708 500 971 598 comparentis,
1000 524 1115 596 quam
1152 501 1409 598 reputavimus
1445 517 1709 587 contumacem,

221 628 256 699 in
284 626 416 702 eadem
445 651 559 700 causa
587 625 835 700 conclusimus
862 644 901 700 et
929 626 1126 701 habuimus
1155 651 1225 724 pro
1253 625 1438 700 concluso.
1469 624 1711 700 Postmodum

219 768 346 826 autem
365 752 557 825 dominum
570 750 891 848 archiepiscopum
907 769 946 826 et
964 750 1116 826 fratrem
1132 752 1342 848 Aymonem
1357 751 1548 848 predictos
1562 750 1713 826 lecimus

219 878 473 973 peremptorie
499 877 537 950 in
563 877 753 950 audientia
780 873 927 972 publica
954 877 1102 950 evocari
1132 891 1172 949 ut
1200 899 1325 950 coram
1354 875 1462 950 nobis
1490 899 1558 972 per
1583 900 1636 960 se,
1655 874 1715 950 vel

217 986 500 1098 procuratorem
531 1001 749 1099 legitimum,
781 1017 1051 1096 comparerent,
1082 1000 1130 1074 ad
1158 1000 1389 1075 diffinitivam
1418 1001 1642 1076 sententiam
1679 1003 1715 1073 in

218 1151 331 1200 causa
358 1126 570 1201 huiusmodi
597 1126 832 1212 audiendam,
862 1140 966 1200 certo
994 1127 1049 1200 eis
1076 1149 1191 1223 super
1222 1127 1301 1204 hoc¹
1322 1126 1480 1200 termino
1507 1125 1715 1224 assignato,

216 1277 323 1348 quos,
355 1253 441 1347 quia
471 1275 545 1325 non
574 1268 864 1347 comparuerunt
882 1275 1010 1347 perse
1029 1275 1098 1326 nec
1115 1251 1228 1324 etiam
1247 1275 1316 1347 per
1333 1249 1438 1338 alios,
1461 1251 1716 1348 reputavimus

217 1393 467 1452 contumaces.
500 1376 590 1462 Nos,
620 1401 724 1463 vero,
753 1377 842 1450 visis
868 1391 909 1450 et
934 1375 1073 1450 auditis
1099 1400 1144 1450 ac
1163 1375 1363 1474 diligenter
1380 1376 1559 1473 inspectis
1583 1381 1716 1450 instru-

218 1503 364 1590 mentis,
404 1502 618 1600 privilegiis,
658 1501 791 1576 litteris
824 1501 1061 1598 quibusdam,
1091 1501 1390 1597 depositionibus
1424 1500 1587 1588 testium,
1621 1501 1719 1576 actis

216 1626 350 1723 prioris
377 1652 503 1713 cause,
527 1643 566 1700 et
593 1628 674 1700 aliis
702 1626 986 1723 probationibus
1014 1643 1053 1700 et
1080 1625 1319 1700 munimentis
1339 1625 1531 1723 productis
1550 1649 1619 1722 per
1637 1648 1719 1700 ma·

213 1753 371 1852 gistrum
410 1751 631 1826 Gaufridum
676 1768 957 1847 procuratorem
995 1751 1215 1847 predictum,
1252 1775 1296 1824 ac
1335 1751 1479 1826 eisdem
1517 1749 1721 1849 diligenter

214 1877 417 1963 recensitis,
446 1876 666 1951 examinatis
693 1877 743 1950 ad
771 1875 923 1972 plenum
951 1891 991 1950 et
1017 1875 1210 1962 discussis,
1231 1876 1424 1950 nobiseum
1443 1874 1555 1971 plena
1573 1875 1719 1950 delibe-

217 2002 358 2077 ratione
386 2001 589 2098 prehabita,
621 2003 971 2098 communicatoque
998 1999 1152 2075 consilio
1180 2000 1397 2096 peritorum,
1416 2017 1457 2076 et
1483 2000 1581 2076 iacta
1600 2024 1720 2097 super

214 2127 391 2222 predictis
420 2151 504 2201 cunr
531 2125 612 2200 aliis
631 2125 863 2200 auditoribus
882 2126 1010 2222 palatii
1028 2125 1223 2222 apostolici
1241 2124 1489 2222 generalibus,
1516 2125 1722 2200 collatione

217 2253 296 2325 sive
325 2250 505 2326 relatione
532 2250 642 2335 fideli,
672 2266 710 2324 et
737 2275 761 2323 a
788 2251 1024 2325 sanctissimo
1053 2266 1160 2347 patre
1188 2250 1358 2345 predicto
1394 2249 1548 2324 domino
1580 2267 1720 2325 nostro

217 2374 418 2473 Gregorio,
456 2399 556 2472 papa
590 2373 654 2460 X⁰,
692 2374 956 2471 pronuntiandi
991 2377 1147 2450 obtenta
1187 2371 1345 2462 licentia,
1385 2373 1526 2449 Christi
1563 2377 1719 2450 nomine

215 2500 398 2585 invocato,
440 2479 616 2595 presente
652 2499 754 2573 dicto
801 2498 983 2597 magistro
1021 2498 1204 2574 Gaulrido
1247 2515 1493 2596 procuratore
1530 2501 1721 2575 dictorum

215 2623 362 2698 abbatis
390 2639 430 2696 et
457 2639 676 2710 conventus,
706 2640 746 2697 et
772 2625 995 2698 sententiam
1024 2624 1213 2696 ferricum
1234 2647 1373 2720 magna
1390 2624 1568 2698 instantia
1587 2641 1723 2721 postu·

215 2747 326 2834 lante,
359 2763 465 2842 parte
492 2749 656 2821 adversa
682 2735 841 2822 absente
869 2771 938 2843 per
964 2747 1246 2832 contumaciam,
1276 2749 1389 2821 citata
1421 2765 1546 2822 tamen
1575 2749 1725 2845 pluries

216 2872 252 2944 in
278 2872 468 2947 audientia
496 2872 644 2969 publiea
670 2874 720 2947 ad
748 2873 979 2946 diffinitivam
1007 2873 1229 2948 sententiam
1258 2874 1494 2960 audiendam,
1520 2873 1630 2948 cuius
1658 2877 1726 2951 ab·

216 2997 336 3072 sentia
365 2995 436 3070 Dei
469 2998 659 3093 presentia
692 2995 918 3094 replebatur,
947 3022 995 3071 ex
1031 3015 1142 3094 parte.
1176 2997 1360 3072 dictorum
1396 2998 1536 3074 domini
1572 3000 1725 3074 archie-

215 3122 359 3218 piscopi
372 3137 412 3195 et
430 3121 553 3196 fratris
573 3123 756 3219 Aymonis
778 3121 894 3197 luisse
912 3123 1010 3196 male
1027 3137 1067 3196 et
1085 3146 1284 3219 perperam
1302 3121 1543 3219 appellatum,
1560 3140 1602 3198 et
1620 3126 1725 3200 bene

214 3270 434 3342 processum
463 3263 503 3320 et
529 3248 810 3343 pronuntiatum
839 3271 905 3322 seu
935 3247 1202 3322 sententiatum
1231 3273 1300 3345 per
1324 3248 1464 3322 dictum
1491 3247 1726 3347 magistrum

216 3371 453 3444 Arditionem
490 3370 761 3446 sententialiter
796 3371 1007 3459 diffinimus,
1043 3371 1339 3470 pronuntiamus,
1360 3388 1408 3446 ,et
1440 3372 1553 3448 etiam
1589 3373 1725 3448 decla-

215 3519 353 3580 ramus,
382 3510 422 3568 et
456 3492 729 3592 appellationes
763 3495 962 3591 predictas,
1001 3513 1040 3570 et
1075 3497 1284 3593 quamlibet
1317 3521 1449 3571 earum
1484 3495 1648 3573 iniustas
1684 3513 1727 3572 et

214 3619 365 3693 frivolas
392 3618 576 3706 extitisse,
597 3637 637 3694 et
654 3619 837 3718 quidquid
856 3644 903 3694 ex
921 3621 1020 3694 dicta
1038 3622 1225 3695 sententia
1243 3637 1374 3696 contra
1392 3621 1727 3720 archiepiscopum

213 3760 252 3816 et
279 3742 431 3816 fratrem
458 3743 671 3839 Aymonem
699 3745 891 3840 predictos
920 3762 1090 3820 secutum
1118 3763 1245 3818 estex
1263 3769 1309 3820 ea
1327 3745 1387 3819 vel
1405 3747 1569 3832 obeam,
1592 3763 1725 3822 ratum

214 3884 253 3941 et
279 3866 426 3941 firmum
449 3866 683 3941 decrevimus
702 3891 935 3964 permanere,
957 3869 1172 3966 dictamque
1190 3869 1416 3944 sententiam
1436 3870 1724 3960 confirmantes,

213 3990 448 4064 decrevimus
474 3993 684 4066 executioni
713 3992 963 4068 mandandam
991 4011 1031 4068 et
1057 3993 1266 4090 predictum
1303 3994 1496 4070 dominum
1529 3996 1727 4094 archiepi-

214 4138 371 4210 scopum
396 4128 436 4189 et
461 4114 576 4190 etiam
604 4115 745 4190 dictum
773 4116 925 4192 fratrem
954 4120 1166 4214 Aymonem
1198 4133 1238 4192 et
1265 4116 1470 4214 quemlibet
1504 4121 1725 4195 eorundem

214 4241 249 4312 in
278 4238 455 4335 expensis
481 4239 657 4338 legitimis
684 4239 720 4313 in
748 4239 811 4316 lite
839 4241 1250 4345 sactissententialiter
1266 4244 1602 4340 condempnamus,
1625 4271 1729 4342 qua·

214 4388 295 4436 rum
324 4363 554 4438 taxationem
583 4364 690 4440 nobis
717 4365 755 4437 in
782 4380 978 4460 posterum
1007 4391 1254 4442 reservamus.
1285 4366 1381 4441 Lata
1406 4383 1447 4441 et
1473 4371 1730 4463 pronuntiata

212 4487 280 4562 luit
314 4488 350 4561 in
382 4487 529 4585 scriptis
561 4488 631 4562 hec
662 4491 848 4564 sententia
880 4491 1067 4588 Lugduni,
1097 4507 1273 4587 presente
1307 4493 1491 4590 magistro
1527 4492 1728 4571 Gaul‘rido

212 4627 457 4710 procuratore
485 4612 664 4709 predicto,
695 4615 880 4689 etaltera
915 4633 1023 4711 parte
1059 4617 1217 4690 absente
1254 4639 1323 4713 per
1358 4616 1652 4706 contumaciam,
1685 4639 1728 4696 et

210 4735 451 4833 presentibus
478 4739 592 4812 etiam
620 4738 780 4814 testibus
807 4740 960 4826 domino
987 4739 1126 4837 angelo
1162 4740 1211 4814 de
1239 4756 1369 4816 sancto
1397 4741 1558 4838 Lupidio
1597 4747 1728 4823 advo-

211 4879 297 4937 cato
324 4863 359 4934 in
387 4863 489 4936 curia
517 4862 698 4949 Romana,
719 4862 834 4938 fratre
853 4863 1000 4940 Thoma
1019 4865 1212 4953 monacho,
1234 4882 1275 4940 et
1291 4881 1536 4962 procuratore
1555 4866 1595 4940 in
1615 4873 1729 4946 curia

212 4986 429 5061 monasterii
457 4985 726 5075 Cluniacensis,
758 4990 934 5085 Bonaspe
961 4990 1010 5064 de
1038 4991 1177 5078 Asisio,
1207 4990 1360 5066 domino
1379 4990 1547 5067 Odorico
1565 4993 1730 5073 decano

213 5109 410 5198 Feltrensi,
439 5111 578 5185 Strufla
605 5127 646 5186 et
673 5111 812 5187 Gentili
840 5115 888 5186 de
916 5113 1061 5211 Figino,
1093 5114 1258 5212 Symone
1284 5117 1334 5190 de
1361 5116 1489 5191 Asisio
1525 5131 1565 5189 et
1596 5119 1730 5198 Gerio

210 5237 258 5310 de
286 5237 430 5318 Aretio,
462 5236 615 5310 notariis
643 5238 785 5312 vocatis
813 5253 852 5311 et
880 5238 1035 5337 rogatis,
1066 5239 1137 5313 sub
1170 5263 1270 5314 anno
1303 5239 1457 5315 Domini
1483 5263 1727 5333 mcccxxurr,

212 5361 416 5436 indictione
434 5367 490 5448 11⁸,
512 5360 572 5434 die
591 5385 615 5432 v
643 5363 815 5438 intrantis
843 5365 984 5438 mensis
1011 5364 1187 5451 octobris,
1207 5364 1243 5438 in
1267 5361 1409 5462 palatio
1431 5364 1573 5440 domini
1605 5394 1729 5470 pape,
