3720 5914
269 305 322 364 162
906 301 1042 362 soeculo
1060 301 1092 360 X
1101 301 1130 360 V

267 524 310 573 ac
330 499 360 572 si
380 500 598 573 mandatum
618 496 878 594 suspensionis
896 497 1079 570 adversus
1098 520 1185 570 eum
1202 520 1228 570 a
1246 495 1354 571 nobis
1368 495 1580 571 nullatenus
1595 521 1763 571 emanas-

268 637 339 698 set.
368 623 409 697 ln
436 621 663 698 contrarium
690 622 910 696 facientibus
929 645 1004 694 non
1023 620 1260 695 obstantibus
1278 621 1589 720 quibuscumque.
1620 621 1762 696 Datum

269 747 387 835 Senis,
418 749 490 822 sub
516 746 655 822 annulo
683 746 890 842 piscatoris,
917 745 977 819 die
996 767 1021 816 v
1038 744 1164 842 aprilis
1183 768 1364 832 menceus,
1386 745 1626 842 pontificatus
1646 748 1763 820 nostri

272 896 370 947 anno
403 871 581 947 secundo.

1228 1012 1277 1088 la.
1308 1012 1357 1087 de
1386 1012 1712 1087 Piccolominibus

983 1381 1048 1460 93.

274 1559 345 1633 Pio
373 1561 424 1634 II
443 1561 563 1660 Papa.
580 1606 606 1617 -
622 1561 846 1635 Mandatum
874 1557 1201 1636 Vae-cancellani
1215 1560 1260 1633 de
1276 1561 1481 1662 recipiendo
1499 1563 1539 1635 in
1546 1561 1721 1657 fratrem
1738 1572 1771 1635 et
1843 1581 1844 1584 ’

356 1683 609 1758 Coauditorem
637 1685 804 1760 nuatum
831 1683 875 1758 de
902 1683 1122 1771 Pencoe'tdic,
1152 1685 1298 1759 electum
1327 1685 1498 1761 Briocen.
1843 1695 1844 1726 l

341 1855 456 1926 (Anca.
474 1855 561 1928 Ron,
585 1855 839 1916 ‹Admr'ssiones
850 1879 877 1928 »,
892 1860 980 1928 part.
992 1853 1021 1927 I,
1038 1853 1104 1913 Pio
1121 1853 1168 1928 II,
1186 1872 1219 1914 n.
1236 1855 1278 1928 3).

1272 2029 1351 2104 1460,
1371 2029 1554 2090 decembris
1572 2031 1618 2103 20,
1635 2029 1770 2091 Romae.

352 2211 433 2286 Nos
462 2211 682 2300 Rodericus,
704 2213 942 2286 miseratione
960 2211 1083 2286 divina
1103 2211 1230 2286 Sancti
1259 2211 1403 2287 Nicolai
1430 2212 1467 2286 in
1494 2211 1655 2288 Carcere
1685 2213 1771 2288 Tul·

272 2335 371 2411 liano
400 2333 592 2411 Diaconus
620 2335 829 2411 Cardinalis
859 2352 988 2411 sancte
1026 2338 1197 2411 Romane
1233 2337 1388 2412 ecclesie
1421 2335 1768 2425 Vicecancellarius,
1843 2319 1844 2344 ¹

272 2463 379 2538 vobis
419 2463 694 2537 venerabilibus
735 2478 775 2536 et
815 2463 1082 2559 circonspectis
1119 2461 1218 2549 viris,
1257 2461 1417 2536 dominis
1454 2463 1608 2538 Iohanni
1650 2463 1771 2537 didaci

272 2585 320 2660 de
349 2609 439 2659 coca
468 2585 624 2661 Decano
652 2586 862 2684 ceterisque
895 2585 1023 2684 palatii
1057 2586 1254 2683 apostolici
1281 2612 1479 2662 causarum
1507 2587 1768 2672 Auditoribus,

273 2709 421 2786 Harum
453 2709 549 2785 serie
586 2709 818 2787 notificamus
845 2728 885 2786 et
916 2711 1096 2787 certiores
1125 2709 1315 2788 reddimus
1343 2713 1503 2808 qualiter
1531 2736 1652 2810 nuper
1681 2712 1769 2786 San·

271 2836 459 2910 ctissimus
488 2835 524 2909 in
553 2835 705 2910 Christo
734 2852 844 2932 pater
871 2853 910 2912 et
937 2837 1111 2911 dominus
1143 2850 1283 2924 noster,
1314 2837 1488 2911 dominus
1520 2837 1616 2912 Pius
1647 2837 1770 2911 divina

273 2960 509 3056 providentia
537 2984 636 3058 papa
671 2959 850 3035 secundus
886 2987 913 3039 r.
944 2987 980 3060 p.
1011 2961 1203 3037 dominum
1240 2961 1416 3037 Iacobum
1452 2961 1501 3036 de
1534 2962 1767 3045 Pencoetdic,

272 3084 432 3160 electum
462 3085 645 3173 Briocen.,
675 3087 870 3184 utriusque
897 3085 987 3160 iuris
1015 3085 1235 3172 Ductorem,
1263 3087 1300 3160 in
1329 3085 1574 3184 Capellanum
1603 3111 1714 3161 suurn
1733 3099 1770 3158 et

271 3209 441 3285 eiusdem
482 3209 609 3306 palatii
650 3235 847 3286 causarum
885 3211 1109 3286 Auditorem
1146 3212 1298 3308 recepit,
1335 3235 1491 3286 numero
1532 3228 1573 3286 et
1612 3211 1769 3310 collegio
1843 3271 1844 3276 ,

271 3334 492 3409 eorumdem
511 3334 737 3410 Auditomm
761 3335 882 3432 ipsum
911 3337 1172 3435 aggregando,
1193 3335 1306 3433 recipi
1328 3350 1368 3409 et
1394 3335 1541 3410 admitti
1567 3335 1768 3421 mandavit,

272 3473 385 3556 prout
412 3459 447 3532 in
476 3459 640 3554 quadam
678 3459 799 3557 papiri
831 3459 974 3548 cedula,
1004 3460 1121 3556 ipsius
1157 3458 1295 3534 domini
1324 3459 1442 3534 nostri
1469 3484 1581 3534 manu
1610 3460 1767 3558 signata.

272 3584 377 3658 cuius
406 3599 515 3658 tenor
541 3585 590 3658 de
617 3585 734 3658 verbo
762 3584 810 3658 ad
838 3586 994 3660 verbum
1022 3585 1193 3683 sequitur
1219 3584 1255 3658 in
1284 3583 1437 3660 modurn
1457 3587 1768 3682 subsequentem:

273 3709 382 3784 Motu
401 3708 556 3806 proprio
575 3709 750 3784 dilectum
769 3709 883 3784 filium
902 3709 1077 3786 Iacobum
1095 3709 1143 3784 de
1163 3711 1396 3796 Pencoetdic
1414 3708 1585 3784 Electum
1602 3709 1768 3786 Briocen.

272 3835 468 3930 utriusque
491 3834 579 3907 iuris
599 3833 804 3923 doctorem,
825 3833 861 3908 in
882 3835 1126 3932 Capelianum
1156 3851 1326 3910 nostrum
1353 3849 1393 3908 et
1420 3859 1619 3910 causarum
1646 3833 1770 3931 palatii

144 4061 149 4072 ἱ
272 3957 468 4055 apostolici
503 3957 726 4032 Auditorem
765 3972 896 4034 tenore
932 3960 1164 4056 presentium
1201 3959 1436 4034 nominamus
1473 3972 1512 4032 et
1553 3957 1769 4035 dilectorum

273 4082 431 4158 filiorum
452 4082 677 4157 Auditorum
709 4084 836 4180 palatii
862 4083 1020 4181 predicti
1049 4083 1195 4183 colegio
1218 4099 1258 4159 et
1284 4083 1474 4158 consortio
1501 4108 1767 4182 aggregamus.

271 4208 499 4282 Mandantes
518 4207 765 4284 Auditoribus
793 4209 947 4306 prelatis
966 4209 1004 4284 in
1030 4210 1168 4284 virtute
1188 4224 1317 4284 sancte
1344 4209 1556 4285 obedientie
1585 4225 1769 4306 quatenus

273 4333 412 4407 dictum
440 4332 626 4417 Iacobum,
648 4335 807 4408 servatis
835 4335 1029 4409 servandis
1049 4335 1253 4409 secundum
1277 4333 1565 4409 constitutiones
1592 4335 1766 4431 ipsorum,

273 4458 307 4530 in
336 4455 520 4556 collegam
549 4474 588 4532 et
620 4459 655 4530 in
684 4457 835 4534 fratrem
866 4460 1044 4556 recipiant
1072 4475 1111 4532 et
1138 4459 1347 4535 admittant.
1379 4460 1428 4533 Et
1455 4457 1632 4534 dilectum
1660 4460 1769 4534 filium

273 4599 444 4656 nostrum
475 4582 701 4658 Rodericum
730 4583 769 4657 S.
800 4585 943 4660 Nicolai
971 4584 1177 4658 incarcere
1202 4583 1376 4659 Tulliano
1395 4584 1489 4660 diac.
1512 4583 1624 4659 Card.
1646 4599 1769 4660 sancte

275 4707 385 4781 Rom.
407 4706 540 4780 eccles.
562 4705 913 4782 Vicecancellarium
933 4707 1042 4782 huius
1071 4707 1187 4782 nostri
1207 4707 1374 4782 mandati
1392 4721 1633 4782 executorem
1660 4709 1769 4804 depu-

275 4844 421 4906 tamus:
465 4832 500 4904 in
542 4831 767 4906 contrarium
808 4831 1030 4908 iacientibus
1067 4858 1143 4908 non
1184 4833 1422 4908 obstantibus
1463 4833 1767 4930 quibuscumque.

277 4955 413 5042 Placet,
443 4955 486 5027 E
504 4999 531 5011 -
560 4955 732 5054 Cumque
761 4957 975 5032 intentionis
1002 4958 1120 5055 ipsius
1150 4957 1227 5032 Sriri
1255 4959 1291 5032 d.
1314 4983 1349 5032 n.
1378 4981 1478 5053 pape
1507 4959 1646 5032 existat
1672 4953 1768 5054 quod

276 5080 444 5176 prelatus
474 5081 645 5156 dominus
675 5080 827 5155 Electus
855 5107 924 5178 per
950 5106 1020 5156 nos
1055 5083 1105 5156 ad
1143 5082 1360 5156 exercitium
1393 5082 1503 5157 officii
1539 5083 1768 5158 auditoratus

276 5228 472 5279 causarum
501 5205 711 5280 huiusmodi
740 5206 961 5300 admittatur
992 5223 1031 5281 et
1064 5232 1220 5282 numero
1248 5231 1292 5282 ac
1328 5209 1518 5282 consortio
1547 5207 1767 5281 Auditorum

275 5355 473 5404 causarum
511 5331 598 5404 dicti
630 5331 756 5427 palatii
797 5343 1045 5430 aggregetur,
1083 5357 1229 5429 nosque
1271 5335 1319 5407 de
1360 5349 1399 5408 et
1440 5357 1556 5430 super
1592 5329 1769 5408 contentis
