3718 5918
253 357 308 418 tos
869 357 1006 416 Soecuto
1024 357 1149 416 XVIII

252 550 445 625 cadaveris
474 551 622 624 luerunt
649 547 860 624 celebratae
885 573 967 621 cum
988 550 1048 624 illa
1068 551 1196 624 maiori
1220 549 1457 625 solemnitate
1475 576 1574 649 quae
1594 553 1756 628 debetur
1843 637 1844 666 ¹

250 676 373 750 eidem
401 675 557 761 muneri,
578 700 653 748 non
680 699 771 748 vero
799 698 882 747 cum
910 673 971 748 illa
1000 675 1108 749 solita
1135 675 1255 748 lorma
1274 701 1373 771 quae
1390 677 1586 772 practicari
1605 675 1753 752 debuis·
1843 753 1844 760 ,

249 817 308 875 set
337 799 372 873 in
401 787 557 896 simplici
584 799 771 874 Auditore
800 799 917 873 nostri
945 797 1167 881 Tribunalis.
1199 799 1251 871 ita
1287 799 1438 874 iubente
1475 816 1515 874 et
1550 803 1752 875 mandante

253 926 364 1000 Ssriro
403 925 450 998 D.
491 924 537 1000 N.
575 923 770 998 Clemente
807 922 873 1010 XI,
913 923 976 1019 qui
1014 923 1130 998 voluit
1167 924 1263 996 hanc
1301 923 1575 999 solemnitatem
1609 927 1752 1000 servari
1843 967 1844 972 ,

252 1051 424 1149 quamvis
451 1051 551 1124 idem
580 1049 640 1123 bo.
672 1073 741 1123 me.
766 1047 986 1123 Cafsarellus
1015 1049 1233 1122 mandasset
1254 1073 1323 1145 per
1342 1049 1468 1123 lolium
1490 1050 1648 1124 Notario
1667 1076 1752 1124 con·

252 1177 452 1276 signatum,
483 1176 564 1248 eius
593 1173 809 1248 intentionis
837 1197 934 1260 esse,
964 1189 1008 1278 ut
1033 1172 1114 1248 eius
1145 1172 1256 1247 lunus
1284 1173 1536 1248 celebraretur
1562 1201 1609 1249 eo
1638 1177 1752 1250 modo

252 1326 329 1398 quo
357 1300 477 1375 suerat
505 1300 749 1397 practicatum
779 1299 815 1372 in
843 1298 946 1374 obitu
975 1301 1036 1374 bo.
1068 1323 1140 1373 me.
1172 1299 1217 1372 R.
1248 1298 1287 1376 P.
1309 1299 1357 1374 D.
1380 1299 1475 1374 Muti
1503 1316 1542 1374 et
1570 1302 1616 1376 R.
1640 1302 1678 1376 P.
1699 1302 1748 1377 D.

254 1427 315 1510 Pii,
337 1427 478 1524 pariter
504 1424 613 1498 huius
642 1424 759 1498 nostri
787 1423 1000 1498 Tribunalis
1028 1422 1267 1509 Auditorum,
1288 1424 1377 1497 dum
1405 1423 1593 1501 vivebant.
1615 1426 1751 1500 Came·
1843 1449 1844 1452 ’

253 1551 411 1624 rariatus
440 1547 652 1622 Tribunalis
680 1548 798 1622 nostri
817 1572 885 1646 per
903 1549 1045 1621 obitum
1065 1545 1223 1644 praefati
1243 1547 1290 1623 R.
1312 1546 1350 1621 P.
1374 1547 1422 1623 D.
1444 1548 1630 1623 Caffarelli
1648 1551 1752 1624 dela·

253 1693 314 1750 tus
341 1675 409 1750 suit
436 1674 484 1748 ad
514 1674 558 1748 R.
591 1674 628 1748 P.
661 1673 709 1748 D.
739 1673 1022 1748 Aldrovandum
1051 1697 1120 1768 per
1147 1672 1336 1746 biennium
1365 1673 1526 1750 solitum.

836 2035 845 2096 f
954 2022 1045 2106 392.

252 2191 451 2265 Decretum
478 2191 596 2264 Rotae
622 2188 723 2286 quod
745 2190 871 2263 nullus
890 2189 1055 2264 Auditor
1068 2198 1254 2289 proponat
1269 2215 1417 2263 causam
1432 2203 1509 2289 pro
1526 2192 1752 2288 expeditione

332 2317 408 2390 nisi
430 2341 547 2390 secum
574 2313 721 2410 deserat
744 2315 908 2388 cedulam
933 2315 1128 2389 sententia
1154 2339 1235 2386 cum
1256 2315 1423 2387 citatione
1448 2315 1504 2388 ad
1525 2319 1749 2402 sententium,

331 2441 389 2515 vel
403 2440 600 2538 simplicem
617 2439 831 2527 atatem,
846 2438 1135 2536 conregnandum
1153 2438 1223 2512 uni
1236 2464 1285 2510 ex
1304 2439 1423 2512 Rotae
1440 2440 1614 2514 Notariis
1633 2442 1750 2514 imme·

331 2565 430 2640 deute
448 2575 535 2664 post
561 2566 708 2642 Rotam.

330 2721 447 2794 (Aaou.
466 2721 552 2794 Rom,
576 2719 701 2779 «Liber
718 2719 753 2778 S.
772 2719 886 2792 Rotae,
904 2735 938 2778 n.
956 2718 1021 2792 2»,
1035 2725 1114 2794 pag.
1132 2719 1211 2790 117).

762 2923 834 2996 Die
865 2944 912 3019 27
942 2922 1099 2996 lanuarii
1131 2944 1242 3016 ¹713·

334 3083 532 3181 Completa
559 3069 788 3157 resolutione
817 3081 1028 3156 Causarum
1056 3105 1221 3177 sequens
1245 3081 1449 3156 Decretum
1469 3086 1653 3158 sancitum
1672 3085 1743 3169 luit,

251 3210 582 3288 intervenientibus
602 3208 683 3284 RR.
707 3207 773 3282 ΡΡ.
798 3206 885 3282 DD.
906 3206 1049 3290 Scotto,
1072 3205 1254 3292 Ansald0,
1275 3205 1468 3295 Lancetta,
1489 3209 1742 3292 Aldrovando,
1763 3303 1769 3320 Ι

252 3334 482 3420 Falconerio,
515 3331 671 3427 Crispo:

290 3481 293 3488 ·
339 3459 416 3533 «ln
444 3457 664 3557 quaestione
693 3455 848 3529 suborta
875 3479 992 3551 super
1017 3454 1255 3552 expeditione
1284 3481 1481 3530 causarum
1507 3459 1556 3530 ad
1585 3483 1746 3555 conque·

259 3586 456 3660 ‹stionem
486 3581 726 3654 Notariorum
757 3579 826 3654 rite
862 3603 1051 3677 perpensa
1079 3594 1118 3654 et
1145 3580 1356 3654 examinata
1385 3579 1667 3658 Constitutione
1693 3609 1743 3658 sa.
1843 3623 1844 3630 .

259 3735 367 3785 «me.
390 3704 593 3780 innocentii
621 3704 703 3788 XII,
723 3707 759 3778 in
783 3703 878 3778 illius
908 3703 1071 3778 Bullario
1089 3702 1125 3778 la
1146 3728 1206 3798 34,
1228 3705 1479 3780 adhaerentes
1506 3706 1602 3782 illius
1630 3706 1746 3783 tenori
1843 3751 1844 3818 p

259 3834 544 3908 «decreverunt
571 3831 673 3928 quod
706 3830 742 3903 in
779 3847 974 3927 posterum
1011 3827 1133 3904 nullus
1170 3831 1332 3905 Auditor
1367 3849 1556 3928 proponat
1585 3832 1743 3908 Causam

259 3983 364 4057 «pro
392 3956 644 4054 expeditione,
674 3953 744 4028 nisi
772 3979 899 4027 secum
928 3953 1074 4029 deserat
1102 3953 1271 4028 cedulam
1310 3955 1519 4032 sententiae
1545 3981 1630 4030 curn
1660 3959 1744 4031 cita-

259 4085 396 4157 ‹tione
422 4081 472 4156 ad
502 4079 736 4166 sententiam,
767 4095 807 4152 et
833 4078 896 4152 ubi
925 4077 1053 4153 Causa
1081 4079 1129 4153 sit
1163 4079 1400 4176 expedienda
1428 4106 1497 4178 per
1529 4081 1739 4169 Decretum,

258 4208 499 4304 «simplicem
527 4205 751 4308 citationem,
782 4205 924 4278 adeout
950 4221 1138 4300 quatenus
1173 4205 1325 4279 Domini
1358 4204 1562 4279 decernant
1595 4207 1742 4304 expedi·

257 4332 444 4417 ‹tionem
475 4331 596 4429 possit
624 4329 787 4403 Auditor
815 4328 998 4402 Cedulam
1034 4327 1271 4404 subscribere
1297 4329 1334 4402 in
1363 4330 1462 4404 Rota
1489 4346 1529 4404 et
1555 4331 1740 4405 decretum

256 4457 385 4531 «dare
414 4455 583 4542 Notario,
615 4456 813 4529 terminata
842 4454 953 4540 Rota,
982 4452 1032 4527 ad
1059 4477 1172 4549 quem
1201 4454 1374 4530 eflectum
1409 4456 1659 4551 praecipiatur
1685 4455 1739 4528 uni

257 4615 274 4654 e
293 4608 341 4656 ex
370 4581 536 4656 Notariis
565 4604 693 4655 sacrae
723 4579 845 4653 Rotae
873 4578 937 4675 qui
957 4603 1025 4674 per
1042 4578 1209 4652 Turnum
1229 4579 1386 4654 accedat
1405 4581 1441 4652 in
1461 4579 1630 4675 qualibet
1648 4582 1734 4653 Rota

256 4732 364 4804 <pro
392 4706 611 4804 recipiendis
639 4723 679 4780 et
705 4704 936 4802 publicandis
966 4704 1120 4778 Cedulis
1147 4721 1187 4778 et
1216 4704 1390 4779 Decretis
1409 4702 1618 4779 Causarum
1638 4729 1737 4800 expe-

258 4833 455 4906 rditarum
476 4860 512 4906 t.
