<?xml version="1.0" encoding="UTF-8"?>
<!DOCTYPE html PUBLIC "-//W3C//DTD XHTML 1.0 Transitional//EN"
    "http://www.w3.org/TR/xhtml1/DTD/xhtml1-transitional.dtd">
<html xmlns="http://www.w3.org/1999/xhtml" xml:lang="en" lang="en">
 <head>
  <title>
</title>
<meta http-equiv="Content-Type" content="text/html;charset=utf-8" />
  <meta name='ocr-system' content='tesseract 3.04.00' />
  <meta name='ocr-capabilities' content='ocr_page ocr_carea ocr_par ocr_line ocrx_word'/>
</head>
<body>
  <div class='ocr_page' id='page_1' title='image "./capellanipapaee00cercgoog_0494.png"; bbox 0 0 3718 5918; ppageno 0'>
   <div class='ocr_carea' id='block_1_1' title="bbox 275 313 1158 376">
    <p class='ocr_par' dir='ltr' id='par_1_1' title="bbox 275 313 1158 376">
     <span class='ocr_line' id='line_1_1' title="bbox 275 313 1158 376; baseline 0.003 -4"><span class='ocrx_word' id='word_1_1' title='bbox 275 313 330 372; x_wconf 76' lang='lat' dir='ltr'>too</span> <span class='ocrx_word' id='word_1_2' title='bbox 507 321 512 334; x_wconf 92' lang='grc'><em>·</em></span> <span class='ocrx_word' id='word_1_3' title='bbox 900 315 1037 374; x_wconf 85' lang='lat' dir='ltr'>Saeculo</span> <span class='ocrx_word' id='word_1_4' title='bbox 1055 315 1088 374; x_wconf 87' lang='lat' dir='ltr'><em>X</em></span> <span class='ocrx_word' id='word_1_5' title='bbox 1096 315 1158 376; x_wconf 91' lang='lat' dir='ltr'>VII</span> 
     </span>
    </p>
   </div>
   <div class='ocr_carea' id='block_1_2' title="bbox 273 506 1830 1601">
    <p class='ocr_par' dir='ltr' id='par_1_2' title="bbox 273 506 1830 1601">
     <span class='ocr_line' id='line_1_2' title="bbox 275 506 1755 605; baseline 0.003 -25"><span class='ocrx_word' id='word_1_6' title='bbox 275 507 363 580; x_wconf 89' lang='lat' dir='ltr'>mibi</span> <span class='ocrx_word' id='word_1_7' title='bbox 391 507 594 582; x_wconf 87' lang='lat' dir='ltr'>contulisse</span> <span class='ocrx_word' id='word_1_8' title='bbox 621 533 705 582; x_wconf 92' lang='lat' dir='ltr'>cum</span> <span class='ocrx_word' id='word_1_9' title='bbox 735 506 987 583; x_wconf 86' lang='lat' dir='ltr'>declaratione</span> <span class='ocrx_word' id='word_1_10' title='bbox 1006 509 1110 605; x_wconf 92' lang='lat' dir='ltr'>quod</span> <span class='ocrx_word' id='word_1_11' title='bbox 1139 524 1354 583; x_wconf 88' lang='lat' dir='ltr'>servaretur</span> <span class='ocrx_word' id='word_1_12' title='bbox 1372 507 1522 584; x_wconf 90' lang='lat' dir='ltr'>solitum</span> <span class='ocrx_word' id='word_1_13' title='bbox 1542 510 1579 583; x_wconf 92' lang='lat' dir='ltr'>in</span> <span class='ocrx_word' id='word_1_14' title='bbox 1606 511 1755 586; x_wconf 87' lang='lat' dir='ltr'>sedendo</span> 
     </span>
     <span class='ocr_line' id='line_1_3' title="bbox 273 633 1756 730; baseline 0.003 -24"><span class='ocrx_word' id='word_1_15' title='bbox 273 634 322 708; x_wconf 93' lang='lat' dir='ltr'>ab</span> <span class='ocrx_word' id='word_1_16' title='bbox 350 633 633 707; x_wconf 82' lang='lat' dir='ltr'>immemorabili</span> <span class='ocrx_word' id='word_1_17' title='bbox 660 647 852 707; x_wconf 86' lang='lat' dir='ltr'>servatum</span> <span class='ocrx_word' id='word_1_18' title='bbox 880 649 920 707; x_wconf 92' lang='lat' dir='ltr'>et</span> <span class='ocrx_word' id='word_1_19' title='bbox 948 633 1191 730; x_wconf 86' lang='lat' dir='ltr'>practicatum</span> <span class='ocrx_word' id='word_1_20' title='bbox 1221 693 1229 710; x_wconf 91' lang='lat'><strong>.</strong></span> <span class='ocrx_word' id='word_1_21' title='bbox 1262 694 1269 711; x_wconf 92' lang='lat'><strong>.</strong></span> <span class='ocrx_word' id='word_1_22' title='bbox 1302 693 1309 710; x_wconf 93' lang='lat'><strong>.</strong></span> <span class='ocrx_word' id='word_1_23' title='bbox 1341 659 1463 730; x_wconf 90' lang='lat' dir='ltr'>usque</span> <span class='ocrx_word' id='word_1_24' title='bbox 1489 636 1539 709; x_wconf 89' lang='lat' dir='ltr'>ad</span> <span class='ocrx_word' id='word_1_25' title='bbox 1558 654 1756 710; x_wconf 89' lang='lat' dir='ltr'>controver-</span> 
     </span>
     <span class='ocr_line' id='line_1_4' title="bbox 275 756 1754 856; baseline 0.003 -26"><span class='ocrx_word' id='word_1_26' title='bbox 275 757 368 831; x_wconf 90' lang='lat' dir='ltr'>siam</span> <span class='ocrx_word' id='word_1_27' title='bbox 388 774 529 831; x_wconf 91' lang='lat' dir='ltr'>motam</span> <span class='ocrx_word' id='word_1_28' title='bbox 549 782 617 854; x_wconf 91' lang='lat' dir='ltr'>per</span> <span class='ocrx_word' id='word_1_29' title='bbox 649 756 692 834; x_wconf 92' lang='lat' dir='ltr'>cl.</span> <span class='ocrx_word' id='word_1_30' title='bbox 715 783 784 834; x_wconf 89' lang='lat' dir='ltr'>me.</span> <span class='ocrx_word' id='word_1_31' title='bbox 810 757 964 832; x_wconf 86' lang='lat' dir='ltr'>Celsum</span> <span class='ocrx_word' id='word_1_32' title='bbox 984 775 1074 856; x_wconf 89' lang='lat' dir='ltr'>post</span> <span class='ocrx_word' id='word_1_33' title='bbox 1093 759 1322 856; x_wconf 81' lang='lat' dir='ltr'>subrogatos</span> <span class='ocrx_word' id='word_1_34' title='bbox 1336 759 1543 835; x_wconf 88' lang='lat' dir='ltr'>Auditores</span> <span class='ocrx_word' id='word_1_35' title='bbox 1564 760 1729 837; x_wconf 87' lang='lat' dir='ltr'>Rotae..</span> <span class='ocrx_word' id='word_1_36' title='bbox 1749 822 1754 835; x_wconf 95' lang='lat'><strong>.</strong></span> 
     </span>
     <span class='ocr_line' id='line_1_5' title="bbox 273 857 1757 980; baseline 0.001 -24"><span class='ocrx_word' id='word_1_37' title='bbox 273 883 309 956; x_wconf 92' lang='lat' dir='ltr'>in</span> <span class='ocrx_word' id='word_1_38' title='bbox 338 881 461 957; x_wconf 91' lang='lat' dir='ltr'>locum</span> <span class='ocrx_word' id='word_1_39' title='bbox 489 881 813 958; x_wconf 91' lang='lat' dir='ltr'>Subdiaconorum</span> <span class='ocrx_word' id='word_1_40' title='bbox 843 882 1048 980; x_wconf 87' lang='lat' dir='ltr'>Cappellae</span> <span class='ocrx_word' id='word_1_41' title='bbox 1076 857 1175 956; x_wconf 81' lang='lat' dir='ltr'>Rn&#39;o</span> <span class='ocrx_word' id='word_1_42' title='bbox 1209 883 1248 958; x_wconf 92' lang='lat' dir='ltr'>P.</span> <span class='ocrx_word' id='word_1_43' title='bbox 1270 882 1449 958; x_wconf 87' lang='lat' dir='ltr'>Generali</span> <span class='ocrx_word' id='word_1_44' title='bbox 1469 883 1563 962; x_wconf 91' lang='lat' dir='ltr'>Ord.</span> <span class='ocrx_word' id='word_1_45' title='bbox 1586 885 1625 960; x_wconf 78' lang='lat' dir='ltr'>S.</span> <span class='ocrx_word' id='word_1_46' title='bbox 1648 886 1757 960; x_wconf 90' lang='lat' dir='ltr'>Domi·</span> 
     </span>
     <span class='ocr_line' id='line_1_6' title="bbox 273 1006 1830 1105; baseline 0.006 -24"><span class='ocrx_word' id='word_1_47' title='bbox 273 1006 342 1081; x_wconf 92' lang='lat' dir='ltr'>nici</span> <span class='ocrx_word' id='word_1_48' title='bbox 372 1068 379 1082; x_wconf 91' lang='lat'><strong>.</strong></span> <span class='ocrx_word' id='word_1_49' title='bbox 412 1068 419 1084; x_wconf 90' lang='lat'><strong>.</strong></span> <span class='ocrx_word' id='word_1_50' title='bbox 451 1063 460 1080; x_wconf 90' lang='lat'><strong>.</strong></span> <span class='ocrx_word' id='word_1_51' title='bbox 490 1007 540 1080; x_wconf 89' lang='lat' dir='ltr'>Et</span> <span class='ocrx_word' id='word_1_52' title='bbox 559 1031 690 1080; x_wconf 89' lang='lat' dir='ltr'>revera</span> <span class='ocrx_word' id='word_1_53' title='bbox 708 1007 1001 1104; x_wconf 89' lang='lat' dir='ltr'>praesupposita</span> <span class='ocrx_word' id='word_1_54' title='bbox 1019 1007 1350 1083; x_wconf 88' lang='lat' dir='ltr'>incontrovertibili</span> <span class='ocrx_word' id='word_1_55' title='bbox 1369 1009 1633 1105; x_wconf 87' lang='lat' dir='ltr'>praecedentia</span> <span class='ocrx_word' id='word_1_56' title='bbox 1652 1009 1756 1084; x_wconf 89' lang='lat' dir='ltr'>Gene·</span> <span class='ocrx_word' id='word_1_57' title='bbox 1829 1061 1830 1090; x_wconf 59' lang='lat' dir='ltr'>r</span> 
     </span>
     <span class='ocr_line' id='line_1_7' title="bbox 273 1109 1830 1231; baseline 0.003 -27"><span class='ocrx_word' id='word_1_58' title='bbox 273 1131 360 1205; x_wconf 90' lang='lat' dir='ltr'>ralis</span> <span class='ocrx_word' id='word_1_59' title='bbox 389 1157 510 1227; x_wconf 90' lang='lat' dir='ltr'>usque</span> <span class='ocrx_word' id='word_1_60' title='bbox 539 1131 588 1205; x_wconf 90' lang='lat' dir='ltr'>ab</span> <span class='ocrx_word' id='word_1_61' title='bbox 615 1131 718 1205; x_wconf 91' lang='lat' dir='ltr'>initio</span> <span class='ocrx_word' id='word_1_62' title='bbox 747 1131 939 1206; x_wconf 90' lang='lat' dir='ltr'>institutae</span> <span class='ocrx_word' id='word_1_63' title='bbox 968 1130 1300 1231; x_wconf 82' lang='lat' dir='ltr'>Congregationis,</span> <span class='ocrx_word' id='word_1_64' title='bbox 1330 1156 1406 1207; x_wconf 92' lang='lat' dir='ltr'>non</span> <span class='ocrx_word' id='word_1_65' title='bbox 1434 1133 1634 1209; x_wconf 90' lang='lat' dir='ltr'>videbatur</span> <span class='ocrx_word' id='word_1_66' title='bbox 1660 1161 1758 1231; x_wconf 84' lang='lat' dir='ltr'>expe-</span> <span class='ocrx_word' id='word_1_67' title='bbox 1829 1109 1830 1120; x_wconf 9' lang='grc' dir='ltr'>ἵ</span> 
     </span>
     <span class='ocr_line' id='line_1_8' title="bbox 273 1255 1759 1353; baseline 0.001 -23"><span class='ocrx_word' id='word_1_68' title='bbox 273 1258 409 1330; x_wconf 89' lang='lat' dir='ltr'>ctanda</span> <span class='ocrx_word' id='word_1_69' title='bbox 438 1255 485 1329; x_wconf 91' lang='lat' dir='ltr'>de</span> <span class='ocrx_word' id='word_1_70' title='bbox 514 1256 593 1329; x_wconf 91' lang='lat' dir='ltr'>iure</span> <span class='ocrx_word' id='word_1_71' title='bbox 620 1257 691 1330; x_wconf 91' lang='lat' dir='ltr'>alia</span> <span class='ocrx_word' id='word_1_72' title='bbox 719 1256 884 1331; x_wconf 88' lang='lat' dir='ltr'>definitio</span> <span class='ocrx_word' id='word_1_73' title='bbox 902 1257 938 1329; x_wconf 93' lang='lat' dir='ltr'>in</span> <span class='ocrx_word' id='word_1_74' title='bbox 968 1257 1215 1350; x_wconf 86' lang='lat' dir='ltr'>possessorio,</span> <span class='ocrx_word' id='word_1_75' title='bbox 1238 1257 1409 1353; x_wconf 88' lang='lat' dir='ltr'>quamvis</span> <span class='ocrx_word' id='word_1_76' title='bbox 1434 1259 1639 1333; x_wconf 90' lang='lat' dir='ltr'>Auditores</span> <span class='ocrx_word' id='word_1_77' title='bbox 1666 1277 1759 1332; x_wconf 88' lang='lat' dir='ltr'>extra</span> 
     </span>
     <span class='ocr_line' id='line_1_9' title="bbox 273 1377 1756 1478; baseline 0.002 -25"><span class='ocrx_word' id='word_1_78' title='bbox 273 1381 371 1454; x_wconf 91' lang='lat' dir='ltr'>illam</span> <span class='ocrx_word' id='word_1_79' title='bbox 400 1379 518 1455; x_wconf 89' lang='lat' dir='ltr'>nolint</span> <span class='ocrx_word' id='word_1_80' title='bbox 549 1381 685 1455; x_wconf 88' lang='lat' dir='ltr'>cedere</span> <span class='ocrx_word' id='word_1_81' title='bbox 723 1379 845 1455; x_wconf 91' lang='lat' dir='ltr'>locum</span> <span class='ocrx_word' id='word_1_82' title='bbox 881 1377 1067 1466; x_wconf 85' lang='lat' dir='ltr'>Generali‚</span> <span class='ocrx_word' id='word_1_83' title='bbox 1108 1381 1182 1454; x_wconf 92' lang='lat' dir='ltr'>imo</span> <span class='ocrx_word' id='word_1_84' title='bbox 1218 1382 1469 1478; x_wconf 84' lang='lat' dir='ltr'>praetendant</span> <span class='ocrx_word' id='word_1_85' title='bbox 1501 1381 1571 1459; x_wconf 90' lang='lat' dir='ltr'>sibi</span> <span class='ocrx_word' id='word_1_86' title='bbox 1607 1384 1756 1458; x_wconf 89' lang='lat' dir='ltr'>debitam</span> 
     </span>
     <span class='ocr_line' id='line_1_10' title="bbox 273 1506 787 1601; baseline 0.008 -23"><span class='ocrx_word' id='word_1_87' title='bbox 273 1506 576 1601; x_wconf 89' lang='lat' dir='ltr'>praecedentiam</span> <span class='ocrx_word' id='word_1_88' title='bbox 580 1565 787 1583; x_wconf 93' lang='grc'><strong>......</strong></span> 
     </span>
    </p>
   </div>
   <div class='ocr_carea' id='block_1_3' title="bbox 968 1789 1062 1873">
    <p class='ocr_par' dir='ltr' id='par_1_3' title="bbox 968 1789 1062 1873">
     <span class='ocr_line' id='line_1_11' title="bbox 968 1789 1062 1873; baseline 0.043 -4"><span class='ocrx_word' id='word_1_89' title='bbox 968 1789 1062 1873; x_wconf 80' lang='lat'><strong>366.</strong></span> 
     </span>
    </p>
   </div>
   <div class='ocr_carea' id='block_1_4' title="bbox 272 1950 1759 2174">
    <p class='ocr_par' dir='ltr' id='par_1_4' title="bbox 272 1950 1759 2174">
     <span class='ocr_line' id='line_1_12' title="bbox 272 1950 1759 2051; baseline -0.002 -24"><span class='ocrx_word' id='word_1_90' title='bbox 272 1951 389 2027; x_wconf 83' lang='lat' dir='ltr'>Rotae</span> <span class='ocrx_word' id='word_1_91' title='bbox 416 1952 592 2026; x_wconf 80' lang='lat' dir='ltr'>Decanus</span> <span class='ocrx_word' id='word_1_92' title='bbox 618 1959 654 2025; x_wconf 81' lang='lat' dir='ltr'>et</span> <span class='ocrx_word' id='word_1_93' title='bbox 685 1951 722 2024; x_wconf 91' lang='lat' dir='ltr'><em>T</em></span> <span class='ocrx_word' id='word_1_94' title='bbox 717 1950 963 2025; x_wconf 73' lang='lat' dir='ltr'>kasaurara&#39;us</span> <span class='ocrx_word' id='word_1_95' title='bbox 996 1951 1256 2050; x_wconf 76' lang='lat' dir='ltr'>passcssabnem</span> <span class='ocrx_word' id='word_1_96' title='bbox 1283 1953 1434 2051; x_wconf 62' lang='lat' dir='ltr'>captant</span> <span class='ocrx_word' id='word_1_97' title='bbox 1462 1953 1643 2028; x_wconf 57' lang='lat' dir='ltr'>aaudiat</span> <span class='ocrx_word' id='word_1_98' title='bbox 1679 1952 1759 2026; x_wconf 88' lang='lat' dir='ltr'>Pal·</span> 
     </span>
     <span class='ocr_line' id='line_1_13' title="bbox 350 2075 1375 2174; baseline 0.003 -25"><span class='ocrx_word' id='word_1_99' title='bbox 350 2075 486 2151; x_wconf 82' lang='lat' dir='ltr'>liorum</span> <span class='ocrx_word' id='word_1_100' title='bbox 512 2077 616 2150; x_wconf 81' lang='lat' dir='ltr'>cuius</span> <span class='ocrx_word' id='word_1_101' title='bbox 642 2075 755 2150; x_wconf 73' lang='lat' dir='ltr'>clavis</span> <span class='ocrx_word' id='word_1_102' title='bbox 779 2085 903 2150; x_wconf 76' lang='lat' dir='ltr'>manet</span> <span class='ocrx_word' id='word_1_103' title='bbox 920 2087 1033 2174; x_wconf 78' lang='lat' dir='ltr'>penes</span> <span class='ocrx_word' id='word_1_104' title='bbox 1066 2077 1104 2150; x_wconf 84' lang='lat' dir='ltr'><em>T</em></span> <span class='ocrx_word' id='word_1_105' title='bbox 1099 2075 1375 2152; x_wconf 76' lang='lat' dir='ltr'>hesaurarium.</span> 
     </span>
    </p>
   </div>
   <div class='ocr_carea' id='block_1_5' title="bbox 354 2229 1126 2306">
    <p class='ocr_par' dir='ltr' id='par_1_5' title="bbox 354 2229 1126 2306">
     <span class='ocr_line' id='line_1_14' title="bbox 354 2229 1126 2306; baseline -0.001 -14"><span class='ocrx_word' id='word_1_106' title='bbox 354 2231 470 2306; x_wconf 76' lang='lat' dir='ltr'>(Anca.</span> <span class='ocrx_word' id='word_1_107' title='bbox 489 2231 577 2306; x_wconf 74' lang='lat' dir='ltr'>Ron,</span> <span class='ocrx_word' id='word_1_108' title='bbox 600 2230 792 2291; x_wconf 74' lang='lat' dir='ltr'>«Dtarium</span> <span class='ocrx_word' id='word_1_109' title='bbox 810 2231 922 2292; x_wconf 81' lang='lat' dir='ltr'>Iacobi</span> <span class='ocrx_word' id='word_1_110' title='bbox 937 2229 1079 2292; x_wconf 79' lang='lat' dir='ltr'>Emerae&#39;x</span> <span class='ocrx_word' id='word_1_111' title='bbox 1090 2235 1126 2306; x_wconf 71' lang='grc' dir='ltr'>ι).</span> 
     </span>
    </p>
   </div>
   <div class='ocr_carea' id='block_1_6' title="bbox 668 2429 1373 2537">
    <p class='ocr_par' dir='ltr' id='par_1_6' title="bbox 668 2429 1373 2537">
     <span class='ocr_line' id='line_1_15' title="bbox 668 2429 1373 2537; baseline 0.004 -31"><span class='ocrx_word' id='word_1_112' title='bbox 668 2432 876 2520; x_wconf 91' lang='lat' dir='ltr'>Dominico,</span> <span class='ocrx_word' id='word_1_113' title='bbox 910 2457 959 2525; x_wconf 90' lang='lat'>29</span> <span class='ocrx_word' id='word_1_114' title='bbox 987 2433 1079 2507; x_wconf 92' lang='lat' dir='ltr'>lunii</span> <span class='ocrx_word' id='word_1_115' title='bbox 1107 2433 1195 2508; x_wconf 90' lang='lat' dir='ltr'>dicti</span> <span class='ocrx_word' id='word_1_116' title='bbox 1225 2429 1373 2537; x_wconf 78' lang='lat'><strong>(1687).</strong></span> 
     </span>
    </p>
   </div>
   <div class='ocr_carea' id='block_1_7' title="bbox 266 2592 1759 3671">
    <p class='ocr_par' dir='ltr' id='par_1_7' title="bbox 266 2592 1759 3671">
     <span class='ocr_line' id='line_1_16' title="bbox 351 2592 1758 2690; baseline -0.001 -22"><span class='ocrx_word' id='word_1_117' title='bbox 351 2599 441 2688; x_wconf 88' lang='lat'><strong>436.</strong></span> <span class='ocrx_word' id='word_1_118' title='bbox 470 2592 593 2690; x_wconf 90' lang='lat' dir='ltr'>Coepi</span> <span class='ocrx_word' id='word_1_119' title='bbox 620 2592 692 2668; x_wconf 93' lang='lat' dir='ltr'>hoc</span> <span class='ocrx_word' id='word_1_120' title='bbox 721 2617 830 2668; x_wconf 90' lang='lat' dir='ltr'>mane</span> <span class='ocrx_word' id='word_1_121' title='bbox 858 2617 942 2666; x_wconf 91' lang='lat' dir='ltr'>cum</span> <span class='ocrx_word' id='word_1_122' title='bbox 972 2593 1022 2669; x_wconf 90' lang='lat' dir='ltr'>D.</span> <span class='ocrx_word' id='word_1_123' title='bbox 1055 2593 1244 2668; x_wconf 90' lang='lat' dir='ltr'>Hervault</span> <span class='ocrx_word' id='word_1_124' title='bbox 1279 2592 1533 2668; x_wconf 91' lang='lat' dir='ltr'>Thesaurario</span> <span class='ocrx_word' id='word_1_125' title='bbox 1569 2611 1699 2669; x_wconf 86' lang='lat' dir='ltr'>nostro</span> <span class='ocrx_word' id='word_1_126' title='bbox 1727 2593 1758 2666; x_wconf 94' lang='lat' dir='ltr'>in</span> 
     </span>
     <span class='ocr_line' id='line_1_17' title="bbox 270 2717 1758 2814; baseline -0.003 -19"><span class='ocrx_word' id='word_1_127' title='bbox 270 2719 449 2796; x_wconf 89' lang='lat' dir='ltr'>Sacristia</span> <span class='ocrx_word' id='word_1_128' title='bbox 482 2718 663 2793; x_wconf 90' lang='lat' dir='ltr'>Basilicae</span> <span class='ocrx_word' id='word_1_129' title='bbox 682 2717 888 2793; x_wconf 89' lang='lat' dir='ltr'>Vaticanae</span> <span class='ocrx_word' id='word_1_130' title='bbox 907 2719 1190 2814; x_wconf 88' lang='lat' dir='ltr'>possessionem</span> <span class='ocrx_word' id='word_1_131' title='bbox 1211 2717 1419 2792; x_wconf 87' lang='lat' dir='ltr'>Custodiae</span> <span class='ocrx_word' id='word_1_132' title='bbox 1440 2717 1650 2804; x_wconf 87' lang='lat' dir='ltr'>Palliorum,</span> <span class='ocrx_word' id='word_1_133' title='bbox 1671 2741 1758 2814; x_wconf 90' lang='lat' dir='ltr'>quae</span> 
     </span>
     <span class='ocr_line' id='line_1_18' title="bbox 267 2841 1759 2943; baseline -0.005 -22"><span class='ocrx_word' id='word_1_134' title='bbox 267 2847 317 2921; x_wconf 90' lang='lat' dir='ltr'>ad</span> <span class='ocrx_word' id='word_1_135' title='bbox 345 2846 484 2919; x_wconf 90' lang='lat' dir='ltr'>Rotam</span> <span class='ocrx_word' id='word_1_136' title='bbox 513 2843 637 2920; x_wconf 90' lang='lat' dir='ltr'>delata</span> <span class='ocrx_word' id='word_1_137' title='bbox 666 2859 726 2918; x_wconf 88' lang='lat' dir='ltr'>est</span> <span class='ocrx_word' id='word_1_138' title='bbox 753 2845 884 2943; x_wconf 85' lang='lat' dir='ltr'>vigore</span> <span class='ocrx_word' id='word_1_139' title='bbox 911 2841 1096 2941; x_wconf 86' lang='lat' dir='ltr'>privilegii</span> <span class='ocrx_word' id='word_1_140' title='bbox 1138 2844 1245 2919; x_wconf 90' lang='lat' dir='ltr'>nobis</span> <span class='ocrx_word' id='word_1_141' title='bbox 1282 2843 1453 2917; x_wconf 91' lang='lat' dir='ltr'>concessi</span> <span class='ocrx_word' id='word_1_142' title='bbox 1494 2867 1574 2918; x_wconf 90' lang='lat' dir='ltr'>as.</span> <span class='ocrx_word' id='word_1_143' title='bbox 1605 2871 1656 2920; x_wconf 89' lang='lat' dir='ltr'>m.</span> <span class='ocrx_word' id='word_1_144' title='bbox 1685 2841 1759 2917; x_wconf 76' lang='lat' dir='ltr'>Cle</span> 
     </span>
     <span class='ocr_line' id='line_1_19' title="bbox 269 2967 1758 3068; baseline -0.005 -21"><span class='ocrx_word' id='word_1_145' title='bbox 269 2987 392 3047; x_wconf 89' lang='lat' dir='ltr'>mente</span> <span class='ocrx_word' id='word_1_146' title='bbox 421 2969 459 3044; x_wconf 91' lang='lat' dir='ltr'>X</span> <span class='ocrx_word' id='word_1_147' title='bbox 495 2970 531 3044; x_wconf 93' lang='lat' dir='ltr'>in</span> <span class='ocrx_word' id='word_1_148' title='bbox 562 2967 669 3043; x_wconf 92' lang='lat' dir='ltr'>Bulla</span> <span class='ocrx_word' id='word_1_149' title='bbox 697 2967 968 3043; x_wconf 89' lang='lat' dir='ltr'>Renovationis</span> <span class='ocrx_word' id='word_1_150' title='bbox 996 2968 1195 3044; x_wconf 88' lang='lat' dir='ltr'>Generalis</span> <span class='ocrx_word' id='word_1_151' title='bbox 1232 2983 1448 3044; x_wconf 89' lang='lat' dir='ltr'>nostrorum</span> <span class='ocrx_word' id='word_1_152' title='bbox 1485 2967 1758 3068; x_wconf 77' lang='lat' dir='ltr'>privilegiorum</span> 
     </span>
     <span class='ocr_line' id='line_1_20' title="bbox 267 3092 1757 3195; baseline -0.003 -25"><span class='ocrx_word' id='word_1_153' title='bbox 267 3121 381 3195; x_wconf 91' lang='lat' dir='ltr'>quam</span> <span class='ocrx_word' id='word_1_154' title='bbox 410 3154 419 3173; x_wconf 93' lang='lat'><strong>.</strong></span> <span class='ocrx_word' id='word_1_155' title='bbox 450 3155 458 3172; x_wconf 92' lang='lat'><strong>.</strong></span> <span class='ocrx_word' id='word_1_156' title='bbox 490 3155 498 3172; x_wconf 94' lang='lat'><strong>.</strong></span> <span class='ocrx_word' id='word_1_157' title='bbox 528 3093 722 3170; x_wconf 77' lang='lat' dir='ltr'>sollicitavi</span> <span class='ocrx_word' id='word_1_158' title='bbox 750 3109 790 3168; x_wconf 91' lang='lat' dir='ltr'>et</span> <span class='ocrx_word' id='word_1_159' title='bbox 816 3095 921 3169; x_wconf 91' lang='lat' dir='ltr'>cuius</span> <span class='ocrx_word' id='word_1_160' title='bbox 948 3093 1103 3169; x_wconf 81' lang='lat' dir='ltr'>effectus</span> <span class='ocrx_word' id='word_1_161' title='bbox 1131 3092 1203 3168; x_wconf 92' lang='lat' dir='ltr'>huc</span> <span class='ocrx_word' id='word_1_162' title='bbox 1230 3093 1379 3191; x_wconf 90' lang='lat' dir='ltr'>busque</span> <span class='ocrx_word' id='word_1_163' title='bbox 1407 3093 1545 3168; x_wconf 89' lang='lat' dir='ltr'>dilatus</span> <span class='ocrx_word' id='word_1_164' title='bbox 1578 3093 1647 3169; x_wconf 84' lang='lat' dir='ltr'>suit</span> <span class='ocrx_word' id='word_1_165' title='bbox 1679 3094 1757 3190; x_wconf 90' lang='lat' dir='ltr'>quia</span> 
     </span>
     <span class='ocr_line' id='line_1_21' title="bbox 267 3217 1758 3314; baseline -0.004 -18"><span class='ocrx_word' id='word_1_166' title='bbox 267 3221 460 3296; x_wconf 90' lang='lat' dir='ltr'>concessio</span> <span class='ocrx_word' id='word_1_167' title='bbox 487 3219 607 3294; x_wconf 88' lang='lat' dir='ltr'>suerat</span> <span class='ocrx_word' id='word_1_168' title='bbox 634 3217 732 3292; x_wconf 87' lang='lat' dir='ltr'>sacta</span> <span class='ocrx_word' id='word_1_169' title='bbox 759 3218 839 3292; x_wconf 89' lang='lat' dir='ltr'>sine</span> <span class='ocrx_word' id='word_1_170' title='bbox 867 3217 1095 3314; x_wconf 84' lang='lat' dir='ltr'>praeiudicio</span> <span class='ocrx_word' id='word_1_171' title='bbox 1124 3217 1169 3293; x_wconf 90' lang='lat' dir='ltr'>R.</span> <span class='ocrx_word' id='word_1_172' title='bbox 1209 3218 1249 3294; x_wconf 89' lang='lat' dir='ltr'>P.</span> <span class='ocrx_word' id='word_1_173' title='bbox 1288 3218 1337 3296; x_wconf 91' lang='lat' dir='ltr'>D.</span> <span class='ocrx_word' id='word_1_174' title='bbox 1367 3217 1478 3292; x_wconf 90' lang='lat' dir='ltr'>Ritae</span> <span class='ocrx_word' id='word_1_175' title='bbox 1515 3235 1602 3293; x_wconf 92' lang='lat' dir='ltr'>tunc</span> <span class='ocrx_word' id='word_1_176' title='bbox 1631 3219 1758 3294; x_wconf 87' lang='lat' dir='ltr'>Altari-</span> 
     </span>
     <span class='ocr_line' id='line_1_22' title="bbox 266 3339 1757 3440; baseline -0.005 -18"><span class='ocrx_word' id='word_1_177' title='bbox 266 3363 349 3422; x_wconf 87' lang='lat' dir='ltr'>stae</span> <span class='ocrx_word' id='word_1_178' title='bbox 375 3345 546 3420; x_wconf 88' lang='lat' dir='ltr'>eiusdem</span> <span class='ocrx_word' id='word_1_179' title='bbox 576 3342 768 3428; x_wconf 87' lang='lat' dir='ltr'>Basilicae,</span> <span class='ocrx_word' id='word_1_180' title='bbox 799 3343 857 3415; x_wconf 88' lang='lat' dir='ltr'>eui</span> <span class='ocrx_word' id='word_1_181' title='bbox 885 3367 954 3440; x_wconf 90' lang='lat' dir='ltr'>per</span> <span class='ocrx_word' id='word_1_182' title='bbox 990 3342 1050 3418; x_wconf 87' lang='lat' dir='ltr'>sel.</span> <span class='ocrx_word' id='word_1_183' title='bbox 1080 3343 1225 3420; x_wconf 87' lang='lat' dir='ltr'>record.</span> <span class='ocrx_word' id='word_1_184' title='bbox 1256 3339 1513 3418; x_wconf 87' lang='lat' dir='ltr'>Alexandrum</span> <span class='ocrx_word' id='word_1_185' title='bbox 1552 3343 1620 3418; x_wconf 95' lang='lat' dir='ltr'>Vll</span> <span class='ocrx_word' id='word_1_186' title='bbox 1664 3343 1757 3420; x_wconf 89' lang='lat' dir='ltr'>uuita</span> 
     </span>
     <span class='ocr_line' id='line_1_23' title="bbox 267 3467 1756 3568; baseline -0.002 -22"><span class='ocrx_word' id='word_1_187' title='bbox 267 3471 523 3568; x_wconf 84' lang='lat' dir='ltr'>reperiebatur</span> <span class='ocrx_word' id='word_1_188' title='bbox 551 3523 758 3544; x_wconf 91' lang='grc'><strong>......</strong></span> <span class='ocrx_word' id='word_1_189' title='bbox 791 3468 918 3542; x_wconf 84' lang='lat' dir='ltr'>Clavis</span> <span class='ocrx_word' id='word_1_190' title='bbox 946 3468 1122 3565; x_wconf 87' lang='lat' dir='ltr'>capsulae</span> <span class='ocrx_word' id='word_1_191' title='bbox 1162 3467 1390 3566; x_wconf 89' lang='lat' dir='ltr'>(Palliorum)</span> <span class='ocrx_word' id='word_1_192' title='bbox 1430 3469 1611 3542; x_wconf 88' lang='lat' dir='ltr'>remansit</span> <span class='ocrx_word' id='word_1_193' title='bbox 1648 3492 1756 3566; x_wconf 89' lang='lat' dir='ltr'>penes</span> 
     </span>
     <span class='ocr_line' id='line_1_24' title="bbox 266 3591 1078 3671; baseline -0.002 -1"><span class='ocrx_word' id='word_1_194' title='bbox 266 3597 315 3671; x_wconf 93' lang='lat' dir='ltr'>D.</span> <span class='ocrx_word' id='word_1_195' title='bbox 347 3591 533 3669; x_wconf 90' lang='lat' dir='ltr'>Hervault</span> <span class='ocrx_word' id='word_1_196' title='bbox 560 3592 613 3668; x_wconf 88' lang='lat' dir='ltr'>uti</span> <span class='ocrx_word' id='word_1_197' title='bbox 641 3592 915 3668; x_wconf 87' lang='lat' dir='ltr'>thesaurarium</span> <span class='ocrx_word' id='word_1_198' title='bbox 944 3593 1078 3668; x_wconf 87' lang='lat' dir='ltr'>Rotae.</span> 
     </span>
    </p>
   </div>
   <div class='ocr_carea' id='block_1_8' title="bbox 265 4085 1754 4556">
    <p class='ocr_par' dir='ltr' id='par_1_8' title="bbox 265 4085 1754 4556">
     <span class='ocr_line' id='line_1_25' title="bbox 265 4085 1754 4190; baseline -0.004 -26"><span class='ocrx_word' id='word_1_199' title='bbox 265 4090 453 4190; x_wconf 77' lang='lat' dir='ltr'>Propinas</span> <span class='ocrx_word' id='word_1_200' title='bbox 479 4099 515 4164; x_wconf 79' lang='lat' dir='ltr'>et</span> <span class='ocrx_word' id='word_1_201' title='bbox 538 4087 743 4163; x_wconf 71' lang='lat' dir='ltr'>deuorarat</span> <span class='ocrx_word' id='word_1_202' title='bbox 770 4087 1021 4164; x_wconf 79' lang='lat' dir='ltr'>Notariorum</span> <span class='ocrx_word' id='word_1_203' title='bbox 1055 4087 1203 4184; x_wconf 75' lang='lat' dir='ltr'>altaque</span> <span class='ocrx_word' id='word_1_204' title='bbox 1232 4086 1371 4162; x_wconf 60' lang='lat' dir='ltr'>limatae</span> <span class='ocrx_word' id='word_1_205' title='bbox 1406 4085 1648 4162; x_wconf 75' lang='lat' dir='ltr'>emolumenta</span> <span class='ocrx_word' id='word_1_206' title='bbox 1683 4109 1754 4162; x_wconf 78' lang='lat' dir='ltr'>cum</span> 
     </span>
     <span class='ocr_line' id='line_1_26' title="bbox 343 4209 1753 4311; baseline -0.001 -23"><span class='ocrx_word' id='word_1_207' title='bbox 343 4223 459 4288; x_wconf 75' lang='lat' dir='ltr'>essent</span> <span class='ocrx_word' id='word_1_208' title='bbox 487 4212 640 4309; x_wconf 72' lang='lat' dir='ltr'>Collegit</span> <span class='ocrx_word' id='word_1_209' title='bbox 663 4221 698 4287; x_wconf 82' lang='lat' dir='ltr'>et</span> <span class='ocrx_word' id='word_1_210' title='bbox 731 4239 803 4286; x_wconf 81' lang='lat' dir='ltr'>aaa</span> <span class='ocrx_word' id='word_1_211' title='bbox 841 4211 1075 4309; x_wconf 75' lang='lat' dir='ltr'>singulorum</span> <span class='ocrx_word' id='word_1_212' title='bbox 1107 4209 1336 4285; x_wconf 81' lang='lat' dir='ltr'>Auditorum</span> <span class='ocrx_word' id='word_1_213' title='bbox 1363 4211 1440 4286; x_wconf 80' lang='lat' dir='ltr'>m&#39;si</span> <span class='ocrx_word' id='word_1_214' title='bbox 1469 4224 1543 4311; x_wconf 75' lang='lat' dir='ltr'>per</span> <span class='ocrx_word' id='word_1_215' title='bbox 1582 4211 1753 4286; x_wconf 74' lang='lat' dir='ltr'>actualem</span> 
     </span>
     <span class='ocr_line' id='line_1_27' title="bbox 343 4335 1754 4436; baseline -0.004 -24"><span class='ocrx_word' id='word_1_216' title='bbox 343 4339 643 4424; x_wconf 71' lang='lat' dir='ltr'>dzitributiamm,</span> <span class='ocrx_word' id='word_1_217' title='bbox 663 4337 707 4411; x_wconf 82' lang='lat' dir='ltr'>de</span> <span class='ocrx_word' id='word_1_218' title='bbox 725 4337 802 4411; x_wconf 82' lang='lat' dir='ltr'>illis</span> <span class='ocrx_word' id='word_1_219' title='bbox 828 4362 899 4410; x_wconf 83' lang='lat' dir='ltr'>nan</span> <span class='ocrx_word' id='word_1_220' title='bbox 912 4335 1188 4434; x_wconf 79' lang='lat' dir='ltr'>participabant</span> <span class='ocrx_word' id='word_1_221' title='bbox 1209 4336 1412 4410; x_wconf 81' lang='lat' dir='ltr'>Auditores</span> <span class='ocrx_word' id='word_1_222' title='bbox 1423 4339 1586 4436; x_wconf 74' lang='lat' dir='ltr'>promati</span> <span class='ocrx_word' id='word_1_223' title='bbox 1600 4339 1656 4412; x_wconf 87' lang='lat' dir='ltr'>ad</span> <span class='ocrx_word' id='word_1_224' title='bbox 1674 4335 1754 4411; x_wconf 80' lang='lat' dir='ltr'>Car·</span> 
     </span>
     <span class='ocr_line' id='line_1_28' title="bbox 343 4460 1382 4556; baseline -0.001 -19"><span class='ocrx_word' id='word_1_225' title='bbox 343 4463 551 4537; x_wconf 76' lang='lat' dir='ltr'>dirralatum</span> <span class='ocrx_word' id='word_1_226' title='bbox 579 4460 638 4534; x_wconf 81' lang='lat' dir='ltr'>vel</span> <span class='ocrx_word' id='word_1_227' title='bbox 660 4461 834 4536; x_wconf 78' lang='lat' dir='ltr'>haeredes</span> <span class='ocrx_word' id='word_1_228' title='bbox 861 4461 1115 4556; x_wconf 80' lang='lat' dir='ltr'>defunctarum</span> <span class='ocrx_word' id='word_1_229' title='bbox 1144 4461 1382 4536; x_wconf 74' lang='lat' dir='ltr'>Auditorum.</span> 
     </span>
    </p>
   </div>
   <div class='ocr_carea' id='block_1_9' title="bbox 344 4613 1107 4694">
    <p class='ocr_par' dir='ltr' id='par_1_9' title="bbox 344 4613 1107 4694">
     <span class='ocr_line' id='line_1_29' title="bbox 344 4613 1107 4694; baseline -0.007 -14"><span class='ocrx_word' id='word_1_230' title='bbox 344 4619 460 4694; x_wconf 75' lang='lat' dir='ltr'>(Aaou.</span> <span class='ocrx_word' id='word_1_231' title='bbox 478 4618 565 4690; x_wconf 69' lang='lat' dir='ltr'>Ros..</span> <span class='ocrx_word' id='word_1_232' title='bbox 589 4617 776 4678; x_wconf 73' lang='lat' dir='ltr'>«Hilarium</span> <span class='ocrx_word' id='word_1_233' title='bbox 795 4616 907 4676; x_wconf 79' lang='lat' dir='ltr'>Iacobr&#39;</span> <span class='ocrx_word' id='word_1_234' title='bbox 922 4613 1107 4690; x_wconf 63' lang='lat' dir='ltr'>limenio).</span> 
     </span>
    </p>
   </div>
   <div class='ocr_carea' id='block_1_10' title="bbox 709 4806 1300 4916">
    <p class='ocr_par' dir='ltr' id='par_1_10' title="bbox 709 4806 1300 4916">
     <span class='ocr_line' id='line_1_30' title="bbox 709 4806 1300 4916; baseline 0.002 -23"><span class='ocrx_word' id='word_1_235' title='bbox 709 4820 838 4894; x_wconf 89' lang='lat' dir='ltr'>Lunae</span> <span class='ocrx_word' id='word_1_236' title='bbox 870 4840 889 4913; x_wconf 94' lang='lat'>7</span> <span class='ocrx_word' id='word_1_237' title='bbox 920 4817 1154 4916; x_wconf 89' lang='lat' dir='ltr'>Septembris</span> <span class='ocrx_word' id='word_1_238' title='bbox 1189 4806 1300 4895; x_wconf 84' lang='lat'><strong>1688.</strong></span> 
     </span>
    </p>
   </div>
   <div class='ocr_carea' id='block_1_11' title="bbox 260 4979 1753 5456">
    <p class='ocr_par' dir='ltr' id='par_1_11' title="bbox 260 4955 1753 5456">
     <span class='ocr_line' id='line_1_31' title="bbox 343 4979 1750 5077; baseline -0.006 -20"><span class='ocrx_word' id='word_1_239' title='bbox 343 4988 432 5077; x_wconf 91' lang='lat'><strong>469.</strong></span> <span class='ocrx_word' id='word_1_240' title='bbox 464 4981 616 5056; x_wconf 90' lang='lat' dir='ltr'>Domini</span> <span class='ocrx_word' id='word_1_241' title='bbox 648 4979 844 5053; x_wconf 90' lang='lat' dir='ltr'>unanimes</span> <span class='ocrx_word' id='word_1_242' title='bbox 880 4994 1094 5056; x_wconf 87' lang='lat' dir='ltr'>statuerunt</span> <span class='ocrx_word' id='word_1_243' title='bbox 1126 4981 1230 5076; x_wconf 92' lang='lat' dir='ltr'>quod</span> <span class='ocrx_word' id='word_1_244' title='bbox 1266 4981 1448 5076; x_wconf 89' lang='lat' dir='ltr'>propinae</span> <span class='ocrx_word' id='word_1_245' title='bbox 1483 4995 1523 5054; x_wconf 86' lang='lat' dir='ltr'>et</span> <span class='ocrx_word' id='word_1_246' title='bbox 1559 4979 1750 5056; x_wconf 85' lang='lat' dir='ltr'>honoraria</span> 
     </span>
     <span class='ocr_line' id='line_1_32' title="bbox 262 5103 1753 5203; baseline -0.007 -19"><span class='ocrx_word' id='word_1_247' title='bbox 262 5109 503 5185; x_wconf 89' lang='lat' dir='ltr'>Notariorum</span> <span class='ocrx_word' id='word_1_248' title='bbox 531 5105 680 5201; x_wconf 89' lang='lat' dir='ltr'>aliaque</span> <span class='ocrx_word' id='word_1_249' title='bbox 708 5103 839 5180; x_wconf 89' lang='lat' dir='ltr'>similia</span> <span class='ocrx_word' id='word_1_250' title='bbox 867 5106 1121 5180; x_wconf 88' lang='lat' dir='ltr'>emolumenta</span> <span class='ocrx_word' id='word_1_251' title='bbox 1158 5119 1247 5179; x_wconf 89' lang='lat' dir='ltr'>sunt</span> <span class='ocrx_word' id='word_1_252' title='bbox 1279 5103 1438 5203; x_wconf 85' lang='lat' dir='ltr'>Collegii</span> <span class='ocrx_word' id='word_1_253' title='bbox 1477 5122 1518 5179; x_wconf 91' lang='lat' dir='ltr'>et</span> <span class='ocrx_word' id='word_1_254' title='bbox 1554 5131 1627 5180; x_wconf 92' lang='lat' dir='ltr'>non</span> <span class='ocrx_word' id='word_1_255' title='bbox 1667 5103 1753 5179; x_wconf 88' lang='lat' dir='ltr'>fiunt</span> 
     </span>
     <span class='ocr_line' id='line_1_33' title="bbox 260 5227 1750 5333; baseline -0.007 -24"><span class='ocrx_word' id='word_1_256' title='bbox 260 5234 492 5333; x_wconf 85' lang='lat' dir='ltr'>singulorum</span> <span class='ocrx_word' id='word_1_257' title='bbox 522 5231 591 5305; x_wconf 90' lang='lat' dir='ltr'>nisi</span> <span class='ocrx_word' id='word_1_258' title='bbox 619 5255 687 5326; x_wconf 90' lang='lat' dir='ltr'>per</span> <span class='ocrx_word' id='word_1_259' title='bbox 714 5229 899 5304; x_wconf 87' lang='lat' dir='ltr'>actualem</span> <span class='ocrx_word' id='word_1_260' title='bbox 927 5229 1226 5304; x_wconf 86' lang='lat' dir='ltr'>distributionem</span> <span class='ocrx_word' id='word_1_261' title='bbox 1258 5245 1298 5303; x_wconf 92' lang='lat' dir='ltr'>et</span> <span class='ocrx_word' id='word_1_262' title='bbox 1329 5245 1532 5326; x_wconf 88' lang='lat' dir='ltr'>propterea</span> <span class='ocrx_word' id='word_1_263' title='bbox 1567 5231 1673 5327; x_wconf 90' lang='lat' dir='ltr'>quod</span> <span class='ocrx_word' id='word_1_264' title='bbox 1707 5227 1750 5300; x_wconf 90' lang='lat' dir='ltr'>de</span> 
     </span>
     <span class='ocr_line' id='line_1_34' title="bbox 261 5351 1751 5456; baseline -0.005 -22"><span class='ocrx_word' id='word_1_265' title='bbox 261 5359 329 5435; x_wconf 91' lang='lat' dir='ltr'>illis</span> <span class='ocrx_word' id='word_1_266' title='bbox 357 5356 580 5456; x_wconf 89' lang='lat' dir='ltr'>participare</span> <span class='ocrx_word' id='word_1_267' title='bbox 609 5377 684 5428; x_wconf 92' lang='lat' dir='ltr'>non</span> <span class='ocrx_word' id='word_1_268' title='bbox 711 5355 851 5430; x_wconf 86' lang='lat' dir='ltr'>debent</span> <span class='ocrx_word' id='word_1_269' title='bbox 887 5353 1049 5454; x_wconf 89' lang='lat' dir='ltr'>promoti</span> <span class='ocrx_word' id='word_1_270' title='bbox 1090 5354 1140 5427; x_wconf 88' lang='lat' dir='ltr'>ad</span> <span class='ocrx_word' id='word_1_271' title='bbox 1182 5351 1464 5428; x_wconf 89' lang='lat' dir='ltr'>Cardinalatum</span> <span class='ocrx_word' id='word_1_272' title='bbox 1497 5370 1537 5428; x_wconf 90' lang='lat' dir='ltr'>et</span> <span class='ocrx_word' id='word_1_273' title='bbox 1573 5354 1751 5430; x_wconf 86' lang='lat' dir='ltr'>haeredes</span> 
     </span>
    </p>
   </div>
   <div class='ocr_carea' id='block_1_12' title="bbox 0 0 1864 5918">
    <p class='ocr_par' dir='ltr' id='par_1_12' title="bbox 0 0 1864 5918">
     <span class='ocr_line' id='line_1_35' title="bbox 0 0 1864 5918; baseline 0 3"><span class='ocrx_word' id='word_1_274' title='bbox 0 0 1864 5918; x_wconf 95' lang='lat' dir='ltr'> </span> 
     </span>
    </p>
   </div>
  </div>
 </body>
</html>
