3686 5916
259 302 315 362 560
874 303 1011 361 Soeculo
1030 302 1156 362 XVIII

259 495 325 590 qui
353 494 493 567 tamdiu
522 493 682 567 officium
712 494 960 568 Auditoratus
988 495 1041 568 uti
1084 495 1360 568 Locumtenens
1389 495 1540 569 retinuit
1575 499 1756 593 quamdiu

260 621 460 715 expeditus
488 643 563 692 non
591 619 659 691 luit
687 619 992 715 Motusproprius
1021 621 1067 693 R.
1098 620 1135 695 P.
1159 620 1206 694 D.
1230 619 1468 696 Vicecomitis
1488 622 1584 695 illius
1612 648 1756 696 succes-

261 743 378 819 soris:
410 744 516 818 Haec
544 744 668 818 omnia
696 761 822 817 tamen
851 767 924 817 non
954 760 1097 831 nostro,
1128 742 1197 818 sed
1238 745 1390 842 proprio
1419 760 1566 820 tantum
1608 747 1757 820 nomine
1827 809 1828 838 2

260 884 468 965 exponeret
494 893 643 967 unaque
679 868 787 942 simul
822 886 969 943 curaret
1010 867 1148 967 alloqui
1177 869 1213 942 d.
1248 868 1361 944 Card.
1405 868 1756 944 Vicecancellarium
1827 873 1828 890 ¹

261 993 341 1068 eius
360 1017 473 1089 opem
500 992 737 1089 deprecando
757 1019 803 1066 ne
832 994 971 1068 sineret
990 994 1105 1068 ullum
1124 993 1259 1066 exoriri
1277 995 1546 1090 praeiudicium
1571 995 1653 1070 Sac.
1676 996 1759 1068 Tri·
1827 999 1828 1032 ³

261 1118 387 1241 bqnali
415 1109 519 1193 cuius
538 1119 619 1214 ipse
646 1134 708 1192 est
734 1135 905 1215 caputet
933 1134 1136 1214 protector.
1168 1119 1288 1193 Probe
1307 1144 1351 1192 ac
1379 1119 1473 1194 lelici
1501 1121 1603 1194 exitu
1623 1146 1757 1195 munus
1827 1101 1828 1136 r

262 1268 371 1317 suum
399 1244 514 1318 obivit
533 1245 577 1318 R.
600 1243 637 1318 P.
661 1241 708 1318 D.
728 1243 982 1330 Paraccianus,
1005 1268 1090 1316 nam
1110 1243 1292 1338 postridie
1312 1243 1481 1316 redditae
1500 1261 1590 1319 sunt
1611 1245 1757 1319 litterae

264 1367 312 1444 D.
344 1367 457 1443 Card.
498 1368 790 1466 Argenvillieres
831 1369 966 1462 quibus
1002 1369 1257 1454 nunciabatur,
1289 1368 1326 1442 S.
1359 1369 1407 1443 D.
1438 1367 1484 1444 N.
1516 1369 1757 1465 respondisse

264 1493 311 1568 D.
344 1493 457 1568 Card.
489 1493 802 1568 Vicecancellario
831 1521 872 1566 se
901 1497 958 1566 vel
989 1517 1061 1566 non
1092 1491 1282 1566 declarare
1311 1518 1447 1566 novum
1478 1495 1602 1569 Rotae
1639 1495 1758 1567 Audi·
1827 1493 1828 1522 ³

263 1634 384 1691 torem
414 1617 611 1703 Venetum,
644 1620 702 1692 vel
731 1635 917 1714 quatenus
946 1618 1186 1703 declarasset,
1208 1619 1356 1692 minime
1376 1633 1503 1692 tamen
1523 1621 1755 1716 signaturum
1827 1635 1828 1662 ³

264 1744 604 1840 Motumproprium
634 1745 728 1818 illius
756 1745 949 1818 electionis
978 1745 1046 1816 nisi
1072 1758 1161 1839 post
1197 1743 1354 1817 indictas
1393 1745 1503 1818 serias
1544 1745 1755 1843 generales:

265 1869 348 1942 Hac
375 1887 531 1964 accepta
560 1867 746 1942 Pontificis
774 1869 978 1966 sponsione
1006 1871 1198 1942 decretum
1218 1869 1284 1941 luit
1312 1869 1416 1964 quod
1437 1869 1547 1942 Drius
1568 1871 1753 1954 Decanus‚

263 1993 420 2087 eiusque
447 1993 530 2067 loco
560 1995 604 2068 R.
636 1995 674 2068 P.
696 1995 744 2069 D.
777 1995 932 2068 Bussius
963 2054 969 2067 .
1002 2055 1009 2068 .
1042 2055 1049 2069 .
1080 1994 1228 2066 nomine
1247 1982 1460 2067 Tribunalis
1489 1995 1655 2068 debitum
1677 2019 1757 2092 gra-

263 2118 397 2190 tiarum
433 2117 594 2192 officium
630 2120 865 2216 persolveret
907 2135 983 2192 tam
1022 2119 1133 2193 Card.
1171 2117 1484 2192 Vicecancellario
1521 2143 1637 2215 quam
1667 2119 1758 2192 Car-

265 2243 376 2315 dinali
403 2243 699 2341 Argenvillieres
729 2244 1007 2318 Pro-Auditori.

347 2369 559 2443 Praedictas
587 2369 713 2442 literas
740 2369 909 2464 aliasque
936 2370 1094 2444 subinde
1124 2393 1238 2465 snper
1270 2368 1341 2442 hoc
1373 2372 1527 2467 negotio
1569 2372 1657 2445 mihi
1691 2389 1758 2445 na·

265 2494 364 2586 ditas
390 2493 427 2566 in
456 2494 632 2567 Archivio
662 2495 827 2590 reposui.
851 2493 859 2528 ¹

973 2775 1063 2855 437.

266 2919 413 2992 Rutulis
444 2917 685 3016 Congreganb
711 2921 1020 2995 extraordinaria
1047 2947 1171 2995 coram
1208 2921 1403 2996 Benedicta
1432 2921 1543 2997 XIV
1568 2924 1608 2996 in
1645 2947 1754 2996 causa

348 3045 692 3144 Mogontina-luris
717 3046 978 3146 nutropolr'tici.

337 3201 453 3273 (Anca.
472 3201 558 3275 Rom,
578 3200 771 3261 ‹Diarium
792 3201 1011 3275 Camerata).

807 3384 879 3458 Die
914 3408 960 3458 ιο
988 3409 1075 3482 aug.
1114 3405 1223 3478 1755.

347 3545 472 3620 Hodie
501 3570 623 3633 mane,
653 3545 780 3621 habita
807 3545 874 3620 luit
908 3569 1035 3620 coram
1074 3545 1194 3620 ssno
1231 3543 1490 3644 Congregatio
1527 3547 1760 3642 particularis

265 3671 387 3746 Rotae
415 3670 452 3744 in
481 3697 593 3745 causa
623 3671 848 3770 Moguntina
876 3671 968 3744 luris
999 3670 1262 3766 Metropolitici
1290 3671 1387 3743 inter
1414 3669 1660 3744 celsissimum
1682 3671 1760 3745 Ele-

265 3814 406 3871 ctorem
435 3811 475 3869 et
503 3797 838 3894 Archiepiscopum
868 3797 1090 3894 Moguntiae
1116 3821 1161 3869 ac
1181 3796 1381 3882 Abbatem‚
1403 3795 1513 3869 hodie
1529 3797 1760 3894 episcopum,

268 3921 507 3995 Fuldensem.
539 3921 647 3996 Hora
673 3920 1083 4007 intimata,.introducti
1111 3922 1247 3994 luimus
1275 3923 1311 3992 in
1340 3919 1548 3996 cubiculum
1581 3923 1632 3994 ad
1662 3924 1763 4019 quod

267 4045 425 4118 subinde
476 4046 634 4120 accessit
674 4015 782 4121 S.'S.
825 4072 908 4119 cum
951 4047 1033 4120 RR.
1067 4045 1134 4122 ΡΡ.
1170 4045 1258 4120 DD.
1291 4046 1482 4120 Praefecto
1524 4045 1685 4120 cubiculi
1727 4064 1761 4120 et

269 4170 455 4268 Magistro
484 4171 813 4259 caeremoniarum,
842 4172 970 4268 ibique
997 4173 1154 4246 recitata
1180 4188 1362 4244 consueta
1391 4172 1570 4255 oratione,
1601 4173 1761 4271 benigne

268 4295 398 4368 annuit
425 4312 466 4368 ut
492 4321 625 4370 omnes
652 4297 687 4370 in
717 4299 877 4371 scamnis
914 4298 998 4370 hinc
1039 4297 1124 4370 inde
1153 4298 1295 4394 paratis
1336 4297 1641 4372 consederemus.
1674 4298 1760 4369 Mox

268 4421 315 4497 R.
347 4420 383 4496 P.
416 4421 463 4495 D.
496 4421 652 4494 Bussius
679 4423 733 4494 uti
761 4423 887 4495 senior
905 4420 1123 4518 suffragium
1151 4423 1188 4494 in
1207 4447 1320 4494 causa
1356 4422 1437 4496 tulit
1464 4445 1507 4494 ac
1527 4419 1666 4495 deinde
1687 4447 1760 4495 cae

268 4545 338 4619 teri
366 4545 469 4620 iuxta
496 4546 667 4621 ordinem
694 4545 810 4619 Turni
839 4546 1114 4642 comprehenso
1133 4547 1247 4620 etiam
1276 4546 1374 4620 ano
1395 4545 1537 4621 Molino
1569 4544 1759 4642 Episcopo

269 4670 427 4745 Brixien.
459 4671 522 4766 qui
550 4671 696 4768 etipse
724 4671 807 4744 loco
835 4697 904 4745 suo
934 4671 1099 4744 interluit
1125 4669 1173 4743 de
1207 4695 1391 4766 expresso
1424 4669 1533 4742 SSmi
1570 4675 1757 4745 mandate.

268 4795 409 4868 Prodiit
436 4794 660 4869 consultatio
687 4796 815 4869 lavore
843 4795 1127 4891 Archiepiscopi
1161 4791 1385 4894 Moguntini,
1406 4819 1520 4891 quam
1550 4794 1617 4870 55.
1642 4795 1694 4869 D.
1717 4795 1755 4867 N.

264 4920 399 4994 merita
427 4944 562 4994 causae
591 4920 685 4993 mira
719 4919 911 4994 alacritate
939 4935 977 4994 et
1005 4921 1221 5017 eloquentia
1248 4945 1296 4993 ex
1323 4921 1471 5018 integro
1499 4920 1758 5019 restringendo

264 5045 429 5120 laudavit
471 5045 782 5143 adprobavitque‚
827 5047 935 5118 nobis
978 5047 1122 5119 interim
1164 5045 1361 5142 iniungens
1390 5069 1541 5118 servare
1574 5064 1756 5120 secretum

266 5187 399 5266 captae
441 5170 689 5244 resolutionis.
721 5169 812 5243 Post
849 5170 942 5243 haec
982 5170 1118 5268 singuli
1156 5170 1376 5243 tradidimus
1404 5185 1492 5244 vota
1534 5171 1570 5242 in
1613 5171 1758 5267 scriptis

349 5397 358 5432 ¹
377 5395 471 5457 Hanc
488 5397 726 5457 adnotationem
743 5397 891 5456 exaravit
909 5412 1008 5456 manu
1026 5413 1085 5456 sua
1103 5399 1172 5472 ipse
1191 5397 1445 5472 Elephantutius,
1463 5395 1683 5458 Camerarius.
