3720 5916
759 297 950 356 Alexnndro
971 297 1037 358 VII
1594 301 1647 360 391

142 511 277 562 norum
305 489 511 567 officiorum
540 489 804 576 celebratione,
834 491 1067 589 caeterisque
1095 492 1346 568 functionibus
1373 493 1647 580 ecclesiasticis,

140 637 348 694 careamus.
370 639 441 710 pro
468 629 600 688 nostra
618 615 797 711 pastorali
817 641 905 689 cura
923 617 1123 712 providere
1151 617 1333 704 volentes,
1356 618 1463 692 Motu
1494 619 1648 715 proprio

140 762 186 810 ac
214 763 262 811 ex
280 755 385 816 certa
403 739 559 814 scientia
587 757 625 814 et
644 755 792 814 matura
812 739 1082 816 deliberatione
1101 745 1251 831 nostris,
1273 745 1398 840 deque
1416 742 1649 840 apostolicae

141 864 344 957 potestatis
374 865 616 960 plenitudine,
646 864 804 939 dilectos
840 865 938 940 filios
967 866 1223 964 Cappellanos
1257 886 1409 942 nostros
1434 848 1647 942 'Causarum

142 967 280 1060 Palatii
301 988 512 1082 Apostolici
540 989 748 1062 Auditores
778 1014 885 1072 nunc,
907 1004 946 1063 et
973 991 1153 1088 deinceps
1172 991 1365 1087 perpetuis
1392 991 1525 1066 futuris
1553 1009 1649 1066 tem-

139 1113 298 1206 poribus
326 1113 545 1196 existentes,
581 1113 843 1192 Subdiaconos
872 1115 1126 1210 Apostolicos,
1164 1140 1306 1190 necnon
1342 1116 1500 1190 dilectos
1536 1116 1648 1190 etiam

138 1235 238 1309 filios
266 1238 462 1332 utriusque
499 1238 725 1335 Signaturae
755 1255 907 1312 nostrae
941 1239 1233 1314 Referendarios
1266 1242 1328 1337 qui
1357 1264 1455 1314 nunc
1482 1256 1581 1329 sunt,
1610 1257 1649 1314 et

140 1384 215 1454 pro
236 1377 408 1457 tempore
435 1362 751 1459 quandocumque
771 1387 881 1436 erunt
900 1380 1052 1438 nostrae
1072 1364 1298 1462 Signaturae
1327 1365 1493 1439 Iustitiae
1512 1363 1652 1438 Votan-

138 1501 213 1568 tes,
243 1486 452 1583 Acolythos
472 1487 717 1583 Apostolicos
735 1504 868 1562 tenore
887 1491 1144 1584 praesentium
1173 1490 1337 1575 facimus,
1360 1516 1541 1578 creamus,
1563 1515 1648 1564 con·

137 1609 331 1683 stituimus
351 1627 391 1684 et
410 1611 659 1698 declaramus,
681 1614 881 1707 ipsumque
899 1614 1151 1710 praelatorum
1172 1615 1399 1690 Auditorum
1422 1614 1646 1713 Collegium,

140 1759 211 1807 nec
240 1758 315 1807 non
345 1735 539 1830 praefatos
568 1735 796 1833 Signaturae
825 1739 992 1812 Iustitiae
1019 1736 1206 1814 Votantes
1234 1741 1270 1814 in
1298 1738 1419 1814 locum
1442 1739 1648 1814 Subdiaco-

140 1861 288 1943 noru'm,
319 1875 359 1934 et
392 1861 667 1957 Acolythorum
696 1887 765 1957 per
801 1885 880 1949 nos,
913 1880 954 1936 ut
990 1865 1251 1960 praemittitur,
1290 1891 1581 1963 suppressorum
1609 1879 1649 1938 et

135 1983 374 2072 abolitorum,
394 1987 606 2081 respective
635 2001 718 2060 cum
748 1985 884 2061 eodem
912 1989 1067 2064 omnino
1096 2014 1211 2064 onere
1238 1990 1441 2064 assistendi
1467 2007 1507 2064 et
1534 1989 1648 2082 inser·

138 2105 266 2180 viendi
296 2108 416 2182 Nobis
443 2127 483 2184 et
502 2111 677 2184 Romano
706 2110 870 2184 Pontifici
897 2137 967 2207 pro
995 2129 1165 2210 tempore
1192 2115 1378 2201 existenti,
1399 2115 1529 2188 tamin
1550 2113 1647 2210 Cap·

140 2232 241 2326 pella
269 2250 399 2306 nostra
422 2258 536 2329 quam
566 2235 601 2307 in
628 2233 710 2308 aliis
738 2235 929 2330 inquibus
958 2237 1078 2312 Nobis
1106 2254 1144 2312 et
1172 2239 1345 2314 Romano
1374 2238 1549 2312 Pontince
1577 2262 1647 2334 pro

139 2371 313 2451 ternpore
341 2359 527 2433 existente
550 2360 813 2453 praesentibus
841 2361 967 2434 divina
994 2361 1281 2438 celebrabuntur
1308 2363 1427 2438 officia
1442 2361 1646 2450 ‘Ecclesiis

139 2505 287 2554 necnon
324 2484 640 2578 processionibus,
672 2485 906 2580 caeterisque
942 2485 1192 2562 functionibus
1229 2487 1438 2575 Pontificiis,
1466 2488 1517 2561 ad
1543 2487 1647 2584 quod

138 2605 227 2679 dicti
257 2605 493 2693 Subdiaconi,
524 2622 564 2682 et
591 2608 766 2705 Acolythi
796 2609 939 2684 ratione
964 2636 1117 2685 suorum
1146 2611 1364 2702 officiorum,
1384 2628 1472 2686 ante
1499 2611 1645 2688 illorum

140 2732 448 2826 suppressionem
487 2748 526 2806 et
563 2735 840 2822 extinctionem,
871 2754 912 2808 ut
943 2736 1156 2832 praefertur
1192 2736 1320 2822 lactas,
1360 2735 1646 2832 quomodolibet

140 2857 367 2930 tenebantur
394 2872 434 2930 et
460 2857 618 2955 obligati
644 2873 764 2941 erant,
793 2875 945 2934 etcum
973 2861 1148 2936 omnibus
1176 2877 1215 2934 et
1243 2861 1399 2960 singulis
1427 2860 1642 2948 honoribus,

138 2981 424 3079 praerogativis,
456 2983 741 3079 praecedentiis,
770 3001 811 3058 et
838 2985 1149 3079 praeeminentiis,
1179 3011 1278 3084 quae
1306 2987 1354 3060 de
1382 2988 1471 3072 iure,
1506 3002 1572 3060 aut
1597 3009 1647 3060 ex

139 3105 481 3191 constitutionibus,
513 3125 552 3182 et
579 3108 732 3182 indultis
760 3109 1004 3206 Apostolicis,
1035 3111 1094 3184 vel
1122 3137 1169 3186 ex
1198 3137 1266 3184 usu
1295 3128 1336 3185 et
1363 3112 1645 3198 consuetudine,

138 3246 179 3302 et
211 3230 302 3304 alias
339 3233 695 3328 quomodocumque
730 3233 988 3318 Subdiaconis,
1018 3252 1057 3309 et
1094 3236 1290 3332 Acolythis
1323 3235 1564 3331 Apostolicis,
1604 3251 1645 3309 ut

139 3355 393 3449 praemittitur
418 3359 635 3452 suppressis
653 3375 692 3430 et
718 3358 878 3444 abolitis,
900 3357 1122 3457 illorumque
1152 3360 1332 3458 Collegiis
1359 3375 1447 3434 ante
1466 3385 1645 3457 suppres-

138 3478 296 3565 sionem,
326 3496 366 3554 et
392 3481 631 3556 abolitionem
660 3480 871 3556 huiusmodi
898 3486 1174 3580 competebant,
1205 3486 1372 3581 exceptis
1408 3499 1533 3558 tannen
1563 3485 1646 3580 qui-

138 3605 269 3678 busvis
298 3604 515 3693 redditibus,
546 3623 586 3680 et
613 3607 875 3682 emolumentis
903 3607 1171 3705 temporalibus
1200 3610 1290 3704 ipsis
1319 3607 1575 3694 Subdiaconis,
1607 3624 1647 3681 et

139 3729 338 3826 Acolythis
367 3729 591 3827 illorumque
620 3729 799 3829 Collegiis
827 3733 915 3806 olim
952 3734 1154 3830 assignatis
1190 3751 1230 3808 et
1256 3750 1344 3808 ante
1371 3735 1526 3806 easdem
1555 3757 1645 3830 sup-

137 3855 374 3950 pressionem
403 3869 443 3928 et
468 3855 712 3929 abolitionem
732 3854 802 3929 illis
830 3856 976 3942 debitis,
998 3871 1037 3930 et
1065 3882 1134 3954 per
1150 3881 1217 3932 eos
1236 3857 1377 3954 percipi
1396 3857 1524 3938 solitis,
1546 3881 1644 3955 quae

141 3978 328 4052 Camerae
358 3995 510 4054 nostrae
548 3979 791 4075 Apostolicae
819 4005 888 4077 per
924 4003 994 4056 nos
1027 3983 1098 4056 ianr
1127 3982 1314 4078 applicata
1341 3998 1381 4055 et
1408 3980 1646 4078 incorporata

137 4121 238 4189 sunt,
262 4104 382 4188 Motu,
403 4104 569 4190 scientia,
590 4103 870 4190 deliberatione,
896 4131 941 4180 ac
969 4106 1169 4202 potestatis
1198 4105 1428 4204 plenitudine
1446 4123 1486 4180 et
1513 4122 1644 4180 tenore

139 4228 294 4325 paribus
324 4229 584 4305 substituimus
612 4244 653 4302 et
680 4231 946 4328 subrogamus.

223 4354 280 4426 Ac
311 4355 464 4450 insuper
491 4353 669 4450 praelatis
699 4356 956 4438 Auditoribus,
985 4371 1183 4430 eteorum
1219 4355 1376 4454 singulis
1403 4379 1510 4440 nunc,
1539 4373 1580 4430 et
1608 4356 1643 4430 in

139 4479 306 4552 futurum
325 4481 641 4575 quandocumque
659 4479 917 4565 existentibus,
939 4505 1009 4576 pro
1029 4482 1157 4554 maiori
1177 4481 1367 4555 ministerii
1382 4483 1436 4554 eis
1450 4505 1520 4577 per
1533 4507 1644 4577 prae-

139 4619 270 4678 sentes
298 4604 448 4677 iniuncti
476 4607 624 4689 decore,
646 4629 690 4677 ac
710 4629 861 4677 suarum
881 4629 1127 4700 personarum
1150 4625 1383 4692 ornamento,
1405 4621 1448 4680 ut
1465 4607 1644 4701 deinceps

137 4744 286 4802 vestem
322 4729 548 4814 interiorem,
583 4752 681 4825 quae
718 4730 913 4815 subtanea,
947 4752 1091 4805 necnon
1127 4730 1236 4804 aliam
1274 4732 1511 4817 exteriorem,
1545 4755 1643 4826 quae

138 4853 414 4928 mantellettum
451 4851 567 4951 vulgo
604 4868 877 4951 nuncupantur,
914 4854 1067 4928 violacei
1107 4854 1253 4942 coloris,
1291 4881 1334 4930 ac
1371 4855 1483 4929 etiam
1525 4854 1643 4954 galeri

140 4978 410 5064 redimiculum,
440 4980 595 5053 cerdone
622 4979 738 5076 vulgo
766 4965 917 5064 dictum,
948 4979 1117 5053 eiusdem
1150 4981 1286 5053 coloris
1322 4979 1476 5054 violacei
1504 4980 1643 5076 ubique

138 5104 321 5191 delerant,
358 5105 620 5200 praecipimus,
650 5120 690 5178 et
726 5105 961 5178 mandamus.
991 5105 1230 5201 iniungentes
1259 5120 1461 5202 propterea
1498 5105 1642 5179 dilectis

139 5231 280 5325 pariter
308 5227 391 5301 filiis
409 5229 726 5302 caeremoniarum
754 5228 924 5302 eiusdem
955 5227 1163 5324 Cappellae
1191 5228 1398 5328 Magistris,
1420 5245 1463 5302 ut
1487 5230 1643 5304 eosdem

141 5354 349 5428 Auditores
376 5354 432 5427 ad
453 5353 776 5428 Subdiaconorum
803 5371 843 5428 et
864 5355 1048 5428 Votantes
1068 5354 1260 5451 praefatae
1288 5354 1514 5453 Signaturae
1534 5355 1642 5428 lusti-
