3684 5920
769 307 773 320 ι
889 340 1027 402 Saeculo
1045 342 1128 404 XIX

954 675 1044 754 586.

254 815 427 890 Decauus
455 818 573 891 Rotae
601 818 844 891 Auditori'bus
874 825 999 891 notum
1015 819 1126 914 facit,
1159 818 1405 892 Secretarium
1434 818 1561 894 Status
1595 821 1667 894 sibi
1682 834 1755 923 per

331 942 516 1039 epistolam
544 929 779 1038 siginifiiasse,
809 942 995 1015 dominnm
1014 944 1218 1016 Antonium
1237 941 1388 1016 Martin
1411 945 1519 1030 Villa,
1542 946 1747 1045 bii'spaniiin,

332 1065 417 1140 brim
434 1067 479 1140 ab
497 1093 595 1140 anno
613 1070 708 1163 1854
725 1067 871 1140 electum
889 1076 925 1139 et
938 1069 1163 1140 nominatum
1190 1069 1230 1140 in
1259 1067 1297 1144 S.
1315 1070 1364 1143 R.
1382 1070 1500 1143 Rotae
1522 1071 1750 1159 Auditorum,

329 1192 396 1264 sed
418 1215 618 1288 numquam
646 1191 803 1285 officium
823 1192 992 1289 potitum,
1023 1217 1129 1289 «per
1147 1217 1262 1265 causa
1290 1193 1326 1265 di
1357 1192 1477 1268 salute
1497 1195 1527 1267 si
1547 1195 1568 1268 ὲ
1588 1197 1754 1270 dimesso

339 1317 561 1416 «mediante
591 1315 745 1390 formale
773 1331 853 1388 atto
882 1314 918 1387 di
946 1317 1110 1389 rinuncia
1138 1315 1236 1391 dalla
1264 1317 1382 1392 carica
1410 1319 1447 1390 di
1477 1317 1637 1393 Uditore
1657 1321 1752 1394 della

339 1440 413 1515 «S.
446 1440 545 1514 Rota
574 1441 745 1515 Romana
773 1465 841 1537 per
872 1440 909 1514 la
944 1465 1083 1514 corona
1120 1440 1157 1514 di
1194 1444 1386 1539 Aragona,
1416 1467 1439 1514 a
1467 1445 1525 1516 cui
1550 1469 1616 1517 era
1654 1461 1753 1518 stato

337 1566 566 1640 <nominato
594 1565 654 1640 nel
690 1569 888 1660 1854...›.
919 1611 945 1621 -
973 1567 1049 1640 Die
1072 1589 1100 1662 3
1128 1567 1296 1664 Augusti
1318 1569 1427 1663 1857.

329 1723 444 1796 (Auca.
464 1721 551 1794 Rau,
575 1722 701 1781 ‹Liber
719 1720 752 1779 S.
771 1721 887 1798 Rotae,
905 1740 938 1781 n.
958 1723 1019 1796 t»,
1035 1731 1115 1797 pag.
1133 1723 1217 1793 ⁶12).
1271 1781 1275 1798 ,

955 1969 1046 2050 587.

429 2119 525 2194 Rota
551 2120 722 2216 aperitur
748 2143 866 2192 mense
892 2118 1104 2204 novembris,
1133 2117 1191 2190 die
1219 2118 1337 2191 Rotae
1364 2118 1575 2193 iuramenti.

327 2274 444 2344 (Arcu.
463 2273 550 2346 Ros„
574 2271 697 2331 «Liber
714 2271 747 2332 S.
766 2271 881 2344 Rotae,
899 2287 932 2330 n.
951 2271 1014 2343 t»,
1031 2279 1108 2344 pag.
1126 2269 1212 2344 613).

693 2457 822 2530 Lunae
857 2463 902 2529 16
933 2454 1159 2530 Novembris
1193 2459 1303 2549 1857.

326 2602 454 2674 Patres
483 2599 593 2673 hodie
622 2623 731 2672 mane
759 2599 794 2670 in
823 2597 923 2671 Aula
951 2596 1131 2672 Vaticana
1169 2613 1425 2672 convenerunt
1461 2623 1531 2695 pro
1567 2615 1744 2673 consueta

245 2726 401 2800 solemni
431 2726 552 2798 Rotae
578 2724 796 2818 aperitione.
828 2724 872 2797 R.
905 2723 943 2795 P.
968 2723 1014 2794 Ι).
1037 2723 1108 2794 mei
1138 2722 1192 2795 La
1212 2723 1317 2797 Tour
1344 2723 1592 2820 d’Auvergne
1612 2742 1654 2798 et
1675 2722 1740 2796 Pel-

242 2849 373 2948 legrioi
402 2873 539 2946 magno
568 2849 743 2922 comitatu
773 2849 1035 2944 equitarunt...
1067 2845 1364 2921 Constitutiones
1402 2849 1635 2944 apostolicae
1664 2873 1741 2945 per-

145 3054 150 3063 ,
244 2977 362 3049 lectae
390 2974 476 3047 inde
503 2975 605 3047 tuere
634 2999 677 3046 ac
705 2975 953 3048 iuramentum
980 2974 1030 3046 ab
1058 2973 1230 3046 omnibus
1258 2973 1479 3069 praestitum
1507 2974 1623 3049 suit...

951 3273 1041 3351 588.

241 3418 405 3500 Litteris,
435 3417 557 3490 missis
583 3443 607 3490 a
636 3415 785 3490 Decano
812 3415 867 3489 ad
892 3417 1025 3490 Emum
1056 3415 1296 3491 Cardinalem
1324 3418 1517 3494 Antonelli
1539 3447 1564 3492 a
1585 3419 1733 3496 Sacratis
1820 3441 1821 3450 ¹

322 3541 450 3616 Status
477 3587 503 3598 -
530 3543 598 3640 qui
620 3567 739 3613 mense
775 3540 910 3614 octobri
942 3567 966 3613 a
999 3543 1098 3616 Rota
1127 3543 1291 3641 petierat
1315 3544 1510 3639 <qualche
1529 3545 1624 3618 utile
1654 3571 1733 3642 sug·
1819 3585 1820 3617 r

321 3669 532 3766 gerimento
562 3666 613 3761 (di
643 3664 808 3764 risorme)
836 3667 932 3739 nella
959 3681 1067 3761 parte
1095 3667 1251 3740 relativa
1278 3667 1351 3741 alla
1379 3693 1447 3740 sua
1475 3671 1687 3764 procedura
1712 3712 1734 3722 -

322 3792 461 3866 Sacrae
497 3794 615 3867 Rotae
650 3789 688 3864 Τ
682 3789 836 3864 ribuual
860 3789 1053 3881 Pontifices
1093 3790 1280 3865 Gubernio
1311 3802 1464 3891 praeter
1502 3794 1581 3866 alia
1613 3809 1736 3892 prices
1817 3777 1818 3780 Ἴ

319 3919 388 3991 dat
422 3928 464 3991 ut
494 3916 740 3990 Adiutori'bus
766 3942 791 3988 a
823 3913 965 3988 Studiis
1002 3917 1071 4002 iiis,
1095 3926 1183 4015 post
1212 3917 1396 4014 expletum
1426 3927 1499 4014 per
1528 3917 1734 3992 decennium

320 4043 518 4117 Adiutorii
545 4065 689 4128 muniis,
718 4040 935 4114 concedatur
962 4040 1017 4114 ad
1039 4041 1197 4136 officium
1211 4042 1285 4115 'uel
1317 4042 1456 4116 Iudicis
1490 4043 1610 4140 togati
1630 4055 1734 4140 penes

323 4167 435 4241 Cim'le
456 4165 493 4237 T
488 4165 642 4238 ribunal
664 4165 784 4250 Urbis,
806 4165 864 4238 vel
880 4165 1018 4238 Iudicis
1035 4165 1290 4266 appellationis
1308 4167 1347 4239 in
1367 4167 1584 4252 Provinciis,
1605 4167 1733 4240 eisdem

319 4289 564 4362 Adiutoribus
578 4288 633 4360 oa'
647 4287 891 4362 iubilationem
906 4288 1189 4385 consequendam
1202 4298 1403 4386 computato
1416 4290 1558 4363 utiliter
1569 4289 1733 4363 decennia

318 4416 359 4486 in
378 4415 476 4486 Rota
494 4438 633 4486 imenso
647 4457 662 4467 -
682 4412 836 4486 Sacratis
854 4423 973 4485 autem
996 4413 1165 4486 solemnis
1182 4414 1400 4513 pollicitatio
1422 4413 1538 4504 fieret,
1557 4415 1661 4513 ipsis,
1679 4413 1735 4486 sui

318 4540 483 4612 muneris
509 4540 549 4611 iri
578 4539 677 4612 Rota
694 4552 768 4637 per
791 4557 817 4632 5
853 4564 970 4611 annos
996 4538 1181 4612 laudabile
1207 4541 1422 4612 exercitium
1449 4541 1553 4613 titulo
1569 4539 1663 4636 sore
1686 4535 1734 4611 ad
1809 4621 1810 4624 Ἴ

317 4666 596 4738 nominationem
625 4663 885 4759 assequendam
921 4663 981 4736 vel
1006 4663 1144 4738 ludices
1163 4664 1362 4738 Auditori's
1379 4665 1495 4738 civilis
1520 4665 1557 4737 T
1552 4663 1705 4738 ri'biinol
1711 4665 1717 4676 '
1807 4625 1810 4729 l

326 4790 444 4874 Urbis,
474 4789 533 4862 vel
557 4788 696 4861 Iudicis
723 4787 964 4861 tribunalium
986 4789 1134 4886 primae
1163 4791 1366 4863 instantiae
1393 4791 1431 4864 in
1460 4788 1678 4862 Provinciis.

316 4945 430 5018 (Auca.
449 4944 536 5014 Ros„
563 4943 689 5004 «Liber
707 4943 741 5003 S.
759 4943 875 5018 Rotae,
893 4961 926 5003 n.
945 4944 1009 5016 t»,
1023 4951 1102 5018 pag.
1112 4944 1272 5018 617-618).

667 5129 738 5202 Die
766 5129 862 5203 dicta
895 5130 962 5226 (20
991 5129 1149 5202 Ianuarii
1175 5131 1297 5224 1858).

319 5272 472 5347 Sacrum
501 5270 678 5345 Tribunal
708 5269 895 5344 desiderio
924 5285 1067 5343 motum
1096 5269 1314 5343 meliorandi
1334 5286 1476 5343 sortem
1503 5269 1719 5344 Adiutorum

236 5422 258 5469 a
287 5397 419 5470 studiis
445 5423 489 5470 ac
517 5421 648 5471 eorum
677 5397 739 5491 qui
767 5397 821 5469 uti
849 5419 871 5468 a
899 5393 1061 5469 Secretis
1089 5394 1128 5468 S.
1151 5395 1273 5468 Rotae
1294 5392 1542 5468 Auditoribus
1574 5417 1717 5490 operam
