3720 5914
237 291 289 351 170
885 289 1022 351 Saecula
1041 289 1111 350 XV

234 491 319 576 pter
353 493 501 554 vestras
536 481 757 556 devotiones
798 504 1031 579 magnopere
1067 479 1261 555 hortamur
1301 496 1343 554 ut
1383 481 1581 554 memorati
1612 479 1733 554 sancti

236 603 401 678 Heinrici
429 604 684 692 donacionem,
707 621 786 678 tum
814 606 928 680 etiam
956 605 1139 702 prefatam
1167 604 1387 680 laudabilem
1406 619 1446 679 et
1473 605 1731 702 prescriptam,

234 729 543 803 consuetudinem
570 731 821 816 attendentes,
850 755 898 804 ea
925 730 1182 804 moderatione
1209 729 1245 802 in
1274 728 1344 803 hac
1371 753 1486 804 causa
1513 730 1731 826 procedere,

233 869 272 928 et
299 853 455 928 diffinire
484 854 621 929 curetis
658 879 705 928 ne
739 852 800 929 illa
836 854 996 929 donacio
1032 853 1237 950 Imperialis
1274 854 1468 950 quitquam
1493 854 1661 942 violetur,
1693 870 1734 928 et

233 978 365 1074 prelati
394 978 535 1053 tructus
562 979 677 1054 tercie
706 981 823 1076 partis
854 977 941 1054 alibi
973 1003 1087 1075 quam
1120 1003 1189 1076 per
1220 994 1390 1054 nostrum
1423 977 1733 1074 predecessorem

234 1103 479 1197 sepedictum,
509 1103 574 1200 qui
605 1104 707 1200 apud
735 1103 894 1178 celestes
925 1103 1016 1200 agit,
1046 1103 1208 1178 ordinati
1236 1120 1333 1190 sunt,
1360 1104 1589 1198 deputentur
1614 1127 1732 1200 quum

231 1225 312 1300 eius
340 1227 600 1302 fundacionem
628 1245 668 1302 et
695 1227 941 1302 donacionem
968 1245 1011 1302 ut
1037 1244 1347 1302 manuteneamus
1375 1251 1499 1324 neque
1531 1225 1733 1324 infringere

232 1351 430 1446 patiamur,
461 1350 780 1448 quemadmodum
808 1352 986 1426 faciemus
1012 1352 1062 1426 ad
1090 1376 1159 1427 nos
1187 1377 1236 1426 ex
1268 1351 1452 1448 imperiali
1486 1349 1608 1426 officio
1644 1375 1734 1448 spe·

232 1490 321 1550 ctat.
353 1477 493 1550 Datum
521 1477 558 1550 in
586 1478 701 1574 opido
729 1492 861 1553 nostro
880 1477 997 1552 Gretz
1016 1473 1303 1570 Quintadecima
1321 1477 1382 1552 die
1401 1476 1540 1550 mensis
1558 1476 1734 1552 februarii

231 1624 331 1676 anno
358 1602 497 1676 domiui
524 1603 643 1676 nostri
670 1603 1046 1702 sexagesimooctavo
1074 1605 1293 1703 Regnorum
1330 1618 1544 1678 nostrorum
1572 1601 1734 1678 Romani

231 1724 546 1800 vicesimooctavo
574 1726 722 1822 Imperii
749 1729 1006 1803 sextodecimo
1035 1726 1233 1827 Hungarie
1260 1751 1351 1802 vero
1379 1749 1491 1802 nono.

313 1852 375 1925 Ad
403 1853 621 1926 mandatum
649 1853 788 1927 domini
817 1853 1082 1950 Imperatoris.
1100 1913 1135 1929 ..

1130 2013 1315 2088 lohannes
1343 2011 1446 2087 Roth
1457 2069 1520 2088 .....
1551 2012 1728 2088 decanus.

942 2314 1029 2394 103.

231 2471 328 2548 Pius
354 2473 406 2547 II
424 2473 480 2547 ad
494 2486 625 2574 preces
642 2475 882 2562 Auditorum,
895 2475 1100 2576 pnoelegia
1117 2477 1428 2576 cxpectatioarum
1446 2476 1579 2551 Qum
1595 2477 1729 2550 &dem

311 2597 516 2692 confirmat,
545 2599 771 2696 conceditque
786 2599 1008 2696 facultatem
1033 2600 1297 2676 commissimus
1313 2625 1513 2675 comarum
1538 2601 1729 2699 regnandi,

310 2747 509 2822 causasque
536 2723 782 2799 Audc‘toribus
807 2726 1053 2800 committendi
1085 2725 1281 2800 «durante
1308 2727 1480 2801 absentia
1513 2727 1731 2801 Sanctitatis

318 2848 433 2922 ‹Sue
473 2851 522 2923 ab
557 2847 678 2935 Urbe,
718 2848 1045 2934 Vicecancellario,
1086 2876 1153 2926 seu
1191 2849 1446 2925 cancellariam
1482 2851 1730 2947 apostolicam

319 2973 530 3071 ‹Regenti
561 2974 620 3049 vel
649 2973 913 3062 Gubernatori,
945 3001 1013 3050 seu
1042 2975 1192 3050 Vicario
1221 2975 1387 3050 Urbis».
1409 2975 1515 3072 1463,
1544 2976 1643 3050 cunii
1668 2997 1728 3071 17,

311 3099 464 3174 Romae.

302 3253 416 3323 (Asca.
435 3253 523 3322 Ror..
547 3253 763 3328 «Prcbc'lcgc‘a
777 3279 805 3326 »,
823 3261 900 3314 tom.
920 3254 1050 3330 Lpart.
1069 3256 1098 3330 I,
1116 3273 1148 3316 n.
1168 3255 1271 3328 XIV).

940 3557 1025 3636 104.

230 3715 351 3789 Pauli
374 3715 423 3790 Il
447 3717 707 3814 (1464·1471)
734 3717 1038 3818 lllolrurpropn'us
1070 3669 1258 3815 sa'grccltum
1291 3729 1361 3818 per
1387 3743 1588 3792 concessum
1614 3720 1727 3818 reges,

310 3841 649 3968 quonAuditoribus
674 3843 793 3916 Rotae
818 3843 1016 3938 confirmat
1040 3849 1075 3916 et
1099 3851 1212 3940 auget
1228 3843 1469 3941 praeelegium
1495 3844 1535 3919 iu
1562 3853 1730 3941 expecto·

311 3966 406 4042 bair.

309 4119 426 4192 (Asca.
446 4119 532 4192 Ror,
556 4119 773 4192 ‹Prcuizcgm
789 4145 813 4190 ι,
832 4125 909 4180 tom.
928 4121 1061 4196 Lpart.
1081 4121 1110 4194 I,
1127 4137 1160 4180 n.
1180 4120 1322 4194 XVIII).

1296 4285 1373 4359 1465,
1392 4287 1530 4346 ianuarii
1549 4288 1575 4360 4,
1595 4285 1729 4345 Romae.

310 4442 554 4523 Confirmatio
583 4447 861 4547 privilegiorum
889 4449 1117 4524 Auditorum
1155 4449 1268 4526 Rote.
1297 4493 1323 4504 -
1349 4451 1386 4524 T
1382 4449 1455 4525 laco.
1493 4449 1727 4526 Tarotm'nur.

310 4572 419 4660 Cum,
454 4571 551 4646 sicut
577 4573 801 4669 accepimus,
831 4573 877 4648 ie.
908 4599 960 4650 re.
992 4572 1169 4648 Nicolaus
1190 4575 1236 4660 V,
1260 4574 1425 4650 Calistus
1452 4574 1499 4647 lll
1518 4591 1559 4649 et
1578 4574 1664 4648 Pius
1683 4575 1726 4659 11,

225 4696 519 4794 predecessores
547 4697 677 4779 nostri,
705 4698 805 4772 adeo
831 4697 1055 4773 favorabiles
1081 4699 1226 4796 gratias
1248 4715 1287 4773 et
1309 4698 1571 4796 prerogativae
1597 4723 1730 4796 quam·

226 4820 395 4919 pluribus
423 4823 596 4918 personis
624 4824 888 4910 concesserint,
911 4824 1015 4919 quod
1043 4823 1167 4899 dilecti
1185 4823 1246 4898 filii
1265 4824 1472 4900 Auditores
1494 4825 1623 4923 palatii
1640 4849 1727 4900 cau-

227 4969 354 5021 sarum
382 4945 589 5042 apostolici,
619 4947 683 5044 qui
717 4947 831 5021 etiam
858 4947 977 5022 nostri
1003 4963 1043 5022 et
1072 4949 1170 5022 dicte
1198 4946 1300 5022 sedis
1329 4947 1524 5046 Capellani
1551 4974 1597 5024 ac
1623 4949 1730 5025 lami·

224 5069 337 5144 liares
370 5070 535 5146 continui
572 5069 847 5145 commensales
880 5071 1058 5158 existunt,
1087 5073 1123 5146 in
1157 5072 1429 5167 assequutione
1461 5073 1727 5149 beneficiorum

227 5219 301 5291 que
337 5195 469 5294 vigore
503 5196 711 5293 gratiarum
747 5196 1067 5291 expectativarum
1104 5195 1160 5271 eis
1193 5219 1456 5272 concessarum
1493 5198 1729 5295 temporibus

226 5319 421 5416 potissime
449 5319 633 5394 dictorum
662 5319 987 5415 predecessorum,
1016 5320 1221 5420 privilegiis
1252 5335 1329 5394 tam
1359 5345 1429 5418 per
1455 5322 1515 5420 pie
1547 5323 1728 5400 memorie
