3686 5916
719 273 898 334 Benedicta
918 271 1006 333 XIV
1555 268 1611 330 519

113 468 508 565 terminandarumque
522 466 782 564 disquisitione
801 491 871 564 pro
889 466 981 540 virili
1000 481 1109 563 parte
1127 465 1267 538 versati
1285 463 1474 549 fuerimus,
1490 461 1612 560 magis

115 593 311 693 magisque
338 592 518 690 deinceps
544 594 647 690 apud
675 593 757 667 Nos
778 592 1032 667 crescentibus
1049 590 1158 666 anuis
1176 590 1372 686 auctisque
1395 588 1612 663 muneribus

113 719 166 793 ita
193 717 357 806 invaluit,
392 735 435 793 ut
462 719 703 815 conspicuam
736 719 904 815 ipsorum
940 715 1257 814 Cappellanorum
1292 714 1458 788 muneris
1492 711 1614 811 digni-

113 857 242 930 tatem,
272 867 480 940 eorumque
512 845 707 942 egregiam
738 843 775 916 in
811 841 1108 916 administranda
1143 839 1283 914 iustitia
1317 839 1539 936 sapientiam
1574 852 1614 911 et

113 967 369 1067 integritatem
395 993 452 1056 ea,
483 993 559 1067 qua
585 966 708 1055 decet,
738 968 984 1042 veneratione
1011 989 1162 1064 semper
1188 963 1505 1062 perspexerimus.

197 1091 313 1168 Porro
340 1092 390 1165 ad
416 1092 510 1166 haec
536 1094 696 1168 accessit
715 1090 916 1190 singularis
935 1090 1069 1176 honor,
1088 1089 1193 1164 cuius
1211 1089 1393 1163 memoria
1410 1086 1513 1184 apud
1531 1085 1613 1160 Nos

113 1215 236 1290 adhuc
264 1242 396 1292 recens
424 1234 653 1314 perseverat,
685 1216 816 1302 Nobis,
845 1230 1051 1313 postquam
1086 1215 1121 1288 in
1157 1214 1440 1288 Advocatorum
1478 1209 1613 1285 Consi·
1709 1195 1710 1199 ¹

113 1341 319 1418 storialium
348 1341 558 1442 Collegium
587 1345 636 1418 ab
663 1365 762 1416 anno
791 1342 868 1416 sere
894 1365 980 1415 cum
1009 1339 1161 1414 dimidio
1188 1338 1321 1414 adsciti
1354 1336 1556 1422 fueramus,
1589 1361 1613 1410 a

113 1481 197 1541 toto
223 1467 423 1544 Auditorio
450 1467 609 1553 delatus,
640 1493 724 1542 cum
751 1482 921 1541 exortam
944 1465 993 1540 de
1012 1464 1090 1538 iure
1110 1464 1301 1539 Canonico
1318 1461 1612 1538 controversiam

112 1615 136 1664 a
155 1591 380 1690 iurisperitis
399 1615 591 1690 nunquam
609 1592 793 1691 agitatam
813 1590 934 1666 Nobis
953 1613 1129 1664 unacum
1147 1588 1267 1663 altero
1289 1588 1397 1662 huius
1417 1587 1612 1662 Romanae

114 1715 252 1791 Curiae
270 1718 496 1817 gravissimo
516 1718 679 1792 Patrono
696 1741 767 1814 pro
785 1715 945 1792 veritate
963 1715 1235 1790 discutiendam
1264 1712 1612 1809 diiudicandamque

113 1841 248 1916 detulit
275 1841 375 1916 idem
402 1841 652 1918 Auditorium.

194 1965 234 2038 ln
261 1967 331 2042 hac
358 1991 450 2041 vero
478 1989 655 2064 suprema
681 1965 920 2041 Sacrosancti
949 1965 1201 2062 Apostolatus
1235 1963 1390 2060 specula
1423 1985 1492 2058 per
1525 1958 1613 2033 inel-

113 2088 262 2166 sabilem
289 2091 436 2167 divinae
464 2092 641 2168 bonitatis
675 2090 944 2167 abundantiam
979 2088 1181 2177 constituti,
1218 2105 1361 2185 quanto
1395 2087 1431 2160 in
1470 2087 1612 2160 honore

113 2214 352 2291 Auditorium
381 2216 594 2292 huiusmodi
625 2218 843 2300 habeamus,
874 2215 1012 2312 quibus
1040 2229 1220 2312 paternae
1247 2212 1437 2287 charitatis
1478 2209 1612 2286 studiis

112 2341 283 2414 eiusdem
314 2340 569 2438 Cappellanos
601 2338 808 2416 Auditores
843 2341 1147 2436 complectamur,
1182 2353 1224 2413 et
1257 2336 1389 2436 quanti
1421 2335 1610 2420 iaciamus,

113 2464 184 2562 ipsi
213 2465 388 2563 equidem
406 2491 499 2564 prae
516 2465 677 2542 coeteris
695 2465 830 2542 clarius
849 2464 1036 2561 explicare
1059 2480 1231 2560 possunt.
1252 2463 1334 2538 Nos
1353 2486 1455 2549 vero,
1476 2475 1518 2535 ut
1537 2485 1612 2536 non

113 2591 315 2664 obscurum
345 2589 523 2665 Pontificii
551 2592 599 2664 de
625 2589 761 2664 eximia
787 2589 1007 2664 eorumdem
1036 2587 1328 2686 iurisprudentia
1356 2585 1478 2661 iudicii
1504 2610 1613 2686 argu·

113 2730 282 2789 mentum
327 2715 512 2791 universis
552 2717 830 2812 praeberemus,
875 2738 1039 2799 causam,
1069 2738 1137 2787 seu
1179 2712 1486 2796 controversiam,
1515 2709 1614 2784 inter

113 2840 273 2915 Venlem
302 2840 412 2916 Frem
441 2840 646 2914 iohannem
680 2839 886 2914 Macarium
922 2838 1152 2935 Episcopum
1195 2838 1524 2935 cupersanensem
1565 2859 1613 2908 ex

114 2990 200 3051 una,
231 2980 270 3039 et
299 2964 500 3062 Hospitale
527 2965 606 3040 Scti
643 2965 791 3039 loannis
821 2962 1155 3061 Hierosolymitani
1195 2987 1243 3037 ex
1284 2961 1403 3036 altera
1443 2961 1612 3057 partibus

113 3107 325 3165 vertentem
353 3106 393 3165 et
419 3089 635 3168 iamdudum
664 3089 856 3188 agitatam,
887 3113 962 3161 una
980 3087 1129 3162 insimul
1147 3111 1232 3160 cum
1251 3085 1382 3160 iisdem
1402 3084 1611 3159 Causarum

115 3215 245 3290 Palatii
272 3215 483 3311 Apostolici
510 3213 757 3289 Auditoribus
785 3212 987 3288 diiudicare
1013 3211 1210 3288 voluimus.

195 3337 382 3434 Quoniam
411 3354 538 3414 autem
566 3340 663 3415 inter
690 3353 842 3414 coetera
870 3337 1034 3412 Decreta
1060 3363 1084 3412 a
1113 3335 1421 3436 congregatione
1439 3333 1613 3408 Venlium

115 3465 230 3540 Frum
260 3465 423 3541 Nrorum
453 3464 490 3542 S.
522 3465 568 3538 R.
599 3463 642 3538 E.
673 3441 928 3538 Cardinalium
956 3459 1081 3537 Sacris
1105 3459 1363 3537 Coeremoniis
1381 3459 1609 3558 praeposita,

115 3590 242 3665 habita
269 3590 329 3664 die
355 3613 437 3666 xx11
466 3589 606 3664 mensis
641 3587 855 3664 novembris
889 3589 1059 3686 proxime
1093 3587 1212 3684 elapsi
1245 3586 1348 3660 edita
1388 3609 1487 3681 quae
1515 3585 1613 3658 inse·

114 3717 245 3814 quenti
271 3716 332 3791 die
359 3737 457 3790 xxm
484 3713 654 3790 eiusdem
682 3716 822 3790 mensis
859 3729 897 3790 et
931 3713 1016 3788 anni
1059 3712 1142 3787 Nos
1183 3710 1487 3808 approbavimus,
1524 3708 1613 3782 illud

115 3865 269 3938 quoque
303 3839 574 3925 continebatur,
613 3840 718 3935 quod
752 3837 841 3914 nulli
878 3836 1135 3913 Praelatorum
1171 3834 1335 3912 cuiusvis
1368 3835 1520 3912 Ordinis
1547 3851 1614 3909 aut

115 3965 273 4064 Collegii
302 3965 447 4053 suerint,
479 3966 542 4061 qui
571 3963 751 4040 Roccheti
778 3963 1043 4063 praerogativa
1062 3961 1213 4060 potitur,
1234 3961 1480 4056 imposterum
1504 3958 1615 4034 liceat
1689 3941 1691 3946 ¹

114 4093 250 4166 eodem
279 4091 410 4165 induto
437 4114 508 4188 per
535 4089 679 4164 Urbem
707 4089 893 4176 incedere,
924 4114 1008 4163 cum
1037 4087 1108 4163 hoc
1135 4102 1288 4185 gestare
1317 4085 1422 4160 unice
1441 4110 1488 4159 ex
1507 4085 1615 4158 Sum·

114 4241 260 4290 morum
290 4215 507 4290 Pontificum
534 4213 785 4290 munificentia
812 4237 999 4289 unacum
1026 4212 1212 4287 lemniscis
1247 4209 1364 4310 nigris
1400 4209 1449 4284 ad
1481 4209 1613 4306 Equos

115 4341 256 4438 proprii
283 4340 428 4415 Currus
453 4340 645 4437 appensis,
676 4339 963 4437 praecipuorum
992 4363 1146 4414 suorum
1174 4337 1379 4411 officiorum
1408 4335 1552 4409 ratione
1569 4359 1614 4408 ac

115 4463 356 4561 praestantia,
386 4465 611 4561 permissum
641 4463 690 4538 sit
717 4465 853 4539 Almae
881 4463 996 4538 Urbis
1016 4461 1281 4549 Gubernatori,
1303 4457 1613 4546 Vicecamerario,

116 4589 365 4666 Generalibus
394 4589 579 4665 Camerae
606 4589 852 4686 Apostolicae
880 4589 1056 4663 Auditori
1088 4611 1133 4662 ac
1167 4585 1429 4672 Thesaurario,
1468 4606 1615 4670 necnon

116 4713 311 4812 utriusque
340 4715 443 4789 Sacri
464 4713 594 4789 Palatii
613 4713 824 4810 Apostolici
843 4711 1047 4799 Praefecto,
1068 4727 1186 4807 atque
1204 4710 1360 4807 insuper
1382 4711 1431 4783 ob
1450 4708 1614 4782 distincti

115 4838 265 4914 habitus
291 4839 558 4926 accessionem,
590 4839 799 4912 Mozaettae
827 4837 1018 4912 sciliceta
1045 4859 1124 4912 san.
1152 4860 1262 4911 mem.
1293 4833 1500 4908 Benedicto
1526 4832 1615 4906 Xlll

115 4979 279 5060 quatuor
308 4962 540 5051 Patriarchis,
571 4961 991 5059 Constantinopolitano
1019 4961 1202 5048 videlicet,
1237 4957 1504 5044 Alexandrino,
1536 4957 1616 5030 An-

114 5088 288 5163 tiocheno
315 5104 354 5162 et
384 5087 726 5186 Hierosolymitano
755 5109 972 5174 concessae,
1001 5087 1090 5161 dum
1119 5085 1359 5160 Mantelletto
1376 5109 1421 5158 ac
1443 5082 1614 5181 praelata

117 5213 304 5287 Mozzetta
331 5215 451 5288 ornati
479 5214 745 5310 processerint.
776 5212 935 5286 Praelati
963 5227 1089 5286 autem
1119 5211 1183 5306 qui
1212 5210 1394 5284 Roccheti
1412 5231 1613 5308 praeroga-

116 5337 193 5411 tiva
220 5337 399 5426 fruuntur,
430 5353 518 5414 tunc
546 5353 691 5412 tantum
720 5354 870 5414 sument
897 5336 987 5412 illud
1015 5361 1084 5434 per
1111 5335 1241 5410 Scalas
1269 5333 1398 5408 Palatii
1422 5331 1611 5421 Pontificii,
