3748 5914
233 291 289 355 ner
613 255 619 268 '
872 292 1116 354 soecuzoxvr

236 488 430 583 sequenda
457 485 622 582 undique
650 485 842 559 confluunt
878 485 962 559 lites
997 503 1037 558 et
1068 511 1202 560 causas
1231 511 1320 560 suas
1348 501 1628 584 prosequentur
1654 512 1734 584 pre·

235 615 363 687 sertim
392 637 580 709 pauperes
611 635 681 708 pro
709 635 756 685 eo
789 612 892 706 quod
921 611 1078 698 Notarii,
1106 626 1191 684 acta
1228 628 1267 686 et
1302 636 1504 708 processus
1536 635 1733 687 causarum

233 739 269 812 in
307 739 441 812 eodem
478 737 679 810 Auditorio
719 737 962 833 pendentium
990 737 1260 818 scribentes‚a
1301 737 1474 812 domibus
1507 738 1734 812 Auditorum

234 889 387 938 suorum
416 863 529 961 longe
557 864 702 960 degunt
728 860 826 934 ultra
854 861 1197 936 incommoditatem
1218 861 1436 936 eorumdem
1455 862 1678 961 litigantium
1696 879 1736 936 et

235 989 415 1086 temporis
444 988 623 1061 iacturam
652 986 904 1060 diversimode
931 1004 1150 1084 gravantur,
1191 986 1283 1072 Nos,
1323 987 1516 1084 cupientes
1552 1003 1735 1083 quantum

234 1139 438 1210 possumus
475 1137 684 1208 pauperum
725 1126 764 1185 et
803 1110 960 1185 aliorum
1002 1112 1225 1208 litigantium
1258 1111 1447 1186 laboribus
1487 1126 1527 1186 et
1557 1115 1735 1186 oneribus

232 1240 386 1313 obviare
413 1253 453 1312 et
480 1253 693 1334 opportune
720 1236 929 1332 providere,
961 1261 1030 1310 nec
1058 1259 1133 1309 non
1152 1237 1377 1314 Auditorum
1406 1238 1735 1312 commoditatibus

233 1363 441 1448 consulere,
471 1378 576 1435 motu
605 1361 711 1436 simili
738 1376 778 1434 et
809 1385 857 1434 ex
885 1376 1016 1434 nostra
1034 1376 1136 1434 certa
1156 1362 1309 1434 scientia
1327 1361 1471 1434 dilectis
1503 1360 1586 1436 filiis
1618 1362 1735 1436 Audi-

235 1505 359 1561 torum
387 1486 515 1582 palatii
542 1486 736 1581 apostolici
774 1485 930 1559 Decano
967 1500 1007 1559 et
1041 1483 1201 1558 Camere
1237 1486 1444 1581 apostolice
1478 1478 1678 1570 Auditori,
1696 1504 1735 1560 et

233 1637 362 1685 eorum
391 1611 509 1697 alteri,
539 1611 804 1684 committimus
831 1625 871 1683 et
898 1611 1132 1696 mandamus,
1156 1625 1343 1707 quatenus
1362 1609 1482 1685 dictos
1510 1613 1678 1686 notarios
1696 1627 1737 1685 et

234 1762 364 1810 eorum
394 1736 620 1810 substitutos
649 1737 720 1809 sub
748 1735 898 1809 maioris
916 1735 1308 1810 excommunicationis
1327 1750 1366 1808 et
1384 1737 1602 1832 privationis
1629 1761 1737 1810 emo-

233 1862 485 1935 lumentorum
514 1885 668 1935 suorum
695 1859 902 1934 officiorum
928 1875 969 1934 et
995 1859 1075 1934 aliis
1094 1861 1317 1956 pecuniariis
1335 1885 1465 1936 eorum
1497 1861 1652 1935 arbitrio
1670 1862 1737 1934 im·

234 1986 418 2082 ponendis
446 1986 563 2083 penis,
594 2011 641 2060 eo
669 1986 763 2081 ips0,
794 1985 861 2058 nisi
891 1986 1092 2081 paruerint,
1123 1986 1364 2074 incurrendis,
1391 1999 1437 2062 ,ut
1463 1985 1583 2059 officia
1601 2011 1735 2060 eorum

235 2137 410 2185 exercere
438 2125 476 2184 et
504 2127 588 2185 acta
614 2137 658 2184 ac
686 2136 882 2184 causarum
912 2135 1113 2207 processus
1142 2126 1272 2185 tenere
1300 2112 1462 2185 debeant
1492 2111 1530 2184 iu
1557 2111 1736 2184 domibus

234 2237 445 2311 auditorum
475 2262 639 2322 suorum,
669 2237 727 2310 vel
755 2237 792 2308 in
821 2235 994 2310 domibus
1032 2260 1099 2308 seu
1136 2237 1226 2322 locis
1267 2237 1395 2309 vicinis
1432 2251 1471 2309 et
1510 2237 1736 2333 propinquis

235 2363 525 2437 habitationibus
541 2360 725 2434 dictorum
740 2361 965 2433 Auditorum
981 2390 988 2448 ;
1009 2376 1048 2433 et
1066 2361 1162 2434 circa
1180 2361 1498 2460 propinquitatem
1517 2375 1557 2433 et
1571 2360 1737 2434 vicinita-

234 2503 310 2564 tem
340 2485 553 2560 huiusmodi
581 2498 702 2559 stetur
721 2485 905 2559 dictorum
926 2484 1070 2558 Decani
1098 2501 1137 2558 et
1155 2485 1281 2581 palatii
1300 2485 1528 2560 Auditorum
1555 2485 1733 2559 arbitrio:

233 2625 373 2710 cogant
400 2628 439 2686 et
465 2610 691 2706 compellant
718 2635 956 2707 quacumque
983 2609 1233 2707 appellatione
1270 2610 1330 2683 vel
1371 2610 1593 2706 exceptione
1624 2626 1735 2706 post-

233 2738 376 2833 positis,
409 2762 483 2811 non
511 2737 748 2811 obstantibus
768 2735 1093 2810 constitutionibus
1120 2751 1160 2809 et
1186 2735 1482 2809 ordinationibus
1501 2735 1732 2830 apostolicis,

234 2863 566 2937 consuetudinibus
594 2877 633 2935 et
661 2862 822 2947 statutis,
854 2863 966 2935 etiam
994 2862 1204 2935 iuramento
1235 2875 1320 2950 etc,
1359 2861 1557 2944 roboratis,
1587 2859 1736 2956 privile-

233 2987 305 3084 giis
333 3011 486 3082 quoque
514 3002 553 3060 et
580 2985 735 3059 Induitis
753 2987 942 3060 concessis
969 2987 1080 3059 etiam
1110 2987 1290 3060 latissime
1327 2985 1597 3071 extendendis;
1635 3002 1733 3060 cete·

234 3114 361 3208 risque
387 3111 582 3186 contrariis
609 3111 917 3206 quibuscumque.

314 3237 443 3310 Placet
465 3244 502 3310 et
525 3237 578 3308 ita
606 3235 828 3309 mandamus
855 3236 905 3308 A.

948 3515 1032 3594 157.

233 3659 460 3734 Mandatum
493 3661 543 3734 R.
574 3659 621 3733 P.
651 3657 703 3734 D.
734 3657 887 3732 Ast'colai
923 3657 967 3731 de
994 3659 1203 3756 Aragonia,
1235 3657 1352 3730 Rotae
1380 3657 1533 3741 Decani,
1577 3658 1733 3732 iubentis

313 3786 494 3859 Notarios
521 3786 639 3858 Rotae
661 3793 705 3857 ut
729 3783 854 3880 officia
881 3793 917 3856 et
941 3793 1023 3856 acta
1050 3809 1248 3857 causarum
1282 3794 1478 3858 exerceant
1514 3793 1550 3857 et
1587 3791 1734 3858 teneant

312 3911 372 3984 vel
390 3912 430 3984 in
457 3909 619 3984 denibus
648 3910 875 4028 Auditorum
901 3909 960 3982 vel
978 3921 1104 4008 prope.

313 4066 428 4138 (Axcu.
447 4066 535 4138 Ron,
559 4065 821 4124 «ordinationes
840 4087 865 4136 n,
883 4063 935 4122 De
953 4063 1115 4136 Notarir's,
1131 4069 1217 4138 part.
1242 4063 1289 4137 II,
1306 4081 1339 4122 n.
1366 4063 1410 4136 V).

1352 4227 1430 4300 1536,
1449 4227 1529 4287 iunii
1546 4227 1573 4301 8,
1594 4228 1727 4287 Romae.

315 4355 376 4428 De
405 4355 582 4429 mandato
620 4357 664 4431 R.
697 4355 734 4430 P.
766 4354 815 4430 D.
846 4354 989 4430 Nicolai
1031 4356 1079 4427 de
1113 4354 1318 4452 Aragonia,
1358 4356 1402 4428 R.
1443 4355 1481 4430 Ρ.
1512 4355 1560 4431 D.
1602 4354 1729 4429 Palatii

233 4479 429 4577 apostolici
457 4504 654 4554 causarum
683 4481 783 4554 Rote
810 4481 1022 4553 auditorum
1053 4479 1195 4553 Decani
1228 4505 1272 4552 ac
1309 4480 1442 4553 ludicis
1471 4497 1511 4554 et
1542 4478 1728 4554 Commis-

233 4606 320 4680 sarii
359 4605 395 4677 in
423 4603 492 4678 hac
520 4621 629 4700 parte
657 4629 679 4677 a
708 4604 799 4678 Smo
828 4604 917 4678 Drio
955 4611 1023 4678 nro
1052 4602 1262 4700 specialiter
1293 4606 1463 4700 deputati
1501 4605 1728 4678 Moneantur

233 4755 365 4803 omnes
394 4745 433 4803 et
461 4729 596 4826 singuli
624 4731 793 4804 eiusdem
821 4729 948 4827 palatii
989 4755 1185 4803 causarum
1229 4729 1328 4802 Rote
1359 4729 1502 4804 Notarii
1529 4728 1726 4823 Quatenus

233 4854 326 4927 insra
363 4855 493 4928 decem
535 4854 616 4929 dies
656 4856 827 4951 proxime
855 4855 999 4928 luturos
1038 4857 1108 4929 sub
1144 4854 1538 4928 excommunicationis
1580 4854 1725 4928 maioris

230 4994 270 5053 et
299 4979 516 5077 privationis
558 4981 896 5055 emolumentorum
925 4977 1078 5053 suorum
1115 4979 1321 5053 officiorum
1357 5005 1401 5052 ac
1438 4979 1723 5078 quingentorum

233 5105 455 5180 ducatorum
483 5105 574 5190 auri,
606 5103 767 5178 Camere
795 5104 928 5200 aplice
964 5102 1283 5198 applicandorum,
1312 5103 1419 5198 penis
1452 5128 1499 5176 eo
1536 5105 1630 5199 ipso,
1660 5101 1724 5176 nisi

230 5230 431 5323 paruerint,
476 5228 718 5316 incurrendis,
751 5229 939 5314 Debeant,
969 5243 1009 5301 et
1045 5252 1174 5300 eorum
1213 5227 1368 5323 quilibet
1405 5227 1552 5314 debeat,
1597 5251 1723 5302 eorum

231 5353 351 5428 officia
393 5381 568 5429 exercere
618 5369 657 5442 et
697 5371 782 5428 acta
818 5377 861 5425 ac
899 5377 1096 5426 causarum
1129 5376 1331 5448 processus
1369 5369 1500 5426 tenere
1540 5352 1575 5425 in
1613 5351 1723 5426 domi·
