3686 5916
753 285 932 348 Benedicta
951 286 1007 347 XI
1011 287 1040 348 V
1591 292 1647 354 523

225 466 346 564 afficta
366 471 591 568 praesertim
621 471 836 582 Catenates
861 500 887 548 a
914 473 1068 548 secrete
1095 474 1224 550 Status
1250 485 1285 550 et
1311 477 1509 576 Aquaviva
1541 479 1645 554 adut·

225 594 319 666 titur
343 604 389 668 ut
411 605 632 681 reuocentur,
659 608 729 672 aut
751 597 881 674 saltem
906 599 1035 674 iisdem
1063 610 1345 698 temperamenta
1363 603 1601 680 edicerentur.
1618 647 1646 660 -

230 716 373 792 Obttnet
397 725 440 794 ut
466 720 653 796 Sanctitas
682 722 769 807 Sua,
800 748 841 798 re
864 748 1066 820 perpensa,
1088 725 1124 799 in
1143 742 1340 822 posterum
1359 727 1557 802 adhiberet
1574 730 1646 804 hoc

225 857 563 940 temperamentum
585 861 625 920 ut
648 847 854 924 Auditores
874 850 997 924 Rotae
1011 850 1138 924 statim
1152 874 1197 925 ac
1211 852 1462 928 obtinuissent
1476 836 1645 928 Motum·

225 969 417 1066 proprium
433 995 549 1068 super
566 970 760 1047 allectione
773 972 823 1048 ad
837 974 1102 1048 Auditoratum
1118 975 1252 1064 Rotae,
1269 993 1584 1073 promoverentur
1595 980 1645 1052 ad

227 1091 480 1168 Praelaturam
496 1086 752 1170 Domesticam
768 1095 987 1172 Sanctitatis
1003 1096 1113 1186 Suae,
1130 1099 1272 1195 talique
1289 1100 1403 1174 modo
1422 1125 1514 1174 usus
1533 1101 1643 1175 Man·

226 1215 352 1291 telloni
389 1217 547 1314 eiusque
584 1219 716 1317 petitio
752 1221 882 1296 exoles
916 1221 1145 1298 cederent
1167 1222 1322 1298 Sacrum
1351 1225 1589 1300 Auditorium

226 1338 359 1414 lubens
396 1340 467 1416 hoc
509 1357 850 1446 temperamentum
887 1347 1038 1444 excepit
1073 1361 1113 1422 et
1154 1347 1205 1421 ad
1248 1347 1464 1422 referendas
1501 1349 1645 1448 gratias

226 1463 375 1540 debitas
388 1464 581 1564 delegavit
594 1466 664 1542 hos
679 1469 762 1545 RR.
780 1469 849 1544 PP.
869 1469 956 1546 DD.
974 1471 1171 1546 Decanum
1185 1473 1289 1570 apud
1305 1474 1440 1548 Eurum
1462 1473 1509 1549 D.
1528 1473 1641 1550 Card.

225 1612 248 1661 a
276 1589 440 1666 Secretis
468 1589 611 1678 Status,
643 1591 790 1668 Peralta
818 1594 921 1691 apud
950 1594 1085 1670 Eurum
1105 1597 1315 1694 Aquaviva,
1338 1597 1512 1674 Busslum
1540 1599 1643 1695 apud

227 1715 362 1790 Emum
392 1715 655 1816 Burgheslum,
687 1718 830 1793 Molino
863 1720 967 1818 apud
1001 1721 1164 1796 Ermum
1201 1721 1404 1798 Oratorem
1441 1721 1642 1801 Venetum.

228 1838 402 1935 Cumque
430 1840 529 1936 de.
561 1840 609 1916 de
638 1840 805 1917 Canillac
823 1858 862 1918 et
880 1844 961 1941 ipse
979 1861 1133 1944 gereret
1155 1846 1312 1945 negocia
1336 1845 1643 1922 Christianissimi

225 1963 344 2062 Regis
372 1965 474 2062 apud
502 1965 540 2043 S.
571 1965 722 2057 Sedem,
751 1993 821 2044 sua
854 1968 1068 2044 adiunxerit
1104 1969 1225 2044 officia
1261 1971 1458 2071 gratiae
1492 1972 1643 2048 habitae

226 2103 315 2162 sunt
335 2091 485 2164 nomine
512 2089 597 2165 Sac.
627 2091 852 2168 Tribunalis.
884 2093 1044 2169 Posthac
1073 2093 1272 2170 Candidati
1299 2113 1506 2192 coeperunt
1532 2097 1646 2196 recipi

226 2213 321 2288 inter
350 2213 542 2289 Praelatos
572 2215 813 2292 Domesticos
840 2217 1057 2293 Sanctitatis
1078 2219 1188 2306 Suae,
1211 2235 1253 2294 ut
1272 2220 1354 2318 ipsa
1373 2220 1640 2298 declaraverat.

223 2388 339 2460 (mea.
357 2387 444 2463 nor,
468 2388 594 2450 «ceter
611 2389 646 2450 s.
664 2389 768 2451 noae
786 2391 852 2466 2»,
869 2409 892 2451 a
906 2399 985 2466 pag.
1002 2391 1072 2454 379
1089 2392 1136 2452 ac
1152 2391 1242 2466 383).
1292 2367 1298 2384 ‘

841 2716 932 2796 421.

141 2871 334 2948 Benedicti
360 2874 469 2952 XIV
490 2876 693 2951 caeestitutia
719 2903 795 2976 qua
822 2879 1006 2954 asseritur
1036 2879 1218 2954 dictinctio
1235 2883 1333 2956 inter
1350 2907 1484 2956 causas
1506 2885 1642 2958 ratales

221 3009 257 3073 et
274 3000 537 3098 praelaturam
564 3004 722 3077 actura
749 3004 998 3079 Notariorum
1025 3003 1210 3080 scribendi
1232 3013 1267 3080 et
1291 3007 1473 3082 actt'tamb'
1496 3009 1536 3083 in
1563 3009 1640 3083 illa

222 3126 413 3224 respective
434 3125 737 3224 praefiniuntur:
763 3139 798 3203 et
822 3155 916 3204 aava
943 3129 1131 3203 methodus
1156 3131 1335 3206 statuitur
1370 3131 1411 3206 t'n
1438 3135 1639 3208 Auditan‘a

223 3249 340 3324 Ratae
366 3251 601 3339 obseruanda,
623 3263 700 3351 pra
726 3254 896 3328 celeriori
919 3279 1119 3329 causarum
1147 3256 1384 3355 expeditione.

222 3405 335 3476 (Atreu.
353 3404 442 3479 Ro‘r,
466 3405 725 3468 ‹ordenaaanes
737 3431 763 3481 ›,
777 3413 868 3483 part.
886 3407 915 3482 1,
933 3424 965 3466 n.
986 3405 1051 3469 XX
1059 3407 1164 3482 VIII).

1208 3587 1287 3662 1746,
1305 3587 1444 3648 octobris
1461 3585 1488 3662 2,
1506 3588 1639 3650 Romae.

222 3714 448 3789 Benedictus
478 3714 702 3812 Episcopus,
732 3739 865 3792 servus
892 3740 1088 3791 servorum
1118 3716 1203 3794 Dei.
1237 3716 1302 3792 Ad
1329 3735 1550 3815 perpetuam
1588 3721 1641 3794 rei

140 3839 370 3915 memoriam.
399 3881 427 3894 -
454 3839 621 3914 lusateae
646 3849 682 3914 et
699 3841 807 3941 pacis
832 3841 1013 3917 custodes
1040 3857 1080 3916 et
1105 3842 1335 3930 adsertores,
1356 3867 1429 3918 non
1458 3843 1638 3918 salumin

140 3965 315 4039 universa
334 3961 502 4039 Ecclesia
522 3963 672 4054 Christi,
695 3965 763 4040 sed
780 3967 895 4042 etiam
915 3967 952 4040 in
972 3967 1140 4042 subiecta
1158 3969 1343 4067 gubernio
1362 3985 1494 4044 nostro
1512 3967 1639 4067 Repu·

139 4089 246 4175 blica,
276 4113 299 4163 a
328 4088 414 4165 Deo
442 4090 645 4177 constituti,
675 4090 777 4164 inid
810 4091 972 4166 libenter
1006 4093 1130 4166 studia
1158 4109 1288 4168 nostra
1322 4093 1558 4181 conserimus,
1596 4108 1639 4166 ut

139 4213 339 4310 unicuique
366 4213 426 4288 ius
455 4239 563 4288 suum
591 4215 801 4311 aequaliter
835 4217 1036 4316 reddatur;
1075 4233 1116 4291 ut
1153 4218 1396 4316 negociorum
1434 4235 1475 4294 et
1511 4243 1639 4294 causa·

141 4363 236 4423 rurn,
268 4363 368 4435 quae
404 4340 440 4414 in
477 4339 647 4415 Romana
684 4341 919 4437 potissimum
955 4340 1082 4430 Curia,
1116 4357 1325 4416 tractantur
1357 4359 1399 4418 et
1432 4345 1635 4443 agitantur,

136 4463 415 4540 ordinatissima
443 4464 539 4540 ratio
562 4479 723 4553 constet,
744 4464 980 4564 sublatisque
1003 4490 1129 4541 rerum
1147 4466 1438 4553 confusionibus,
1459 4484 1503 4560 etw
1517 4469 1638 4543 noxiis

135 4587 389 4678 dilationibus,
417 4589 917 4666 iudiciales=·-controversiae
946 4615 1021 4666 non
1048 4590 1172 4664 minus
1200 4607 1355 4680 rectum,
1386 4616 1501 4690 quam
1521 4619 1637 4692 expe-
1712 4631 1715 4636 ·

138 4715 259 4790 ditum
286 4739 438 4789 cursum
465 4730 506 4791 et
531 4714 644 4789 finem
671 4716 877 4794 obtineant.
970 4769 972 4774 -

220 4839 330 4927 Sane,
361 4865 446 4914 cum
474 4839 561 4914 olim
590 4841 889 4939 unumquodque
918 4841 1113 4917 Romanae
1139 4840 1280 4918 Curiae
1298 4841 1490 4929 Tribunal,
1511 4845 1637 4940 proin·

136 4963 262 5062 deque
290 4987 488 5039 causarum
515 4988 670 5062 quoque
700 4965 831 5040 Palatii
848 4965 1061 5064 Apostolici
1079 4967 1331 5055 Auditorium,
1352 4991 1444 5042 suos
1463 4967 1638 5066 proprios

135 5087 294 5164 haberet
321 5087 511 5176 Notarius,
541 5104 581 5163 et
609 5091 808 5164 dumtaxat
835 5090 874 5167 S.
904 5091 950 5166 R.
980 5091 1026 5166 E.
1056 5090 1278 5166 Cardinales
1296 5115 1341 5166 ac
1359 5091 1480 5188 ipsius
1500 5092 1636 5166 Curiae

135 5213 307 5302 Praelati,
337 5214 475 5310 quibus
503 5235 571 5310 per
599 5215 783 5312 speciales
813 5216 972 5290 Romani
1002 5216 1189 5291 Pontificis
1208 5216 1507 5292 Commissiones
1526 5243 1635 5316 pecu·

133 5339 280 5414 liarium
308 5359 506 5414 causarum
534 5341 786 5438 cognitionem
815 5339 1003 5415 interdum
1031 5339 1200 5440 delegari
1228 5344 1480 5443 contingebat,
1512 5359 1636 5419 certos
