3686 5916
257 316 312 374 594
871 319 1009 380 Saeculo
1027 319 1152 380 XVIII

256 505 496 581 dividendam
516 507 664 582 solvere
692 511 841 585 debeat.
872 510 934 584 Ad
953 513 1057 607 quod
1085 537 1181 586 onus
1200 513 1313 586 etiam
1334 513 1516 585 Notarius
1535 511 1758 608 praesidens

255 647 439 715 teneatur,
462 631 531 706 nisi
550 631 660 707 luerit
687 660 735 708 ex
764 634 936 733 Collegio
956 636 1199 710 Notariorum
1218 653 1449 733 assumptus,
1472 637 1525 710 ita
1552 653 1596 708 ut
1624 635 1660 708 in
1685 636 1759 731 pri-

256 781 390 830 maeva·
415 758 471 829 sui
499 758 729 832 admissione
757 759 805 834 ad
835 761 1084 845 Notariatum,
1114 760 1204 834 illud
1239 763 1427 836 subiisset.
1471 760 1623 855 Reliqui
1655 783 1756 844 vero,

256 881 482 956 substitutus
511 883 691 971 videlicet,
723 887 897 972 Adiutor,
918 903 957 958 et
976 885 1162 972 Novitius,
1183 912 1252 982 pro
1272 889 1438 982 ipsorum
1458 886 1679 983 patentibus
1704 885 1757 957 lit-

255 1007 346 1079 teris
375 1032 440 1080 seu
470 1007 759 1083 admissionibus
786 1010 910 1107 aliqua
939 1011 1018 1082 iura
1046 1010 1197 1084 minime
1225 1011 1385 1086 solvant.

337 1132 551 1215 Caeterum,
583 1159 629 1206 ne
656 1159 703 1208 ex
733 1135 960 1238 praemissis,
982 1159 1098 1230 super
1124 1135 1306 1232 regimine
1334 1137 1517 1209 dictorum
1538 1135 1758 1209 Officiorum

255 1273 322 1331 aut
348 1257 451 1342 alias,
468 1257 621 1355 aliquod
639 1261 933 1334 iurisdictionum
954 1261 1169 1334 suboriatur
1187 1263 1352 1346 dubium,
1373 1261 1601 1359 generaliter
1614 1259 1761 1356 praeci-

255 1383 390 1478 pimus,
407 1398 446 1456 et
464 1380 709 1470 declaramus,
727 1409 877 1458 omnem
895 1384 1183 1458 aucthoritatem
1203 1411 1318 1483 super
1336 1385 1464 1460 officiis
1480 1385 1581 1482 ipsis,
1600 1384 1760 1457 Notario

256 1505 505 1601 praesidente,
540 1508 621 1580 aliis
650 1523 813 1604 quatuor
845 1509 1020 1594 Notariis,
1056 1511 1273 1596 substituto,
1302 1511 1497 1597 Adiutore,
1523 1527 1563 1582 et
1591 1508 1757 1592 Novitio,

255 1631 353 1704 circa
380 1632 566 1719 iustitiam,
598 1650 683 1707 acta
711 1635 903 1719 iudicialia,
926 1636 1071 1708 illorum
1100 1636 1332 1732 scripturam,
1354 1651 1394 1708 et
1411 1635 1658 1708 directionem
1673 1658 1760 1706 cau-

256 1781 382 1829 sarum
410 1755 706 1853 independenter
723 1785 746 1832 a
765 1760 943 1856 quolibet,
964 1760 1013 1832 ad
1033 1759 1131 1834 idem
1151 1761 1390 1834 Auditorium
1411 1759 1621 1857 pertinere;
1645 1756 1760 1850 Quod

258 1907 347 1954 vero
375 1881 424 1954 ad
452 1885 744 1969 oeconomicum,
774 1900 1024 1980 proventuum
1053 1886 1299 1970 exactionem,
1328 1901 1369 1958 et
1409 1887 1593 1958 rationum
1639 1883 1759 1956 reddi·

258 2007 388 2088 tiones,
421 2025 459 2080 et
488 2008 524 2079 id
551 2033 673 2105 genus
711 2010 782 2082 alia
820 2025 977 2105 spectat,
1008 2009 1045 2082 id
1082 2027 1204 2084 totum
1240 2036 1263 2083 a
1299 2009 1552 2084 Thesaurario
1590 2007 1759 2107 generali

258 2133 374 2227 ipsius
404 2133 588 2207 Camerae
615 2135 841 2231 dependeat,
862 2135 926 2231 qui
946 2161 1051 2209 more
1070 2136 1253 2218 camerali,
1274 2152 1313 2209 et
1332 2136 1474 2209 utendo
1494 2159 1605 2208 manu
1637 2134 1760 2230 Regia

258 2255 448 2342 Notarios,
478 2259 589 2332 etiam
617 2259 905 2355 praesidentem,
936 2275 974 2333 et
1003 2261 1196 2334 Ministros
1216 2261 1264 2333 ad
1293 2274 1555 2356 computorum
1584 2258 1760 2331 redditio·

259 2407 336 2468 nes,
365 2399 404 2455 et
432 2382 637 2458 solutiones
665 2385 819 2482 adigere
847 2385 981 2463 valeat.
1003 2383 1187 2478 Quamvis
1205 2387 1353 2472 etenim,
1385 2385 1534 2458 minime
1561 2385 1761 2481 ambigen-

257 2507 347 2579 dum
376 2509 433 2593 sit,
464 2508 553 2604 quin
573 2508 670 2582 idem
689 2508 963 2585 Thesaurarius
990 2509 1188 2608 generalis,
1209 2525 1249 2584 et
1285 2509 1522 2584 Auditorium
1559 2509 1757 2592 eiusmodi,

258 2630 430 2729 illiusque
460 2633 648 2720 Decanus,
670 2659 831 2731 quorum
860 2653 989 2708 mutua
1017 2659 1106 2710 cura
1148 2637 1184 2708 in
1219 2635 1256 2707 id
1298 2635 1453 2708 tendere
1481 2633 1607 2718 debet,
1637 2649 1682 2705 ut
1723 2633 1758 2703 in

258 2757 302 2832 iis
331 2757 484 2842 Officiis,
515 2761 638 2832 curiae
666 2775 705 2833 et
732 2744 963 2856 litigantibus
991 2763 1174 2858 optimum
1193 2761 1414 2834 exhibeatur
1433 2758 1645 2844 servitium;
1668 2781 1759 2830 una·

259 2883 405 2956 nimiter
433 2907 518 2956 reos
547 2907 720 2981 quosque
739 2885 852 2958 etiam
880 2887 1089 2980 privatione
1108 2909 1303 2958 munerum
1318 2901 1447 2958 essent
1466 2883 1641 2979 punituri,
1663 2897 1758 2954 atta·

259 3035 354 3093 men,
386 3008 417 3080 si
445 3008 566 3104 culpa,
587 3025 629 3082 ut
656 3010 874 3104 praefertur,
897 3013 967 3083 erit
986 3012 1112 3106 quoad
1141 3010 1328 3094 iustitiam,
1349 3025 1443 3095 acta,
1464 3024 1505 3082 et
1522 3031 1670 3092 causas,
1698 3008 1757 3079 lus

257 3133 330 3206 erit
357 3133 554 3220 Auditorii,
576 3158 644 3206 seu
665 3134 808 3208 Decani
836 3135 934 3208 illam
963 3159 1033 3231 pro
1051 3135 1185 3209 merita
1212 3159 1336 3231 poena
1364 3133 1563 3206 vindicare.
1593 3129 1759 3224 Quoties

259 3283 349 3331 vero
385 3259 689 3353 deprehendatur
725 3260 852 3356 quoad
893 3259 1170 3333 oeconomicam
1208 3285 1286 3332 rem
1324 3257 1494 3332 delectus
1530 3257 1681 3352 aliquis,
1710 3257 1757 3330 ad

258 3383 548 3458 Thesaurarium
578 3383 795 3482 generalem
823 3383 920 3458 illius
946 3375 1162 3458 emendatio
1190 3385 1387 3479 spectabit.

340 3509 503 3583 Demum
532 3509 581 3582 ad
607 3509 812 3583 asserenda
839 3509 1025 3584 ordinaria
1051 3511 1271 3582 eorumdem
1301 3508 1542 3582 Notariorum
1571 3509 1654 3580 iura
1683 3523 1759 3578 sta·

258 3608 400 3708 tuimus
425 3635 576 3730 pariter,
606 3650 644 3707 et
672 3634 918 3720 declaramus,
950 3635 1054 3729 ipsos
1096 3633 1274 3707 Notarios
1314 3631 1528 3706 facultatem
1562 3631 1760 3706 habituros

258 3759 468 3854 stipulandi,
498 3775 537 3833 et
565 3785 649 3832 sese
679 3759 848 3856 rogandi,
878 3761 1014 3831 nedum
1035 3759 1071 3831 in
1099 3759 1244 3833 actibus
1271 3757 1573 3854 dependentibus
1591 3782 1614 3829 a
1635 3757 1759 3830 causis

258 3887 492 3959 vertentibus
520 3886 554 3954 in
597 3885 789 3978 praedicto
818 3885 1028 3964 Auditorio,
1059 3900 1125 3956 aut
1165 3885 1213 3956 ab
1249 3909 1296 3956 eo
1333 3882 1480 3968 decisis,
1512 3882 1580 3954 sed
1609 3881 1648 3952 in
1676 3882 1757 3976 qui-

257 4009 385 4084 busvis
414 4007 493 4080 aliis
522 4009 569 4080 ad
598 4008 717 4081 instar
743 4006 898 4081 aliorum
929 4008 1065 4081 Curiae
1094 4008 1276 4082 Camerae
1296 4005 1550 4103 Apostolicae,
1573 4021 1614 4077 et
1644 4004 1759 4100 Capi-

257 4133 406 4218 tolinae,
436 4159 480 4205 ac
508 4132 719 4206 Tribunalis
748 4134 784 4206 in
814 4131 919 4207 Urbe
947 4133 1083 4206 Vicarii
1112 4133 1242 4206 Nostri
1279 4132 1315 4205 in
1349 4129 1602 4228 spiritualibus
1645 4155 1757 4227 gene-

256 4257 343 4332 ralis
374 4257 634 4344 Notariorum
665 4256 714 4330 Et
740 4273 928 4354 quatenus
956 4283 1054 4354 opus
1081 4259 1129 4331 sit
1164 4257 1377 4331 facultatem
1414 4255 1626 4328 huiusmodi
1670 4257 1755 4329 dicti

258 4382 444 4455 Auditorii
473 4381 637 4456 Notariis
666 4407 736 4478 pro
764 4399 934 4478 tempore
962 4382 1221 4466 existentibus,
1251 4381 1299 4453 de
1329 4404 1438 4466 novo,
1458 4395 1497 4453 et
1529 4403 1577 4452 ex
1605 4379 1755 4477 integro

256 4509 293 4580 in
322 4522 506 4603 perpetuo
535 4506 700 4602 plenarie
741 4508 992 4591 concedimus,
1022 4522 1062 4579 et
1102 4505 1356 4602 impertimur:
1387 4503 1461 4601 lpsi
1502 4519 1641 4588 autem,
1673 4530 1753 4576 cum

258 4631 382 4731 rogati
409 4632 444 4704 in
473 4631 667 4727 quibusvis
695 4633 841 4705 actibus
870 4657 955 4705 sese
986 4632 1223 4706 subscribere
1251 4631 1454 4712 debebunt,
1497 4629 1568 4700 hac
1604 4645 1756 4701 utentur

256 4756 432 4834 formula:
464 4757 511 4832 N.
542 4756 589 4830 N.
618 4782 751 4829 unuse
772 4756 927 4853 Collegrb
954 4758 1201 4830 Notariorum
1228 4755 1367 4829 Sacrae
1386 4755 1528 4827 Rotae:
1547 4777 1647 4849 quae
1665 4778 1752 4827 vero

256 4883 465 4977 receperint
491 4880 742 4954 emolumenta
771 4880 808 4952 in
835 4903 1071 4953 communem
1101 4881 1267 4953 Massam
1296 4879 1515 4964 reserantur,
1546 4901 1590 4950 ae
1618 4879 1654 4951 in
1683 4903 1751 4952 me·

256 5008 411 5081 moratis
439 5007 556 5082 libris:
589 5005 846 5105 computorum
872 5014 908 5078 et
938 5007 1181 5102 Receplorum,
1211 5006 1451 5078 adnotentur.

337 5132 559 5206 Praesentes
588 5148 714 5205 autem
752 5130 890 5216 literas,
921 5145 960 5203 et
988 5132 1022 5203 iu
1051 5132 1106 5203 eis
1134 5145 1311 5204 contenta
1338 5153 1611 5228 quaecumque,
1641 5129 1746 5202 etiam

256 5283 303 5330 ex
331 5283 389 5344 e0,
419 5257 522 5353 quod
551 5256 706 5353 quilibet
735 5257 771 5330 in
798 5256 1015 5350 praemissis
1056 5256 1240 5330 interesse
1281 5256 1475 5339 habentes,
1514 5254 1573 5329 vel
1615 5255 1746 5328 habere

255 5382 541 5480 quomodolibet
569 5384 871 5478 praetendentes,
902 5379 951 5453 ad
980 5382 1186 5476 praemissa
1217 5382 1368 5454 minime
1409 5381 1530 5454 vocati
1558 5395 1597 5452 et
1624 5377 1743 5457 auditi,
