3684 5920
905 319 1042 378 Saeculo
1061 319 1143 378 XIX

978 652 1068 730 567.

363 801 367 814 ¹
436 813 606 911 Apere'teb
626 815 744 888 Rotae
761 833 858 888 enno
876 817 970 909 1850
997 815 1112 888 locum
1131 815 1236 888 habet
1252 817 1309 888 die
1325 819 1373 890 18
1391 818 1602 892 novembris.

354 971 471 1040 (Arcu.
490 971 577 1044 Ros.
601 971 797 1031 ‹Diare'um
819 971 993 1030 Comerale
1007 977 1043 1044 ι).

869 1175 913 1245 18
944 1199 1028 1248 nov.
1066 1177 1176 1267 1850,

355 1333 468 1404 Mane
496 1331 672 1405 solemnis
700 1332 858 1428 aperitio
887 1334 1010 1406 Rotae
1039 1333 1160 1406 locum
1188 1333 1319 1407 habuit
1334 1391 1425 1410 .....
1446 1337 1629 1430 equitatio
1648 1335 1752 1408 solum

274 1458 415 1530 omissa
433 1457 510 1543 suit,
533 1457 630 1529 sicut
648 1458 719 1530 iam
740 1458 859 1531 iuerat
883 1458 1124 1531 destinatum.

981 1794 1070 1872 568.

278 1955 493 2030 Selemne'ter
510 1957 644 2028 iterum
662 1955 891 2028 celebrantur
904 1956 1076 2052 exequiae
1082 1956 1434 2052 praedefunctorum
1449 1955 1674 2028 Auditorum
1687 1981 1754 2027 eum

354 2082 559 2153 eitterventu
579 2081 765 2178 Magistri
781 2077 820 2153 S.
842 2080 989 2153 Palatii
1004 2080 1214 2178 Aposulz'ce'.

356 2237 470 2304 (Ancu.
489 2235 576 2309 Rom,
600 2235 789 2294 ‹Drure'um
811 2233 986 2293 Camerale
998 2237 1033 2307 »).

871 2459 918 2526 29
949 2459 1031 2509 nov.
1069 2438 1179 2528 1850.

360 2595 563 2668 Postremis
601 2595 749 2667 duobus
791 2595 899 2668 annis
935 2595 986 2667 ob
1022 2594 1190 2690 publicas
1232 2595 1506 2670 vicissitudines
1548 2599 1584 2668 in
1626 2596 1759 2692 privato

277 2719 416 2793 sacello
444 2719 482 2792 S.
513 2719 701 2792 Auditorii
729 2717 898 2792 funebria
926 2743 995 2813 pro
1023 2721 1219 2798 animabus
1247 2719 1472 2793 Auditorum
1506 2720 1544 2795 S.
1567 2721 1611 2795 R.
1647 2720 1755 2792 deiun-

277 2861 422 2919 ctorum
451 2843 640 2917 celebrata
675 2844 790 2919 suere.
829 2843 906 2915 Sed
940 2843 1011 2916 hoc
1043 2868 1143 2917 anuo
1180 2843 1327 2939 publice
1363 2844 1499 2919 iterum
1537 2844 1573 2916 in
1606 2843 1758 2918 Ecclesia

278 2969 317 3044 S.
338 2968 528 3042 Laurentii
555 2985 594 3042 et
624 2967 778 3042 Damasi
798 2967 978 3041 solemnia
997 2992 1136 3064 pompa
1154 2970 1409 3043 anniversaria
1427 2970 1608 3044 solemnia
1626 2967 1758 3065 expleta

279 3111 376 3180 sunt,
407 3095 514 3192 iuxta
527 3093 683 3168 sormam
703 3110 934 3167 consuetam.
957 3093 1089 3165 Adfuit
1107 3094 1154 3167 de
1174 3119 1280 3168 more
1299 3095 1393 3167 Rn’rs
1413 3095 1452 3170 P.
1473 3094 1533 3168 Fr.
1557 3095 1757 3168 Dominicus

280 3219 456 3293 Buttaoni
484 3217 579 3294 Ord.
610 3217 916 3290 Praedicatorum
936 3218 973 3292 S.
997 3220 1044 3293 A.
1066 3219 1103 3292 P.
1128 3219 1324 3316 Magister.

609 3634 616 3666 ὅ
988 3545 1079 3625 569.

282 3711 327 3784 Iu
351 3713 451 3786 Rota
471 3710 624 3786 Urbana
647 3709 858 3783 decernitur
873 3711 1038 3810 proponi
1055 3724 1162 3809 posse
1179 3712 1255 3785 triu
1278 3711 1410 3794 duum
1436 3737 1516 3784 eam
1534 3711 1757 3810 insequantur

361 3845 435 3910 tres
453 3838 570 3911 Rotae
589 3835 703 3908 trium
721 3833 925 3908 dubzurum.

360 3992 474 4063 (Auen.
493 3989 580 4062 Rom,
604 3987 793 4048 ‹Deierium
814 3987 988 4048 Camerale
1000 3990 1036 4063 »).

861 4214 905 4264 10
935 4190 1055 4263 martii
1090 4194 1202 4284 1851.

365 4350 428 4422 Bis
456 4349 527 4423 iam
557 4367 686 4424 noster
706 4349 814 4424 Ordo
833 4350 1047 4446 praeteritis
1066 4351 1173 4422 annis
1193 4349 1387 4425 definierat
1405 4375 1493 4424 num
1509 4352 1609 4427 Rota
1626 4353 1756 4424 Urbana

283 4474 511 4548 numeranda
541 4475 636 4548 soret
665 4477 760 4548 inter
788 4475 909 4548 Rotas
938 4475 973 4546 in
1001 4475 1138 4570 quibus
1166 4477 1237 4548 tria
1266 4475 1377 4549 dubia
1409 4476 1569 4572 proponi
1605 4487 1754 4571 possunt

282 4601 442 4673 Primum
474 4601 686 4698 negativam
715 4601 835 4672 tenuit
864 4599 1101 4673 seutentiam.
1122 4599 1199 4673 Sed
1228 4599 1351 4684 hodie,
1373 4627 1413 4674 re
1433 4603 1577 4674 noviter
1595 4602 1754 4675 discussa.

281 4727 415 4798 iterum
445 4724 615 4798 Patribus
645 4723 793 4821 placuit,
826 4740 867 4797 ut
894 4724 1033 4796 Rotam
1064 4722 1255 4798 Urbanam
1285 4739 1362 4798 tres
1390 4727 1633 4823 insequantur
1655 4726 1755 4797 Rotae

282 4850 316 4922 in
345 4849 482 4942 quibus
511 4850 582 4920 tria
608 4847 722 4923 dubia
749 4872 965 4945 proponere
993 4849 1219 4944 permissum
1248 4849 1306 4925 sit.
1338 4847 1452 4941 Quod
1480 4866 1606 4925 autem
1626 4851 1754 4922 itacon·

282 4972 454 5046 stitutum
491 4990 561 5058 est,
601 4972 746 5047 firmum
781 4975 1053 5070 immotumque
1088 4974 1124 5046 in
1159 4988 1354 5068 posterum
1389 4977 1616 5049 servandum
1647 4975 1754 5046 decre-

283 5123 384 5170 vere.
