3686 5916
697 245 875 306 Benedt'cto
897 246 981 306 XIV
1532 245 1584 304 551

85 440 189 514 iuxta
217 442 386 516 ordinem
415 443 685 538 praecedenter
727 443 856 517 datum
897 459 937 516 et
977 443 1112 517 exinde
1149 442 1417 540 benignissime
1450 440 1585 514 luimus

86 565 241 640 dimissi.
258 566 492 640 interfuimus
507 569 587 641 sine
603 567 735 664 Cappa
750 583 791 641 et
804 585 910 642 extra
925 568 1082 641 formam
1097 567 1234 652 ludicii,
1246 582 1361 662 prout
1375 567 1584 639 intimatum

87 690 210 764 luerat
236 716 304 788 per
331 716 514 790 organum
535 692 768 766 Secretariae
796 691 940 776 Status,
961 707 1003 765 ut
1030 692 1158 767 videre
1176 707 1302 766 estex
1321 691 1413 788 ipsis
1441 692 1588 764 intima-

87 817 251 890 tionibus
272 841 368 913 quas
385 817 428 892 R.
447 817 486 890 P.
505 815 552 892 D.
576 817 732 891 Bussius
752 816 839 891 mihi
858 816 1013 891 tradidit
1032 833 1074 890 ut
1093 842 1316 913 reponerem
1339 815 1375 890 in
1394 815 1583 891 Archivio.

784 1062 875 1142 438.

86 1205 325 1279 Exeuntem
344 1207 442 1280 Rota
470 1206 690 1281 Audieram
704 1246 709 1265 ·
714 1216 921 1304 promotum
940 1205 1123 1278 assoctimt
1147 1204 1221 1279 duo
1255 1175 1444 1277 novissimi
1459 1203 1585 1278 Audi-

166 1339 262 1403 torcs
287 1355 401 1428 usque
427 1330 482 1405 ad
510 1332 637 1406 aulam
664 1333 883 1405 exterzbrem
919 1333 957 1404 T
951 1323 1144 1406 ruun'aln

157 1483 271 1552 (Anca.
290 1483 378 1553 Ros,
402 1484 592 1544 ‹Dr'ctrium
612 1484 786 1544 Camerata
799 1487 835 1558 ›).

553 1651 713 1726 Veneris
743 1675 763 1744 3
795 1653 972 1726 Octobris
1007 1672 1118 1747 1755.

167 1793 208 1866 ln
236 1793 305 1867 hac
334 1792 435 1867 Rota
463 1792 508 1867 R.
540 1792 578 1869 P.
601 1793 649 1869 D.
673 1794 816 1868 Molino
837 1795 1051 1891 Episcopus
1071 1793 1231 1870 Brixien.
1248 1811 1289 1869 et
1307 1794 1585 1868 Locumtenens

83 1919 304 2013 propediem
333 1918 382 1991 ad
403 1943 511 1992 suum
532 1915 803 2016 Episcopatum
822 1920 1069 2015 prolecturus,
1089 1918 1268 1993 valedixit
1288 1919 1459 1994 Dominis
1477 1937 1517 1992 et
1535 1918 1584 1991 de

85 2068 192 2117 more
218 2069 240 2116 a
259 2043 406 2117 duobus
425 2043 630 2117 iunioribus
649 2044 859 2118 associatus
879 2043 945 2117 luit
973 2068 1094 2140 usque
1122 2043 1171 2118 ad
1192 2042 1319 2127 aulam
1344 2044 1582 2118 exteriorem.

781 2290 871 2369 439.

85 2432 306 2506 Benedictus
332 2434 446 2509 XIV
470 2434 589 2509 Rotae
616 2433 861 2508 Audz'toribus
892 2433 986 2508 dono
1012 2435 1080 2508 dat
1105 2433 1298 2534 exemplar
1323 2459 1411 2507 suae
1433 2433 1586 2601 ⁸Synoai'

165 2558 423 2636 Dzbecesanas.

162 2695 277 2768 (Asca.
296 2696 383 2770 Ros,
406 2696 596 2757 «Dianium
616 2695 838 2770 Camerale»).

522 2861 652 2935 Lunae
686 2885 730 2956 17
761 2862 988 2937 Novembris
1023 2881 1134 2956 1755.

166 3110 267 3184 Dum
304 3136 477 3186 essemus
517 3115 554 3187 in
593 3115 705 3198 Rota,
743 3111 885 3186 SSrirus
928 3113 1038 3187 Drius
1081 3112 1173 3188 N.er
1209 3112 1317 3186 nobis
1349 3114 1452 3187 dono
1478 3113 1580 3185 misit

81 3234 276 3332 exemplar
303 3261 394 3310 suae
424 3235 565 3334 Synodi
595 3239 857 3312 Dioecesanae
877 3261 997 3311 novae
1026 3237 1212 3310 Editionis
1226 3261 1347 3333 nuper
1373 3237 1581 3333 impressae

81 3384 191 3434 suam
219 3361 449 3460 porrigendo
477 3360 738 3437 liberalitatem
767 3386 841 3436 non
869 3363 986 3437 modo
1014 3364 1048 3435 in
1079 3363 1125 3438 R.
1147 3361 1185 3438 P.
1208 3362 1256 3438 D.
1293 3361 1499 3436 Olivatium
1519 3361 1583 3457 qui

79 3485 163 3559 eius
193 3485 324 3559 sedem
353 3487 388 3558 in
409 3487 508 3561 Rota
529 3487 694 3562 nondum
714 3502 974 3584 occupaverat,
991 3510 1121 3561 verum
1149 3487 1263 3561 etiam
1291 3487 1328 3558 in
1356 3485 1581 3561 Auditorem

78 3625 259 3682 venetum
286 3609 371 3684 loco
400 3611 484 3684 Rni
515 3611 662 3685 Brixien
692 3610 969 3687 nominandum.
1001 3611 1194 3686 Statutum
1221 3612 1320 3685 inter
1348 3635 1416 3684 nos
1445 3613 1512 3685 suit
1539 3628 1582 3686 ut

78 3751 247 3831 quatuor
273 3759 321 3809 ex
353 3735 564 3811 senioribus
602 3759 645 3808 se
684 3735 899 3810 conferrent
925 3735 975 3810 ad
1011 3735 1228 3810 referendas
1264 3737 1407 3833 gratias
1448 3735 1579 3812 SSmo.

79 3857 396 3956 Adimpleverunt
410 3859 447 3934 hi
465 3861 617 3958 quidem
638 3863 879 3936 commissum
898 3887 1045 3949 munus,
1062 3861 1131 3935 sed
1149 3885 1342 3937 accessum
1356 3862 1406 3935 ad
1421 3862 1581 3937 SSriium

79 3986 221 4060 habere
242 4007 315 4058 non
343 4001 560 4081 potuerunt,
590 3987 678 4081 quia
705 4001 789 4059 erat
816 3987 897 4060 dics
927 3985 1162 4062 Consistorii.

781 4233 871 4312 440.

78 4374 277 4450 Benedicta
307 4377 418 4452 XIV
443 4377 644 4452 Audz'tores
673 4379 789 4452 Rotae
811 4379 963 4476 gratias
990 4387 1110 4476 agaen!
1129 4391 1203 4477 pro
1244 4387 1383 4477 accepto
1410 4377 1514 4464 d0n0,
1547 4387 1583 4451 et

160 4501 272 4574 entem
294 4501 481 4575 inctdcant
505 4511 548 4576 ut
572 4511 675 4576 curet
703 4527 812 4576 novos
840 4502 1041 4576 Auditores
1072 4505 1264 4576 nominare
1298 4501 1432 4575 nedum
1459 4502 1578 4577 doctos

161 4626 358 4700 sedetiam
384 4627 444 4701 uti
466 4626 585 4702 doctos
615 4636 814 4726 reputatos.

160 4781 275 4852 (Ascra.
294 4781 381 4854 Ron,
405 4781 597 4842 «Dabrt'um
616 4780 792 4842 Camerale
803 4786 843 4856 »).

556 4949 673 5023 Ven:
706 4975 749 5024 21
784 4951 950 5026 novbn's
985 4956 1095 5046 1756.

162 5197 252 5273 Post
280 5199 419 5274 Rotam
438 5200 665 5274 accessimus
685 5199 819 5274 iterum
839 5202 888 5274 ad
917 5201 1134 5275 referendas
1149 5175 1292 5299 gratias
1312 5199 1433 5276 SSri‘ro
1460 5227 1580 5298 aquo

77 5337 322 5419 peramanter
348 5323 493 5420 accepti
519 5322 668 5397 luimus.
692 5325 812 5399 Multa
840 5326 1034 5400 nobiscum
1062 5325 1209 5401 locutus
1229 5326 1295 5400 tuit
1323 5341 1362 5400 et
1381 5325 1580 5422 praecipue
