3688 5924
188 278 221 336 10
382 319 383 324 η
809 277 945 336 Saeculo
967 277 1058 338 XIII

183 469 294 542 batur
322 466 495 553 salutern,
531 467 661 542 luisset
689 471 737 543 ab
765 471 939 542 omnibus
968 468 1002 540 in
1037 492 1084 542 ea
1119 467 1369 542 residentibus
1404 469 1681 554 commendata,

185 617 253 666 nec
280 592 388 667 alicui
416 592 658 690 preiudicium
687 592 746 666 vel
780 593 948 666 iniuriam
975 611 1186 692 generaret,
1218 617 1462 688 personarum
1490 608 1531 666 et
1557 617 1682 667 rerum

181 717 400 816 acceptione
428 734 583 804 remota,
605 720 640 791 in
669 719 790 814 ipsam
808 717 1004 792 actualiter
1022 717 1242 792 divisionem
1262 717 1482 814 procedens,
1505 717 1683 808 Decanos

183 840 352 940 singulos
380 843 416 915 in
444 843 578 917 castris
606 843 765 917 instituit
792 843 1020 930 memoratis,
1053 842 1163 929 viros,
1194 858 1375 940 quantum
1402 843 1452 916 ad
1479 842 1682 916 humanum

183 967 380 1062 spectabat
405 991 573 1051 examen,
596 968 775 1064 providos
804 985 843 1042 et
870 961 1067 1072 honestosl:
1097 968 1160 1063 qui
1189 967 1401 1041 huiusmodi
1424 969 1593 1062 partibus
1612 967 1682 1040 sibi

182 1090 305 1163 taliter
331 1091 535 1190 assignatis
563 1092 740 1178 contenti,
773 1092 910 1166 nullam
939 1093 1034 1166 inter
1069 1118 1110 1165 se
1142 1093 1432 1178 contentionem,
1466 1093 1535 1166 sed
1562 1092 1682 1166 omni-

182 1215 332 1291 modam
361 1218 598 1291 concordiam
627 1244 747 1314 usque
775 1219 824 1292 ad
853 1244 962 1292 suum
990 1219 1133 1292 obitum
1161 1217 1380 1292 habuerunt.
1402 1217 1505 1291 Idem
1529 1217 1683 1314 insuper

183 1339 406 1438 Episcopus,
428 1343 492 1437 qui
518 1342 718 1441 legationis
744 1343 867 1417 officio
895 1343 929 1416 in
962 1342 1230 1440 Burdegalensi
1258 1343 1448 1438 provincia
1476 1363 1563 1416 tunc
1591 1360 1683 1416 tem·

181 1465 284 1559 poris
311 1466 549 1564 fungebatur,
569 1467 790 1541 divisionem
818 1484 895 1541 tam
924 1468 1141 1542 solemniter
1167 1466 1393 1542 celebratam
1422 1467 1568 1564 publice
1597 1491 1683 1542 con·

181 1589 349 1665 firmavit.
371 1590 508 1688 Sicque
538 1617 659 1688 usque
687 1591 736 1665 ad
764 1592 831 1667 hec
861 1610 1031 1688 tempora
1060 1593 1139 1666 sine
1167 1590 1430 1666 reclamatione
1466 1593 1591 1687 aliqua
1620 1617 1682 1665 res

182 1716 399 1812 permansit,
429 1717 528 1790 sacto
555 1717 639 1814 ipso
668 1743 691 1791 a
719 1718 796 1791 suis
825 1717 1106 1792 successoribus
1135 1719 1356 1814 approbato.
1380 1717 1559 1791 Ceterum
1577 1717 1683 1792 andi-

181 1847 277 1913 tores
296 1840 478 1936 praefati,
506 1867 528 1916 a
556 1843 725 1939 partibus
754 1841 823 1916 hiis
851 1859 890 1916 et
917 1841 997 1916 aliis
1032 1841 1239 1927 intellectis,
1267 1841 1314 1914 de
1343 1842 1522 1917 mandato
1550 1858 1681 1916 nostro

182 1963 386 2059 peritorum
424 1965 461 2039 in
495 1967 574 2040 iure
609 1967 763 2041 consilia
800 1967 1045 2062 requirentes,
1076 1982 1115 2039 et
1150 1964 1411 2062 intelligentes,
1448 1991 1516 2062 per
1549 1991 1681 2041 eorum

182 2112 364 2184 responsa
392 2092 496 2187 quod
524 2092 687 2166 debebat
715 2092 800 2166 talis
829 2093 961 2166 divisio
989 2092 1208 2178 confirmari,
1231 2107 1310 2164 tum
1338 2091 1426 2188 quia
1444 2091 1541 2164 lacta
1560 2092 1683 2166 fuerat

182 2236 266 2285 cum
293 2214 567 2310 approbatione
603 2214 718 2290 totius
755 2213 918 2310 Capituli
952 2231 992 2289 et
1036 2215 1169 2311 synodi
1204 2213 1402 2313 generalis.
1434 2231 1472 2287 et
1503 2217 1681 2311 precipue

180 2334 250 2410 loci
278 2337 553 2436 Archidiacorii‚
582 2340 632 2414 ad
659 2364 772 2435 quem
801 2341 1006 2414 decanatus
1035 2341 1151 2436 ipsius
1182 2354 1265 2413 erat
1302 2338 1512 2436 specialiter
1540 2339 1682 2412 iurisdi-

181 2460 256 2535 ctio
292 2461 480 2547 devoluta,
515 2479 593 2538 tum
631 2465 719 2560 quia
756 2479 813 2538 tot
849 2480 955 2537 erant
993 2463 1158 2537 Ecclesie
1195 2465 1267 2539 sub
1304 2464 1489 2538 decanatu
1525 2465 1682 2560 antiquo

180 2587 284 2683 quod
311 2613 378 2662 eas
407 2613 503 2663 unus
536 2590 735 2664 commode
773 2613 847 2661 non
884 2603 1034 2685 poterat
1070 2590 1293 2687 gubernare,
1323 2604 1404 2661 turn
1442 2587 1554 2662 etiam
1593 2589 1682 2685 quia

180 2712 296 2812 longo
324 2711 495 2810 tempore
523 2716 726 2788 duraverat
753 2715 788 2787 in
817 2713 955 2810 quiete,
986 2713 1082 2786 sicut
1118 2737 1187 2809 per
1215 2729 1335 2788 testes
1368 2713 1624 2812 quamplures
1642 2730 1682 2787 et

180 2859 251 2931 per
278 2835 395 2932 ipsius
415 2837 591 2934 Episcopi
609 2837 753 2912 litteras
780 2839 1022 2935 probabatur,
1044 2837 1108 2932 qui
1130 2839 1353 2911 auctoritate
1371 2836 1570 2935 legationis
1588 2863 1683 2933 apo-

181 2958 312 3034 stolice
348 2961 469 3057 ipsam
505 2963 617 3036 etiam
654 2961 902 3049 confirmarat,
941 2961 1010 3035 hec
1052 2963 1176 3035 omnia
1219 2961 1319 3035 nobn
1344 2961 1515 3055 fideliter
1549 2963 1682 3036 retule-

180 3093 281 3160 runt.
313 3085 395 3161 Nos
431 3086 547 3186 igitur
582 3086 763 3184 sepedicti
801 3086 990 3182 Episcopi,
1025 3087 1073 3161 de
1103 3088 1207 3161 cuius
1235 3087 1310 3160 vita
1346 3103 1387 3160 et
1423 3085 1496 3160 fide
1530 3086 1680 3184 plenam

181 3207 352 3286 fiduciam
380 3211 603 3298 obtinemus,
634 3211 850 3285 testimonio
883 3210 1109 3299 inherentes,
1140 3211 1359 3285 divisionem
1397 3211 1568 3299 eandem,
1604 3238 1681 3309 que

181 3361 296 3411 causa
332 3337 429 3410 facta
465 3337 670 3411 dinoscitur
717 3336 885 3410 utilitatis
925 3355 964 3411 et
1001 3339 1236 3412 necessitatis
1282 3339 1461 3432 inspecta,
1506 3336 1681 3411 duximus

180 3460 403 3534 auctoritate
438 3455 646 3558 apostolica
684 3459 987 3548 confirmandam,
1027 3477 1065 3535 te
1101 3487 1217 3560 super
1252 3463 1322 3537 hoc
1363 3464 1413 3536 ab
1448 3463 1682 3559 impetitIone

179 3585 388 3659 adversarii
402 3587 655 3662 absolventes.
686 3583 785 3659 Nulli
814 3610 908 3684 ergo
937 3588 1088 3660 omuino
1117 3586 1307 3660 hominum
1336 3604 1407 3662 etc.
1436 3604 1566 3662 nostre
1593 3612 1683 3661 con·

180 3707 399 3783 firmationis
441 3726 480 3785 et
518 3709 746 3784 diffinitionis
782 3727 852 3785 etc.
892 3709 931 3784 Si
979 3711 1063 3806 quis
1100 3728 1225 3784 autem
1270 3727 1340 3785 etc.
1378 3711 1519 3785 Datum
1558 3711 1681 3786 Rome

180 3835 283 3930 apud
312 3836 490 3908 Sanctum
519 3834 669 3908 Petrum
699 3857 737 3906 vr
764 3832 836 3908 kal.
868 3834 1052 3920 februarii,
1083 3858 1182 3908 anno
1210 3835 1365 3908 decime.

913 4131 971 4208 11.

180 4297 411 4400 Innocentius
432 4327 706 4401 IIIAndream
725 4325 991 4400 Subdiaconum
1009 4335 1044 4399 et
1063 4325 1301 4422 Capellnnnm
1319 4349 1437 4410 seeum,
1453 4325 1523 4398 sibi
1537 4351 1561 4396 a
1568 4333 1682 4424 purte

255 4453 420 4549 petitum,
449 4452 671 4526 Auditorem
697 4452 864 4538 concedit,
887 4463 961 4550 per
997 4451 1102 4525 curies
1137 4449 1335 4523 Auditores
1361 4449 1573 4523 relationem
1600 4475 1680 4522 sen-

262 4577 412 4650 tentiam
428 4571 478 4648 ‘e'n
504 4603 616 4649 causa
644 4577 719 4674 ipse
738 4577 979 4674 pronunciat.

260 4741 354 4814 (Rrec.
367 4741 460 4814 Vnt,
479 4739 522 4809 7⁰,
535 4740 600 4813 fot.
619 4740 688 4814 ὅθ’,
705 4757 797 4799 anno
810 4739 870 4815 XI,
887 4748 957 4815 cap.
979 4740 1047 4811 45‚·
1064 4739 1194 4811 Beuum,
1213 4739 1275 4797 vot.
1295 4737 1340 4811 II,
1358 4739 1450 4813 epist.
1470 4739 1537 4807 45:
1553 4739 1679 4810 Misus,

181 4831 202 4888 t.
215 4845 252 4902 c.,
269 4829 327 4888 col.
346 4829 444 4902 1368,
467 4845 500 4886 n.
519 4829 783 4904 45:1³0rrmsr,
804 4845 836 4887 n.
855 4829 975 4902 3344).

1236 4935 1312 5008 1208,
1331 4935 1441 4994 martii
1452 4935 1497 5008 27,
1515 4935 1680 4995 Laterani.

261 5085 425 5182 Hugoni,
459 5085 637 5160 Canonico
664 5085 794 5160 Sancti
812 5085 970 5183 Georgii
984 5085 1027 5159 rte
1045 5085 1163 5186 Faya.
1180 5129 1197 5140 -
1217 5085 1374 5158 Dilectis
1394 5085 1474 5158 filiis
1496 5085 1537 5159 B.
1561 5085 1680 5160 Cano·

181 5213 262 5285 nico
291 5211 411 5286 sancti
439 5210 539 5284 Petri
568 5209 796 5285 Pictavensis
831 5227 872 5288 et
909 5211 957 5286 D.
988 5209 1294 5308 procuratoribus
1332 5209 1379 5285 G.
1409 5209 1458 5284 de
1497 5211 1677 5296 Marnai0,

180 5353 219 5410 et
247 5336 312 5411 tibi
347 5353 425 5410 tam
452 5360 522 5432 pro
551 5351 588 5409 te
625 5361 738 5432 quam
776 5336 996 5412 dilectorum
1024 5333 1182 5409 filiorum
1211 5333 1272 5410 W.
1305 5335 1486 5433 Prepositi
1516 5351 1555 5409 et
1588 5336 1678 5411 alio·
1709 5383 1712 5390 ·
