3686 5916
720 277 899 338 Benenato
917 275 1005 338 XIV
1558 275 1615 336 533

110 471 276 566 quintus,
308 487 449 550 sextus.
480 489 519 547 et
548 471 731 568 septimus
750 517 787 558 -‚
813 472 861 546 ad
890 472 962 547 hoc
991 470 1163 546 nimirum
1191 486 1234 544 ut
1261 470 1296 543 in
1324 468 1444 544 altera
1464 467 1614 542 Causae

110 596 370 692 propositione
389 597 540 672 omnino
559 597 726 693 prodeat¹
739 597 833 670 illius
853 595 1051 683 resolutio;
1073 595 1330 670 Decernentes
1350 596 1469 691 ipsam
1489 593 1615 667 huius-

111 719 216 794 modi
237 720 400 794 Causam
429 745 581 818 semper
599 719 779 818 deinceps
808 745 890 794 cum
920 721 1063 816 quinto,
1090 734 1209 804 sexto,
1231 736 1269 794 et
1298 716 1471 816 septimo,
1493 742 1614 814 usque

112 844 163 918 ad
189 862 396 920 extremam
424 845 520 921 illius
548 845 813 930 definitionem,
845 871 1049 922 remanere.

195 969 295 1064 Quia
313 996 404 1046 vero
430 971 619 1046 interdum
646 971 780 1056 evenit,
802 987 844 1046 ut
864 972 1058 1046 Romanus
1079 971 1248 1046 Pontifex
1267 970 1428 1068 aliquam
1449 967 1613 1042 Causam

111 1097 237 1169 eidem
271 1094 481 1170 Causarum
520 1095 649 1170 Palatii
686 1097 742 1169 sui
772 1089 971 1170 'Auditorio
1007 1095 1226 1182 committat,
1267 1119 1350 1169 cum
1375 1093 1552 1168 ¹clausula
1587 1136 1614 1146 -

112 1218 338 1294 Videntibus
356 1221 529 1295 omnibus
547 1263 573 1274 -
592 1219 763 1318 aliaeque
791 1220 919 1317 plures
939 1219 1088 1295 Causae
1106 1219 1180 1294 iam
1199 1219 1236 1295 in
1255 1219 1385 1293 Turno
1413 1217 1610 1304 ordinario

112 1346 192 1419 sive
220 1346 332 1419 etiam
361 1344 655 1443 suffragantibus
673 1345 807 1442 quinto
833 1361 873 1420 et
900 1359 1020 1432 sexto,
1041 1345 1246 1432 discussae,
1266 1347 1317 1420 ob
1344 1345 1518 1418 iteratam
1538 1342 1613 1417 sul-

112 1467 319 1567 lragiorum
336 1468 660 1565 coaequationem,
677 1469 725 1543 de
745 1470 925 1544 mandato
944 1469 1063 1567 ipsius
1081 1469 1218 1558 Rotae,
1237 1470 1287 1542 ab
1305 1469 1479 1543 omnibus
1498 1466 1615 1540 videri

112 1591 292 1678 debeant;
323 1618 369 1668 ne
398 1591 494 1668 forte
522 1593 736 1668 huiusmodi
763 1617 917 1691 quoque
946 1592 1155 1668 Causarum
1186 1592 1465 1680 resolutionem,
1486 1591 1614 1666 divisis

112 1716 320 1815 aequaliter
347 1719 512 1794 omniurn
541 1717 738 1817 suffragiis,
771 1733 813 1791 ut
839 1742 1106 1816 nonnunquam
1124 1718 1269 1806 accidit,
1291 1719 1412 1792 adhuc
1433 1714 1614 1792 retardari

113 1843 327 1940 contingat3
356 1843 529 1918 volumus
557 1844 708 1940 pariter,
738 1859 853 1941 atque
882 1844 1143 1942 praecipimus,
1174 1861 1215 1919 ut
1247 1844 1397 1941 quoties
1424 1843 1459 1916 in
1488 1838 1613 1938 aliqua

113 1965 251 2052 Causa,
273 1966 331 2041 vel
358 1993 406 2042 ex
433 1967 584 2065 speciali
605 1968 880 2044 Commissione
901 1969 1060 2044 Romani
1080 1969 1268 2044 Pontificis
1287 1967 1345 2042 vel
1364 1993 1411 2042 ex
1430 1966 1612 2062 rescripto

111 2092 230 2189 ipsius
259 2093 392 2177 Rotae,
421 2116 554 2168 omnes
582 2093 788 2168 Auditores
808 2093 1025 2193 suffragium
1050 2091 1147 2168 serre
1176 2094 1326 2179 debent,
1347 2094 1378 2167 si
1406 2090 1612 2166 Auditores

112 2215 290 2315 suffragia
317 2216 481 2294 ferentes
509 2217 669 2314 disparis
705 2219 850 2293 numeri
885 2219 1061 2306 existant,
1090 2217 1267 2315 antiquus
1295 2216 1401 2292 stilus
1429 2230 1610 2302 servetur,

112 2343 284 2416 nimirum
312 2342 416 2439 quod
443 2343 609 2418 Auditor
636 2367 853 2440 proponens
881 2341 1099 2442 suffragium
1120 2366 1195 2418 non
1223 2341 1335 2430 serat;
1366 2343 1396 2416 si
1424 2365 1515 2416 vero
1544 2339 1613 2414 sui·

111 2466 230 2566 fragia
249 2467 413 2542 serentes
441 2467 516 2542 sint
544 2468 687 2542 numeri
708 2469 821 2566 paris,
842 2467 900 2542 vel
929 2493 1017 2542 casu
1045 2467 1172 2565 aliquo
1190 2467 1240 2542 ad
1268 2493 1461 2542 numerum
1481 2490 1610 2564 parem

111 2591 348 2678 reducantur,
369 2591 507 2668 debeat
534 2608 621 2668 tunc
648 2593 684 2666 in
704 2593 787 2690 ipsa
806 2591 933 2668 Causa
962 2592 1180 2692 suffragium
1200 2594 1296 2667 serre
1314 2591 1429 2668 etiam
1449 2591 1612 2666 Auditor

113 2740 341 2814 proponens,
362 2716 411 2791 ad
430 2717 502 2792 hoc
517 2733 558 2792 ut
572 2717 690 2815 ipsius
706 2718 857 2794 Causae
876 2716 1056 2794 resolutio
1076 2743 1227 2815 semper
1244 2735 1284 2792 et
1302 2717 1454 2792 omnino
1475 2739 1612 2814 sequa-

112 2859 185 2928 tur,
216 2867 283 2916 nec
311 2842 360 2916 de
388 2857 549 2930 caetero,
569 2842 784 2918 videntibus
812 2844 997 2930 omnibus,
1027 2843 1204 2942 suffragia
1231 2841 1432 2939 coaequari
1450 2841 1607 2938 possint.

194 2966 450 3042 Decernentes
478 2967 632 3042 easdem
661 2983 896 3064 praesentes,
919 2985 958 3042 et
986 2969 1022 3042 in
1051 2969 1105 3042 eis
1133 2983 1309 3043 contenta
1336 2989 1609 3063 quaecumque,

112 3090 214 3167 nullo
250 3116 416 3189 unquam
449 3107 620 3189 tempore
656 3093 706 3166 de
742 3092 1005 3190 subreptionis,
1035 3091 1279 3188 obreptionis,
1318 3092 1507 3178 nullitatis,
1546 3105 1613 3165 aut

112 3215 321 3292 invalidatis
348 3215 449 3304 vitio,
472 3241 538 3292 seu
559 3217 775 3293 intentionis
795 3233 960 3306 nostrae,
981 3232 1047 3292 aut
1073 3215 1147 3293 alio
1165 3216 1299 3314 quovis
1318 3215 1477 3304 delectu,
1498 3217 1610 3290 etiam

110 3341 350 3438 quantumvis
388 3365 537 3440 magno,
578 3342 842 3441 inexcogitata
873 3357 913 3417 et
947 3341 1182 3418 substantiali
1219 3342 1298 3417 sive
1335 3367 1383 3416 ex
1416 3366 1475 3429 eo,
1507 3340 1611 3438 quod

111 3467 147 3541 in
168 3465 396 3564 praemissis,
417 3491 484 3541 seu
503 3491 634 3540 eorum
653 3467 780 3565 aliquo
798 3465 1068 3554 solemnitates,
1088 3481 1129 3542 et
1146 3467 1304 3564 quaevis
1322 3466 1394 3541 alia
1413 3465 1609 3554 servanda,

112 3608 152 3666 et
178 3589 428 3688 adimplenda,
448 3608 610 3679 servata,
640 3606 680 3666 ct
706 3591 911 3690 adimpleta
939 3581 1013 3666 non
1042 3591 1188 3677 luerint,
1209 3608 1276 3666 aut
1302 3617 1350 3666 ex
1377 3592 1511 3689 quovis
1537 3591 1611 3666 alio

110 3716 234 3813 capite
261 3743 285 3791 a
312 3717 401 3804 iure,
422 3716 483 3791 vel
511 3717 620 3805 facto,
642 3731 709 3792 aut
736 3731 891 3805 statut0,
911 3743 981 3792 seu
1007 3715 1279 3792 consuetudine
1307 3714 1523 3802 resultante,
1544 3731 1611 3790 aut

111 3866 351 3939 quocumque
363 3841 438 3916 alio
452 3840 587 3928 colore,
604 3841 801 3918 occasione
815 3839 875 3916 vel
889 3867 1015 3930 causa,
1029 3841 1142 3916 etiarn
1162 3840 1236 3928 tali,
1252 3866 1351 3937 quae
1364 3840 1419 3915 'ad
1437 3840 1610 3916 eflectum

112 3966 315 4042 validitatis
343 3967 635 4063 praemissorum
674 3968 888 4043 necessario
924 3967 1169 4066 exprimenda
1197 3967 1303 4056 soret,
1334 3966 1465 4052 notari,
1496 3966 1612 4064 impu·

111 4091 231 4192 gnari,
260 4089 463 4176 invalidari,
496 4092 701 4178 retractari,
740 4093 776 4166 in
813 4092 882 4179 ius,
912 4091 972 4166 vel
1008 4092 1301 4192 controversiam
1339 4089 1517 4176 revocari,
1546 4105 1613 4164 aut

111 4219 296 4294 adversus
324 4214 404 4290 illas
432 4216 699 4314 quodcumque
726 4217 830 4303 luris,
852 4218 948 4304 lacti,
969 4217 1127 4317 gratiae,
1146 4217 1204 4292 vel
1223 4217 1386 4292 iustitiae
1405 4215 1611 4292 remedium

113 4341 305 4437 impetrari
324 4365 449 4436 posse,
471 4365 540 4414 nec
568 4341 639 4415 sub
658 4338 728 4415 illis
747 4341 981 4438 specialibus,
1004 4341 1063 4416 vel
1082 4339 1321 4440 generalibus
1350 4339 1531 4428 similium,
1552 4340 1610 4415 vel

113 4465 345 4540 dissimilium
364 4468 568 4564 gratiarum
594 4465 905 4554 revocationibus,
926 4466 1271 4554 modificationibus,
1291 4466 1610 4562 suspensionibus,

113 4591 393 4666 limitationibus
419 4607 485 4664 aut
512 4590 594 4665 aliis
622 4590 816 4665 contrariis
834 4591 1142 4688 dispositionibus
1170 4615 1239 4688 pro
1263 4606 1433 4688 tempore
1452 4614 1612 4688 quomo·

114 4713 256 4790 dolibet
284 4713 472 4804 faciendis,
504 4715 780 4813 comprehendi,
811 4716 880 4790 sed
913 4741 1064 4814 semper
1098 4716 1148 4789 ab
1175 4715 1245 4790 illis
1280 4733 1449 4814 excepta,
1480 4739 1612 4812 perpe·

115 4855 255 4936 tuoque
283 4839 419 4927 valida,
448 4839 565 4922 firma,
594 4857 635 4916 et
661 4839 823 4914 efficacia
850 4841 1013 4914 existere
1040 4855 1081 4914 et
1107 4840 1197 4926 lore,
1227 4841 1347 4916 acab
1374 4841 1545 4915 omnibus
1574 4856 1614 4915 et
1707 4939 1712 4948 ¹

113 4964 280 5062 singulis,
301 4967 352 5040 ad
380 4990 477 5063 quos
498 4981 657 5061 spectat,
678 4982 717 5041 et
739 4964 1027 5064 quomodolibet
1045 4966 1231 5062 spectabit
1258 4967 1294 5038 in
1314 4965 1477 5046 futurum
1497 4965 1613 5041 invio-

111 5087 270 5164 labiliter
297 5091 500 5176 observari,
533 5104 573 5166 et
599 5089 793 5187 adimpleri
821 5092 972 5166 debere.

194 5213 342 5310 Sicque,
363 5230 403 5288 et
430 5239 503 5290 non
522 5215 640 5302 aliter,
663 5217 699 5288 in
727 5216 944 5312 praemissis
968 5217 1139 5291 omnibus
1166 5231 1206 5290 et
1233 5215 1390 5315 singulis
1414 5241 1486 5314 per
1504 5240 1615 5314 prae-

113 5337 235 5414 dictos
263 5355 301 5412 et
329 5338 422 5414 alios
458 5363 719 5437 quoscumque
754 5341 897 5416 ludices
927 5341 1148 5416 Ordinatios
1175 5356 1215 5416 et
1250 5341 1469 5441 Delegatos‚
1499 5342 1612 5416 etiarn
