3708 5918
631 363 797 424 Clemente
815 363 901 423 IV·
921 363 1081 436 Gregorio
1099 363 1131 422 X
1590 365 1628 424 53

124 554 270 628 stimus.
303 553 524 627 Statuentes
552 568 629 626 tam
657 554 797 629 dictum
826 553 1048 651 magistrum
1077 553 1304 626 Aimericum
1323 578 1437 649 quam
1456 579 1526 628 vos
1545 553 1629 628 olli-

126 677 257 753 cialem
285 694 326 752 et
354 678 576 775 magistrum
604 677 854 764 Guillelmum,
885 694 973 775 post
1001 692 1250 753 memoratum
1283 678 1505 777 magistrum
1539 678 1627 752 Rai-

129 804 308 877 mundum
338 803 386 878 de
415 801 557 885 Crosis,
586 804 635 877 ad
662 805 887 901 prebendas,
910 804 1034 900 sique
1061 817 1198 877 vacant
1215 802 1250 876 in
1271 803 1370 878 dicta
1389 801 1627 879 Narbonensi

130 927 297 1014 ecclesia,
329 952 426 1024 quas
454 951 501 1000 ex
530 949 626 1002 nunc
652 927 761 1003 vobis
789 929 892 1002 iuxta
923 927 1146 1026 premissum
1184 926 1407 1002 conterimus
1444 925 1625 1014 ordinem,

129 1052 187 1126 vel
222 1052 272 1127 de
309 1067 436 1128 cetero
481 1071 688 1142 vacaturas,
726 1051 861 1127 eodem
895 1052 1027 1127 ordine
1060 1051 1334 1138 admittendos;
1369 1051 1627 1126 nichilominus

128 1179 231 1274 ipsas
258 1195 458 1254 vacaturas
485 1179 699 1277 prebendas
726 1175 975 1252 conferendas
1001 1177 1109 1251 vobis
1137 1177 1244 1252 simili
1271 1177 1404 1252 ordine
1434 1175 1628 1251 donationi

129 1300 335 1398 apostolice
362 1320 611 1390 reservantes,
640 1327 685 1376 ac
712 1301 957 1378 decernentes
985 1301 1128 1376 irritum
1146 1318 1186 1378 et
1206 1303 1314 1377 inane
1334 1303 1365 1376 si
1385 1328 1494 1377 secus
1512 1295 1628 1398 super

129 1427 323 1524 premissis
350 1428 550 1529 contigerit
577 1429 804 1523 attemptari.
835 1427 875 1500 ln
904 1428 1009 1500 cuius
1027 1427 1091 1531 'rei
1122 1427 1376 1502 testimonium
1411 1440 1626 1524 presentem

127 1553 352 1628 sententiam
379 1553 535 1629 fecimus
563 1553 681 1630 nostri
709 1551 818 1650 sigilli
838 1551 1051 1627 munimime
1071 1553 1250 1640 roborari,
1270 1569 1310 1627 et
1332 1577 1400 1649 per
1420 1552 1626 1626 Berardum

126 1677 312 1752 notarium
341 1677 614 1775 infrascriptum
643 1679 879 1774 precepimus
907 1677 1095 1774 publicari.
1126 1677 1222 1751 Lata
1249 1676 1316 1752 fuit
1343 1679 1411 1751 hec
1441 1676 1627 1751 sententia

128 1804 206 1878 sive
241 1804 482 1901 pronuntiata
520 1803 685 1890 Viterbii,
721 1804 758 1876 in
794 1802 956 1899 hospitio
990 1803 1148 1899 predicti
1184 1803 1353 1901 magistri
1391 1801 1548 1877 Berardi
1579 1800 1626 1874 de

128 1926 300 2024 Neapoli,
320 1931 559 2026 presentibus
578 1927 721 2003 officiali
742 1943 782 2002 et
799 1929 982 2027 magistro
998 1927 1213 2003 Raimundo
1227 1928 1276 2002 de
1291 1927 1421 2002 Crosis
1436 1927 1625 2025 predictis,

125 2053 309 2151 magistro
337 2053 502 2149 Johanne
530 2055 578 2128 de
608 2053 784 2151 Felignis,
805 2067 1048 2150 procuratore
1067 2052 1238 2150 magistri
1258 2051 1437 2127 Bernardi
1457 2050 1625 2150 predicti,

125 2177 309 2277 magistro
337 2177 551 2253 Raimundo
580 2177 749 2261 Paucelli,
780 2193 1026 2274 procuratore
1054 2177 1225 2276 magistri
1253 2177 1428 2252 Aimerici
1452 2175 1624 2260 iamdicti,

124 2319 163 2376 et
192 2303 326 2376 Pontio
353 2303 402 2376 de
432 2301 611 2379 Rotunda
629 2303 694 2400 qui
713 2301 860 2377 dicebat
880 2327 921 2376 se
940 2318 1224 2399 procuratorem
1247 2303 1419 2400 magistri
1439 2299 1628 2376 Guillelmi

126 2426 275 2522 prelati;
305 2441 345 2500 et
380 2428 619 2523 presentibus
648 2428 837 2501 domino..
868 2427 1050 2524 episcopo
1089 2427 1303 2514 Botoutino,
1334 2426 1487 2502 domino
1516 2425 1628 2500 Petro

126 2552 351 2652 Filiangerii,
381 2553 564 2650 magistro
593 2552 730 2648 Jacobo
763 2554 811 2626 dc
839 2551 979 2627 Sancto
1008 2552 1211 2636 Germano,
1241 2551 1393 2627 domino
1430 2551 1624 2636 Anselmo,

123 2675 319 2774 capellano
347 2676 518 2775 magistri
547 2677 704 2751 Berardi
731 2678 864 2752 notarii
890 2677 1057 2774 predicti,
1079 2675 1233 2751 domino
1262 2675 1458 2774 Stephano
1475 2675 1525 2750 de
1543 2675 1629 2748 Ma-

122 2803 289 2886 lobecco,
319 2800 500 2875 canonico
527 2801 733 2889 Tiernensi,
764 2803 949 2900 magistro
987 2801 1135 2876 Eoneto
1170 2800 1219 2876 de
1256 2800 1396 2875 Sancto
1432 2798 1627 2893 Quintino,

121 2926 276 3000 domino
306 2925 439 3001 Pontio
468 2923 676 3001 Clementis
705 2928 916 3024 presbitero
942 2925 1214 3000 Nemausensis
1234 2925 1405 3012 diocesis,
1428 2921 1629 3000 Guillelmo

123 3051 285 3147 Vipiani,
315 3049 450 3126 clerico
488 3051 772 3150 Magalonensis
809 3052 978 3139 diocesis,
1010 3067 1050 3125 et
1081 3051 1277 3125 Bernardo
1309 3052 1358 3126 de
1386 3049 1527 3137 Crosis,
1557 3048 1628 3123 cle·

122 3175 213 3260 rico,
242 3176 403 3251 testibus
436 3177 486 3250 ad
514 3176 583 3250 hec
617 3176 764 3251 vocatis
790 3191 831 3251 et
857 3177 1018 3274 rogatis;
1054 3199 1154 3250 anno
1192 3174 1343 3250 Domini
1371 3200 1395 3249 a
1422 3173 1628 3248 Nativitate

125 3311 171 3374 u⁰
198 3301 259 3374 cc⁰
284 3311 419 3373 uxv111⁰
452 3299 656 3375 indictione
692 3310 757 3387 xr‘,
793 3301 853 3376 dic
891 3323 987 3373 xxm
1022 3300 1162 3374 mensis
1194 3301 1359 3385 ianuarii,
1390 3297 1628 3396 pontificatus

123 3425 265 3500 domini
299 3423 507 3500 Clementis
540 3448 640 3522 pape
672 3426 795 3522 quarti
828 3424 945 3528 [anno
979 3425 1121 3526 tertio].
1157 3425 1208 3500 Et
1243 3449 1319 3524 ego
1352 3421 1542 3500 Berardus
1579 3423 1629 3498 de

123 3550 311 3636 Mevania,
340 3550 550 3647 apostolica
576 3563 616 3624 et
644 3549 823 3646 imperiali
851 3553 1076 3625 auctoritate
1104 3551 1284 3638 notarius,
1314 3551 1398 3624 huic
1430 3547 1629 3645 prolationi

122 3673 282 3762 interlui,
313 3689 353 3748 et
380 3674 429 3748 de
457 3673 637 3748 mandato
664 3689 704 3749 et
737 3675 962 3751 auctoritate
995 3673 1153 3771 predicti
1189 3675 1359 3772 magistri
1397 3673 1554 3748 Berardi
1580 3673 1629 3748 de

123 3797 287 3896 Neapoli
316 3798 450 3874 notarii
478 3799 611 3895 scripsi
638 3815 678 3875 et
705 3799 889 3897 publicavi
917 3800 1086 3897 predicta
1114 3815 1272 3898 rogatus
1290 3829 1326 3872 ›.

206 3921 305 3998 Nulli
333 3947 429 4022 crgo
448 3923 558 4024 [etc]
580 3940 710 3999 nostre
738 3925 1028 4000 confirmationis
1057 3940 1128 4002 etc.
1158 3923 1246 4000 Dat.
1268 3923 1435 4011 Viterbii,
1458 3947 1482 3994 v
1500 3923 1628 3998 kalen-

124 4049 197 4122 das
224 4047 364 4144 aprilis,
395 4071 492 4122 anno
521 4063 711 4144 quarto».

846 4366 910 4445 44.

123 4543 334 4640 Gregorius
363 4543 409 4617 X
440 4539 704 4647 (1271·1276)
737 4569 888 4618 causam
924 4544 1182 4645 appellatione&
1212 4571 1237 4619 a
1274 4545 1459 4633 sententia,
1488 4545 1567 4619 lata
1603 4571 1628 4619 a

200 4667 320 4741 iudae
346 4669 594 4744 commissario
620 4669 706 4743 doto
732 4695 757 4743 a
787 4667 988 4744 Cardinole
1016 4669 1159 4768 Legata
1185 4680 1221 4745 et
1244 4671 1290 4744 ab
1308 4669 1374 4744 lroc
1395 4669 1625 4766 confirmata,

200 4793 390 4866 committit
414 4793 607 4891 Magistro
635 4793 747 4868 Petro
774 4795 972 4892 Rostagni,
998 4794 1205 4893 Capeliano
1232 4793 1477 4892 Apostolicae
1505 4795 1625 4871 Sedis,

203 4919 307 4991 cuir
346 4917 463 4992 Cun'o
489 4943 603 4992 causo
624 4918 803 5018 pendente
833 4919 989 5006 abeunti,
1018 4921 1197 5018 subrogat
1233 4920 1465 4995 Gninerirem
1501 4921 1628 5020 Capel-

202 5041 333 5116 tanum
360 5051 396 5116 et
416 5041 629 5139 generalem
646 5067 846 5118 causarum
875 5043 1023 5118 Palatii
1037 5045 1277 5118 Auditorem:
1301 5045 1361 5119 ltr‘e
1386 5055 1508 5120 autem
1534 5071 1626 5133 cum,

203 5189 318 5240 causa
341 5165 530 5264 pendente,
548 5167 680 5263 soenes
696 5167 838 5263 ficisset
862 5166 1168 5267 Arctispcscopus
1185 5169 1380 5265 Aquensis,
1402 5177 1438 5243 et
1452 5169 1507 5243 ad
1521 5195 1628 5243 suam

205 5291 410 5365 Ecclesiam
429 5301 679 5391 properasset,
713 5291 920 5390 Gregorius
945 5317 1095 5366 causam
1122 5293 1310 5366 committit
1333 5293 1526 5390 Magistro
1552 5301 1630 5392 Ay·

203 5417 340 5490 norico
371 5415 531 5490 Guttoti
556 5415 754 5514 Capellano
780 5443 846 5491 srco
872 5426 907 5491 et
932 5416 1115 5490 Audz’torr'
1138 5439 1339 5491 causarum
1370 5417 1524 5493 Palatii,
1557 5420 1630 5492 Hic
