3718 5918
728 343 895 402 Clemente
914 341 988 404 XII
1552 343 1607 404 497

188 535 258 610 Pro
288 533 469 610 Mandato
498 537 546 611 de
573 535 805 632 reportando
833 536 1075 635 Regestrum,
1094 551 1192 623 acta,
1212 534 1273 608 vei
1302 536 1518 622 Processus‚
1541 559 1607 610 seu

105 660 155 734 de
183 658 436 755 perquirendo
479 717 1361 741 ..............
1420 685 1473 736 sc.
1502 681 1604 754 -35

187 783 259 859 Pro
296 800 386 860 nota
419 785 637 860 Sententiae
663 783 881 860 diffinitivae
909 787 945 858 in
973 785 1094 883 prima
1122 785 1303 862 instantia
1355 846 1362 861 .
1420 811 1471 861 sc.
1504 808 1539 877 3,
1559 806 1604 880 75

186 910 225 984 in
254 907 422 984 secunda
449 909 630 988 instantia
682 967 1226 987 .........
1249 987 1253 996 ,
1286 970 1293 986 .
1355 971 1362 984 .
1419 936 1471 987 sc.
1504 934 1524 1004 3
1555 952 1607 968 -

186 1034 225 1108 in
256 1036 367 1110 tertia
395 1035 576 1110 instantia
613 1091 1362 1112 ............
1421 1062 1472 1110 sc.
1505 1061 1523 1108 2
1556 1076 1608 1092 —

188 1159 261 1234 Pro
288 1160 541 1235 instrumento
569 1160 787 1236 Sententiae
815 1160 1032 1236 diffinitivae
1088 1219 1362 1238 .....
1420 1186 1473 1235 sc.
1509 1185 1539 1247 1,
1558 1182 1607 1255 50

188 1284 260 1358 Pro
287 1284 540 1361 instrumento
568 1286 785 1361 Sententiae
803 1311 888 1361 cum
908 1287 1097 1362 taxatione
1115 1310 1366 1383 expensarum
1420 1309 1471 1362 sc,
1505 1310 1537 1372 2,
1559 1306 1603 1379 25

189 1410 260 1483 Pro
287 1409 541 1484 Instrumento
568 1411 767 1485 taxationis
794 1435 1046 1508 expensarum
1074 1411 1123 1486 ad
1152 1411 1295 1487 Partes.
1353 1467 1361 1486 .
1419 1435 1471 1486 sc.
1502 1433 1578 1503 -7
1585 1432 1603 1502 5

187 1532 258 1608 Pro
287 1551 377 1608 nota
405 1533 623 1610 Sententiae
651 1535 957 1611 interlocutoriae
985 1536 1083 1612 nihii.

189 1657 260 1732 Pro
289 1675 378 1733 nota
405 1659 624 1734 Sententiae
651 1659 922 1736 declaratoriae
939 1663 1072 1761 vigore
1092 1661 1293 1746 Monitorii,
1314 1658 1374 1734 vei
1401 1659 1608 1733 litterarum

106 1781 426 1857 Executorialium
483 1841 1364 1864 ..............
1420 1811 1472 1860 ⁵0·
1501 1804 1605 1878 -75

190 1907 261 1981 Pro
289 1907 541 1983 instrumento
570 1909 789 1986 Sententiae
815 1910 1085 1986 declaratoriae
1090 1969 1363 1989 .....
1422 1933 1473 1986 sc.
1509 1933 1539 1997 1,
1558 1931 1608 2003 50

190 2031 262 2106 Pro
290 2031 544 2109 instrumento
574 2035 870 2132 Aggravationis
897 2038 947 2110 ad
976 2035 1107 2112 Partes
1154 2096 1162 2112 .
1222 2098 1229 2112 .
1289 2093 1296 2109 .
1355 2093 1363 2112 .
1421 2059 1472 2112 sc.
1509 2059 1540 2122 ι,
1559 2057 1608 2129 50

189 2157 260 2231 Pro
288 2157 542 2234 instrumento
569 2159 910 2258 Reaggravationis
942 2163 991 2235 ad
1022 2162 1163 2239 Partes.
1223 2220 1231 2237 .
1289 2220 1297 2236 .
1357 2221 1363 2235 .
1422 2183 1472 2234 sc.
1510 2183 1522 2231 1
1559 2180 1609 2253 50

191 2280 262 2356 Pro
290 2281 544 2359 instrumento
571 2284 760 2359 Interdicti
788 2284 838 2358 ad
866 2285 998 2360 Partes
1021 2343 1365 2362 ......
1421 2309 1474 2358 sc.
1509 2307 1521 2356 ι
1559 2305 1608 2377 50

189 2405 262 2480 Pro
289 2405 543 2481 instrumento
571 2407 717 2483 Brachii
754 2407 943 2484 Secularis
980 2433 1048 2507 per
1083 2435 1125 2484 se
1152 2426 1192 2484 et
1220 2407 1437 2507 simpliciter
1463 2408 1609 2504 absque

104 2529 361 2606 declaratione
416 2585 1364 2610 ...............
1422 2559 1473 2607 sc.
1506 2554 1526 2624 3
1558 2573 1609 2588 -

189 2653 261 2729 Pro
288 2656 542 2730 instrumento
570 2655 831 2731 Absolutionis
872 2659 921 2733 ab
958 2657 1364 2734 Excommunicationis
1402 2655 1607 2744 Sententia,

103 2779 189 2854 sive
218 2779 505 2856 Commissionis
532 2779 702 2855 eiusdem
729 2779 992 2858 Absolutionis
1020 2783 1060 2857 in
1088 2783 1259 2880 partibus
1286 2781 1443 2868 fiendae,
1464 2780 1611 2856 etiamsi

102 2903 244 2978 suerint
273 2905 412 2991 Plures,
443 2905 522 2979 sive
542 2905 812 2990 Communitas,
835 2905 1065 3004 Capitulum,
1080 2924 1148 2981 aut
1167 2907 1390 3006 Collegium,
1411 2905 1448 2978 in
1475 2904 1609 2979 eadem

105 3029 248 3116 Causa,
279 3046 319 3103 et
344 3029 584 3127 expeditione
617 3089 1363 3108 ............
1421 3056 1472 3106 sc.
1509 3055 1521 3104 r
1559 3053 1608 3124 50

190 3153 262 3228 i’ro
290 3153 475 3230 Mandato
501 3156 698 3230 executivo
726 3155 995 3254 cuiuscumque
1023 3181 1229 3231 summae.
1288 3217 1295 3232 .
1354 3215 1362 3231 .
1420 3179 1472 3229 sc.
1506 3178 1526 3248 3
1558 3195 1609 3214 -

155 3350 158 3356 .
190 3279 261 3354 Pro
290 3279 474 3354 Mandato
501 3279 550 3354 de
579 3279 873 3369 Manutenendo,
893 3281 1173 3380 reintegrando,
1195 3281 1274 3356 sive
1293 3280 1342 3354 de
1370 3278 1609 3353 immittendo

1006 3413 1007 3416 ’
1421 3431 1472 3480 sc.
1505 3427 1526 3498 3
1558 3446 1610 3462 -

189 3527 260 3604 Pro
289 3529 542 3606 instrumento
570 3529 764 3606 Cessionis
802 3531 904 3618 iuris,
935 3530 1020 3618 litis,
1056 3546 1095 3605 et
1129 3530 1289 3614 Causae,
1330 3529 1408 3604 sive
1444 3528 1541 3616 latis,
1571 3545 1611 3602 et

102 3653 258 3728 Causae
287 3653 493 3742 dumtaxat,
525 3655 557 3729 si
583 3655 803 3730 extrahatur
829 3655 1040 3744 coniuctim,
1069 3654 1129 3729 vei
1149 3655 1363 3752 separatim.
1420 3678 1473 3729 sc.
1495 3655 1605 3748 '-75

189 3778 261 3852 Pro
291 3779 401 3865 Nota,
433 3805 500 3854 seu
530 3779 671 3878 Rogitu
701 3780 941 3856 instrumenti
968 3779 1182 3856 huiusmodi
1210 3779 1403 3855 Cessionis
1430 3778 1524 3854 bon:
1545 3779 1610 3853 tn'-

100 3905 214 4005 ginta
240 3920 389 4002 septem
417 3931 501 3982 cum
529 3905 682 3980 dimidio
708 3907 778 3982 ob:
805 3929 858 4001 ·37
874 3903 932 4008 Ἄ,
962 3905 1134 3981 videlicet
1159 3907 1314 4002 quando
1341 3929 1416 3980 non
1435 3905 1611 3980 extraha-

102 4049 171 4105 tur
197 4031 500 4116 instrumentum,
530 4031 600 4105 sed
628 4033 659 4106 si
686 4013 916 4118 extrai'ratur,
948 4048 1035 4106 tunc
1062 4031 1099 4107 in
1140 4031 1370 4106 extractione
1403 4031 1441 4105 d.
1469 4031 1610 4104 instru-

102 4154 224 4230 menti
251 4154 459 4230 defalcatur
486 4155 586 4231 dicta
614 4180 761 4231 summa
788 4159 859 4231 ob:
892 4178 938 4251 37
954 4152 1013 4257 Ἃ.

192 4280 263 4354 Pro
277 4279 527 4354 instrumento
542 4280 749 4356 Processus
764 4280 1044 4380 subrogationis
1059 4279 1099 4354 in
1118 4280 1201 4354 iure
1222 4277 1397 4355 Cuiusvis
1425 4305 1476 4354 sc.
1512 4305 1541 4366 r,
1561 4302 1610 4372 50

189 4404 262 4479 Pro
289 4429 529 4503 quocumque
561 4406 816 4480 instrumento
844 4403 1124 4504 prorogationis
1157 4405 1305 4479 termini
1342 4403 1608 4493 Remissoriae,

101 4529 186 4604 sive
227 4531 445 4604 mutationis
486 4529 664 4616 iudicum,
694 4529 753 4603 vei
793 4529 947 4604 alicuius
983 4527 1240 4613 intimationis‚
1270 4545 1337 4602 aut
1376 4527 1450 4604 aiio
1477 4528 1611 4625 quovis

99 4667 193 4730 actu
222 4653 385 4730 Iudiciali
413 4653 449 4728 in
477 4655 664 4752 publicam
691 4653 850 4730 formam
880 4655 1032 4728 redacto
1088 4711 1364 4730 .....
1422 4679 1473 4730 sc.
1504 4675 1580 4747 —7
1588 4675 1607 4747 5

850 4829 871 4872 *

821 4890 900 4934 tit*

102 4991 177 5066 Ex
205 4933 482 5090 Reformatierre
509 4989 581 5066 So:
599 4991 721 5066 Mem:
743 4989 934 5072 Clementis
951 4991 1027 5079 XI,
1057 4992 1155 5086 edile
1182 5017 1281 5067 anno
1298 5013 1404 5090 1704,
1431 4991 1613 5068 habentur

196 5119 234 5192 T
228 5143 326 5192 axae
353 5117 628 5218 infrascriptae,
659 5143 683 5189 a
711 5117 887 5192 Notariis
914 5115 1053 5192 Sacrae
1081 5119 1198 5192 Rotae
1224 5117 1438 5194 servandae.

190 5277 262 5352 Pro
272 5277 752 5352 Praesentationecuiusvis
764 5275 1051 5352 commissionis
1066 5301 1151 5352 cum
1165 5274 1261 5352 iliius
1276 5291 1409 5354 tenore
1424 5303 1474 5354 sc.
1505 5301 1611 5373 -30

191 5403 263 5478 Pro
292 5403 458 5478 Decreto
488 5401 686 5478 Citationis
713 5428 796 5477 cum
825 5403 1046 5478 inhibitione
1089 5461 1365 5479 .....
1423 5429 1473 5480 sc.
1504 5424 1607 5497 -525
