3718 5918
724 361 891 421 Clemente
908 359 982 422 111
1546 362 1602 424 ⁵09

102 552 218 626 Sacra
246 551 346 626 Rota
372 551 409 624 in
430 552 536 626 novis
556 552 763 628 Advocatis
783 553 1115 630 Consistorialibus
1134 554 1369 654 cooptandis,
1390 555 1450 629 vel
1472 579 1604 630 eorum

102 675 396 750 Coadiutoribus
423 677 679 762 admittendis,
710 678 814 752 iuxta
841 679 1035 753 decretum
1054 679 1090 753 in
1111 677 1348 755 Consistorio
1366 695 1515 756 secreto
1534 681 1606 754 sub

103 801 165 874 die
197 825 242 874 22
275 800 433 876 Ianuarii
469 824 511 896 17
518 809 589 896 3¹¹
617 802 908 877 clementissime
935 803 1039 878 edito
1066 829 1090 878 a
1118 803 1231 879 Ssriro
1260 803 1308 879 D.
1341 805 1409 892 N.;
1439 829 1604 902 quapro-

101 940 190 1022 pter
217 925 396 1000 intimatis
424 925 598 1001 omnibus
626 926 817 1025 RRppdd.
848 927 1096 1002 Auditoribus
1124 929 1159 1001 in
1190 928 1296 1004 Urbe
1328 930 1603 1026 praesentibus,

102 1067 193 1146 post
208 1050 430 1148 Cappellam
447 1051 675 1127 Pontificiam
694 1052 804 1126 huius
823 1052 897 1128 diei
916 1070 1174 1128 convenerunt
1192 1055 1227 1128 in
1246 1055 1404 1129 aedibus
1423 1054 1508 1128 Rriri
1529 1053 1604 1128 De-

101 1169 192 1249 cani
210 1176 261 1249 ad
287 1173 462 1252 eflectum
489 1177 663 1274 explendi
692 1179 983 1254 nominationem
1004 1179 1280 1276 praedictam...
1300 1196 1340 1254 et
1358 1182 1605 1255 decreverunt

103 1299 351 1374 nominandos
370 1325 458 1375 esse
477 1301 514 1376 S.
531 1301 571 1376 S.
592 1300 849 1400 infrascriptos
869 1321 1033 1400 quatuor
1052 1305 1284 1390 advocatos,
1306 1329 1404 1400 quos
1422 1331 1471 1379 ex
1493 1321 1601 1381 coetu

102 1423 213 1497 huius
231 1422 353 1498 almae
370 1425 507 1502 Curiae
527 1428 649 1527 magis
668 1427 852 1503 electione
866 1429 1004 1528 dignos
1023 1446 1259 1526 reputarunt,
1274 1455 1433 1525 quorum
1455 1429 1603 1506 nomina

101 1549 204 1622 iuxta
233 1551 401 1646 suscepti
428 1553 593 1626 muneris
620 1553 878 1628 advocationis
906 1553 1076 1628 ordinem
1106 1570 1209 1628 sunt:
1230 1553 1440 1652 Gregorius
1460 1553 1604 1630 Ventu-

101 1669 225 1758 fellus,
258 1673 521 1763 Caesenaten„
550 1675 772 1751 Franciscus
793 1677 968 1765 Coraeza,
990 1678 1195 1762 Romanus,
1218 1679 1417 1776 Pompeius
1436 1679 1602 1754 deloco

100 1796 162 1878 sis,
194 1797 457 1885 interamnem,
489 1799 667 1875 Clemens
695 1801 976 1899 Argenveliers,
1007 1802 1211 1879 Romanus.

183 1921 308 1996 Huius
337 1923 602 1999 nominationis
629 1924 757 2001 lolium
785 1941 922 2023 postea
949 1927 1058 2001 suita
1078 1929 1176 2003 Rriro
1202 1927 1359 2004 Decano
1388 1943 1602 2028 porrectum

101 2045 197 2120 Eriio
226 2041 349 2122 Card¹i
378 2048 508 2124 Firrao
534 2075 557 2124 a
585 2051 741 2125 secretis
770 2051 912 2137 Status,
940 2068 982 2125 ut
1009 2053 1120 2127 Ssriro
1152 2053 1320 2130 referret.
1344 2053 1395 2127 Et
1421 2053 1601 2129 relatione

101 2171 208 2257 lacta,
239 2171 374 2247 Ssrirus
399 2174 447 2249 D.
469 2173 516 2250 N.
538 2175 656 2274 elegit
681 2175 718 2248 in
746 2177 986 2251 Advocatum
1014 2201 1144 2253 sacrae
1164 2179 1447 2254 Consistorialis
1465 2179 1600 2262 Aulae.

103 2296 150 2371 D.
179 2297 295 2370 Advm
316 2298 552 2374 Clementem
580 2300 849 2399 Argenveliers
877 2327 962 2376 cum
991 2305 1225 2400 subsequuta
1243 2305 1485 2402 expeditione
1504 2305 1602 2380 soliti

104 2419 245 2508 brevis,
275 2447 343 2498 seu
371 2439 499 2498 motus
526 2427 682 2522 proprii.

810 2707 901 2788 412.

102 2863 334 2942 Sanctissimi
357 2865 411 2941 D.
442 2867 497 2942 N.
528 2869 580 2943 D.
612 2867 802 2943 Clementis
826 2869 954 2944 divino
974 2871 1210 2972 prooailmtia
1232 2864 1365 2970 'Papae
1399 2869 1493 2946 XII
1523 2897 1600 2946 con·

178 2993 317 3066 statutio
335 2991 608 3092 approbationes
626 2993 892 3068 nonnullarum
911 2995 1171 3070 resoluteonum
1193 2993 1496 3094 Congregoteoms
1507 3010 1601 3097 par·

181 3118 352 3193 atulam
378 3147 402 3192 a
430 3119 666 3196 Sanctissimo
692 3122 885 3220 deputatae
911 3133 1024 3222 super
1050 3123 1225 3220 regestris
1251 3123 1292 3196 in
1323 3121 1451 3219 offia'o
1478 3123 1599 3198 Nota·

180 3243 437 3350 rt'orumnSac.
468 3243 587 3320 Rotae
614 3245 810 3320 Auditoeie'
833 3256 1103 3322 maeatarum.
1488 3275 1492 3283 ⁴

181 3399 300 3473 (Anca.
318 3399 406 3471 Ror.
429 3423 441 3452 ι
461 3399 694 3461 Ordinatrbms
711 3400 899 3478 »,pavt.11,
921 3401 973 3464 De
992 3401 1154 3470 Notariis.
1171 3419 1204 3462 n.
1222 3401 1343 3474 ΝΠ)

1157 3563 1235 3636 1789,
1247 3563 1388 3624 ianuarii
1401 3499 1449 3638 il,
1468 3563 1601 3624 Romae.

180 3690 360 3766 Clemens
374 3691 587 3788 episcopus,
605 3691 745 3765 Servus
764 3691 968 3769 Servorum
985 3693 1068 3778 Dei,
1080 3694 1130 3767 ad
1144 3709 1366 3792 perpetuam
1386 3695 1438 3767 rei
1458 3717 1601 3769 memo-

101 3815 202 3892 riam.
232 3859 260 3871 -
288 3817 482 3891 Romanus
511 3817 688 3902 Pontifex
715 3817 900 3913 providus
928 3818 1094 3892 Iustitiae
1122 3817 1257 3893 Cultor
1291 3844 1314 3893 a
1352 3817 1440 3894 Deo
1467 3818 1601 3892 consti·

103 3954 205 4014 tutus
219 3943 258 4014 in
272 3939 401 4014 Terris
420 3965 468 4015 ex
486 3940 588 4040 vigili
608 3966 794 4039 operosae
814 3966 904 4018 suae
924 3944 1059 4016 mentis
1078 3943 1254 4040 indagine
1272 3943 1432 4017 libenter
1445 3941 1602 4017 intendit

101 4066 149 4137 ad
184 4090 241 4154 ea,
272 4090 342 4162 per
382 4090 482 4162 quae
522 4066 558 4139 in
586 4067 814 4163 quibuslibet
841 4066 1104 4140 Tribunalibus
1133 4069 1353 4164 praesertim
1391 4068 1427 4140 in
1457 4067 1601 4140 Causa-
1712 4103 1717 4116 ·

101 4213 180 4263 rum
209 4189 340 4266 Palatii
367 4191 497 4266 Nostri
529 4191 726 4266 Auditorio
754 4191 996 4266 Notariorum
1024 4192 1142 4281 labor,
1189 4193 1413 4289 illorumque
1457 4217 1600 4266 merces

102 4313 136 4386 in
164 4316 334 4392 eiusdem
363 4316 523 4392 iustitiae
550 4315 655 4392 lance
683 4339 807 4414 aequo
835 4317 933 4392 inter
960 4344 1001 4392 se
1029 4319 1236 4393 subsistant
1268 4319 1447 4415 pondere,
1477 4317 1601 4392 etliti-

180 4563 189 4598 ¹
208 4561 319 4622 Teuor
342 4562 464 4622 decreti
486 4569 549 4622 est:
579 4559 841 4624 «Sanctissimus
865 4561 904 4622 D.
928 4559 1000 4621 Ν....
1022 4561 1196 4636 providere
1219 4561 1334 4622 volens
1357 4569 1393 4622 ut
1415 4559 1600 4636 Collegium

106 4649 373 4712 «Advocatorum
391 4649 672 4712 consistorialium
690 4665 821 4726 semper
840 4649 953 4712 floreat
965 4649 1056 4710 Viris
1074 4651 1157 4710 iuris
1174 4651 1300 4726 peritia,
1317 4649 1515 4726 integritate,
1527 4665 1601 4725 pru·

106 4739 238 4800 edentia
257 4755 433 4814 rerumque
452 4739 630 4799 forensium
649 4755 710 4798 usu
728 4740 969 4815 praestantibus
989 4741 1080 4814 (quas
1098 4739 1230 4814 quidem
1248 4739 1448 4799 conditiones
1460 4739 1603 4798 maxime

106 4827 226 4886 «etiam
245 4827 418 4903 requirunt
435 4827 635 4904 gravissima
653 4827 757 4887 officia
774 4827 934 4888 Advocati
951 4826 1037 4888 Fisci
1050 4837 1082 4887 et
1093 4825 1253 4887 Camerae
1265 4827 1479 4902 Apostollcae,
1492 4828 1601 4888 Adve-

106 4917 191 4977 «cati
210 4917 396 4992 Pauperum
413 4924 446 4976 et
463 4915 663 4978 Promotoris
680 4916 782 4992 Fidei,
800 4932 884 4994 quae
901 4917 951 4978 eis
967 4915 1109 4978 conferri
1128 4920 1378 4990 consueverunt)
1401 4917 1547 4978 decernit
1570 4925 1602 4976 et

106 5005 271 5066 «statuit...
295 5007 337 5066 ad
361 5021 438 5066 eum
462 5005 562 5066 finem
587 5007 687 5066 tutius
709 5007 949 5082 assequendum
973 5006 1106 5066 mandat
1130 5006 1291 5066 Sanctitas
1312 5005 1378 5066 Sua
1406 5014 1440 5064 ut
1463 5007 1602 5082 quoties-

105 5107 266 5169 ‹cumque
284 5094 455 5170 contigerit
474 5093 600 5154 vacatio
617 5095 753 5154 alicuius
772 5095 833 5154 loci
850 5095 886 5154 in
905 5095 1068 5170 praedicto
1085 5093 1233 5170 Collegio
1251 5095 1311 5166 (cui
1330 5103 1438 5155 tamen
1464 5093 1602 5154 antehac

105 5197 194 5241 «non
212 5183 309 5245 tuerit
327 5199 385 5258 per
410 5183 651 5258 deputationem
672 5181 878 5244 Coadiutoris
901 5186 1083 5260 provisum)
1104 5184 1207 5246 Rotae
1230 5183 1399 5244 Romanae
1423 5183 1601 5244 Auditores

105 5285 187 5342 «pro
204 5273 324 5332 moria
341 5287 457 5332 eorum
475 5271 539 5333 fide
562 5273 757 5348 assiduaque
781 5273 894 5336 notitia
911 5274 1059 5334 omnium
1084 5273 1139 5348 qui
1157 5289 1292 5348 operam
1315 5274 1439 5332 caussis
1463 5273 1601 5348 agendis

108 5372 261 5436 «navant,
277 5363 425 5424 Romano
443 5361 590 5423 Pontifici
608 5380 667 5440 pro
684 5372 830 5440 tempore
849 5365 1017 5424 existentis
1035 5373 1198 5439 exponant
1220 5379 1301 5439 quos
1320 5365 1409 5422 viros
1433 5379 1472 5423 eo
1494 5364 1600 5439 gradu

106 5451 236 5526 ‹magis
253 5451 370 5528 dignos
393 5453 613 5513 oensuerint...
626 5479 639 5504 ι
660 5453 776 5528 (Anca.
799 5453 887 5529 Rom,
917 5479 929 5505 «
948 5453 1049 5514 Liber
1067 5453 1101 5512 S.
1120 5453 1225 5513 Rotae
1242 5453 1268 5512 2
1285 5478 1311 5528 ι,
1331 5459 1409 5528 pag.
1428 5453 1598 5526 297·298>.
