3720 5916
806 311 936 372 Urbano
957 312 1039 373 VIII
1610 309 1666 368 355
1700 333 1708 356 ¹

247 499 329 573 Nos
357 499 470 596 igitur
497 517 732 595 exponentes
760 501 952 597 praelatos
981 501 1205 598 specialibus
1240 501 1429 575 favoribus
1461 514 1501 574 et
1533 498 1665 598 gratiis

163 624 344 721 prosequi
373 623 555 710 volentes,
584 640 780 698 eteorum
810 626 1020 724 singulares
1041 651 1225 722 personas
1253 651 1276 698 a
1303 625 1497 722 quibusvis
1516 649 1665 698 excom·

163 747 434 836 municationis,
466 750 724 845 suspensionis
751 766 790 823 et
818 751 1014 835 interdicti,
1043 750 1199 846 aliisque
1229 750 1490 825 ecclesiasticis
1519 767 1664 822 senten-

163 874 234 958 tiis,
265 875 433 946 censuris
469 888 509 946 et
536 874 680 970 poenis,
711 901 733 947 a
762 873 851 961 iure,
873 874 931 948 vel
960 877 1008 948 ab
1036 875 1195 960 homine,
1217 875 1351 972 quavis
1379 875 1576 948 occasione
1604 875 1663 948 vel

160 1023 287 1082 causa,
319 998 415 1084 latis,
448 997 643 1093 siquibus
671 997 956 1095 quomodolibet
985 999 1185 1074 innodatae
1213 999 1388 1084 existant,
1413 1000 1463 1072 ad
1491 999 1663 1073 eflectum

159 1122 418 1217 praesentium
453 1118 651 1196 dumtaxat
692 1125 1010 1220 consequendum,
1047 1124 1179 1197 harum
1218 1125 1314 1198 serie
1348 1122 1588 1198 absolventes
1624 1140 1664 1197 et

158 1247 357 1320 absolutas
386 1245 464 1320 lore
492 1263 703 1334 censentes
734 1248 946 1322 huiusmodi
974 1247 1309 1344 supplicationibus
1337 1250 1509 1333 inclinati,

244 1369 369 1462 Quod,
401 1372 449 1443 de
477 1388 641 1455 coetero,
671 1373 811 1446 omissa
840 1372 941 1446 Rota
968 1373 1123 1446 lerialV
1152 1391 1241 1469 post
1260 1374 1396 1447 dictam
1427 1373 1661 1447 Dominicam

161 1496 433 1568 Penthecostes
462 1496 643 1569 hactenus
672 1495 750 1570 fieri
780 1473 900 1582 solita,
931 1499 1012 1571 eius
1039 1499 1122 1572 loco
1150 1500 1269 1594 prima
1305 1499 1405 1571 Rota
1441 1497 1661 1596 Quadrage·

158 1621 291 1707 simae,
323 1621 423 1695 Rota
451 1621 648 1695 dubiorum
678 1621 752 1705 fiat,
782 1639 820 1694 et
850 1622 1006 1698 Urbana
1034 1622 1255 1719 appelletur,
1286 1623 1497 1719 apostolica
1537 1638 1661 1696 aucto·

157 1744 282 1827 ritate,
314 1759 445 1818 tenore
472 1746 728 1841 praesentium
756 1747 939 1832 volumus,
971 1762 1011 1820 et
1037 1748 1300 1834 decernimus;
1331 1773 1398 1820 nec
1427 1769 1500 1821 non
1538 1772 1661 1820 surro-

157 1869 354 1966 gationem
383 1869 506 1943 dictae
534 1871 657 1944 Rotae
686 1870 902 1945 Corduben.
933 1873 969 1943 in
996 1873 1119 1944 locum
1146 1871 1243 1946 illius
1281 1897 1379 1968 quae
1420 1871 1511 1946 seria
1552 1889 1659 1947 sexta

156 2011 250 2089 post
283 1994 422 2067 dictum
466 1995 599 2068 festum
638 1993 819 2091 Corporis
857 1996 997 2070 Christi
1033 1996 1110 2070 fieri
1152 1995 1318 2083 deberet,
1358 2013 1400 2070 ut
1436 1998 1656 2093 praefertur,

24 2103 30 2114 ¹
155 2117 291 2191 iisdem
319 2119 541 2194 auctoritate
560 2136 600 2194 et
618 2136 749 2194 tenore
768 2120 1031 2195 confirmamus
1050 2137 1089 2194 et
1107 2123 1374 2218 approbamus,
1395 2121 1522 2218 illique
1540 2121 1659 2195 invio·

155 2242 278 2317 labilis
307 2244 538 2339 apostolicae
556 2243 742 2318 firmitatis
762 2247 877 2319 robur
893 2244 1097 2333 adiicimus,
1118 2271 1162 2319 ac
1181 2270 1314 2320 omnes
1332 2261 1371 2320 et
1399 2270 1658 2342 quoscumque

155 2385 237 2440 tam
265 2369 355 2441 iuris
382 2394 495 2464 quam
524 2369 609 2442 sacti
638 2369 819 2456 desectus,
841 2371 872 2443 si
900 2371 1036 2466 quibus
1056 2371 1221 2468 desuper
1239 2370 1522 2469 quomodolibet
1549 2373 1657 2446 inter·

154 2494 340 2581 venerint,
372 2495 612 2591 supplemus;
641 2495 694 2568 ita
735 2511 859 2569 tamen
902 2511 943 2568 ut
978 2495 1077 2568 Rota
1119 2495 1335 2572 Corduben.
1366 2497 1580 2572 huiusmodi
1608 2498 1656 2571 de

153 2633 310 2690 caetero
339 2642 413 2692 non
440 2619 599 2715 amplius
629 2618 857 2706 Corduben,
876 2621 944 2694 sed
973 2619 1142 2695 similiter
1171 2619 1325 2695 Urbana
1355 2639 1600 2719 nuncupetur.

239 2742 325 2816 Non
366 2744 603 2818 obstantibus
646 2744 971 2819 constitutionibus
1012 2760 1052 2819 et
1092 2745 1386 2820 ordinationibus
1426 2745 1653 2843 apostolicis,

151 2867 391 2964 caeterisque
420 2869 613 2942 contrariis
647 2869 957 2967 quibuscumque.

238 2992 379 3065 Datum
394 2993 552 3079 Romae,
572 2993 675 3089 apud
692 2994 867 3068 Sanctam
889 2995 1046 3068 Mariam
1066 2994 1262 3082 Maiorem,
1284 2996 1354 3070 sub
1372 2995 1509 3068 annulo
1530 2993 1654 3069 Pisca-

146 3119 256 3198 toris,
289 3119 349 3191 die
376 3141 442 3191 x1x
471 3117 557 3192 maii
576 3141 800 3204 nncxxxvn,
821 3119 1060 3216 pontificatus
1080 3119 1198 3193 nostri
1225 3143 1325 3194 anno
1358 3120 1650 3218 decimoquarto.

1281 3317 1335 3392 M.
1366 3319 1414 3392 A.
1444 3317 1651 3392 Maraldus.

860 3614 949 3694 220.

382 3777 492 3850 Mors
520 3776 672 3850 Ioannis
700 3775 894 3872 Baptistae
925 3777 1073 3862 coccini,
1105 3777 1223 3849 Rotae
1252 3775 1407 3848 Decani.

229 3933 348 4008 (Auen.
369 3931 457 4002 Ror,
481 3931 670 3990 ‹Debrium
689 3930 905 4002 Pr'rovam'»).

1400 4072 1551 4130 Ianuario
1571 4072 1649 4130 1641.

229 4223 348 4296 Erirus
364 4221 575 4298 Cardinalis
592 4222 811 4296 Franciscus
829 4222 1053 4295 Barberinus
1068 4221 1159 4295 Vice
1172 4219 1435 4305 Cancellarius‚
1454 4218 1649 4315 sequendo

142 4348 311 4446 vestigia
340 4348 525 4422 Maiorum
555 4373 708 4421 suorum
729 4348 762 4420 in
783 4347 915 4422 diebus
934 4347 1109 4421 natalitiis
1129 4345 1342 4421 convitandi
1362 4344 1444 4419 RR.
1468 4344 1534 4418 ΡΡ.
1558 4342 1646 4418 DD.

144 4475 250 4548 Rote
278 4473 486 4546 Auditores
513 4473 575 4570 (de
603 4497 680 4568 qua
707 4473 980 4546 consuetudine
1018 4472 1186 4544 meminit
1228 4470 1379 4544 Decisio
1414 4476 1449 4541 1²
1477 4468 1512 4540 in
1541 4467 1648 4540 Anti-

141 4599 230 4697 quis
257 4598 302 4671 cle
331 4597 495 4694 Constat.)
525 4598 692 4694 contigit,
724 4597 785 4670 die
805 4604 828 4670 6
848 4595 921 4673 ian.
950 4604 1043 4690 1641
1070 4622 1167 4692 quae
1197 4597 1264 4670 suit
1292 4595 1372 4668 dies
1401 4592 1644 4690 Epiphaniae,

141 4720 261 4820 paulo
289 4737 379 4817 post
407 4721 549 4795 initium
577 4747 754 4796 accessus
782 4721 830 4794 ad
860 4747 1028 4794 mensam
1057 4721 1161 4817 quod
1198 4720 1366 4794 Revmus
1404 4718 1452 4792 D.
1491 4715 1542 4791 lo.
1575 4716 1649 4788 Ba-

139 4848 262 4945 ptista
291 4846 440 4920 Coccini
471 4848 593 4921 Rotae
624 4847 800 4920 Decanus
828 4847 1028 4944 apoplexia
1046 4869 1255 4942 oppressus
1283 4858 1323 4918 et
1349 4843 1464 4916 biduo
1484 4855 1573 4938 post
1601 4865 1649 4913 ex

142 4973 218 5045 hac
246 4971 321 5044 vita
349 4971 534 5070 migravit,
565 4987 604 5045 et
632 4971 693 5044 die
720 4971 818 5044 lovis
846 4997 871 5044 x
899 4971 1051 5044 ianuarii
1094 4986 1245 5066 sumptu
1289 4992 1429 5065 magno
1461 4980 1647 5061 apparatu

137 5099 179 5171 in
209 5094 377 5170 Ecclesia
419 5096 609 5171 societatis
647 5096 742 5182 Iesu,
773 5097 1009 5172 adstantibus
1038 5096 1179 5169 eisdem
1209 5093 1454 5167 Auditoribus
1491 5106 1530 5162 et
1567 5104 1647 5163 tota

143 5221 273 5306 Curia,
303 5220 431 5296 habita
457 5222 628 5296 oratione
656 5247 726 5318 per
754 5223 799 5298 R.
832 5222 871 5297 P.
901 5222 1109 5296 Adrianum
1138 5219 1307 5294 eiusdem
1336 5215 1525 5292 societatis
1562 5214 1647 5288 reli-

141 5344 309 5442 giosum,
340 5342 450 5418 sunus
480 5343 648 5420 solemne
676 5344 744 5418 luit
771 5345 1010 5420 celebratum.
