3688 5924
727 338 918 398 Innocentio
935 339 958 398 Ι
963 338 990 398 V
1156 421 1158 426 Ι
1566 343 1604 402 29

188 531 267 604 ‹ln
305 531 380 606 Dei
412 530 572 618 nomine,
608 555 730 606 amen.
769 529 955 606 Noverint
991 531 1155 609 universi
1190 533 1295 630 quod
1332 557 1401 607 nos
1439 533 1498 618 R,
1530 533 1603 608 Dei

101 657 221 755 gratia
260 655 478 730 Palentinus
505 657 718 753 episcopus,
751 655 848 730 inter
875 655 1100 754 magistrum
1134 657 1367 732 Bernardum
1405 655 1601 744 Fulcherii,

102 781 322 858 canonicum
349 781 477 856 Sancti
506 780 647 866 Atedii,
681 805 730 854 ex
765 806 842 856 una
869 795 990 878 parte,
1028 795 1069 856 et
1104 781 1288 856 decenum
1323 797 1363 857 et
1397 783 1602 880 capitulum

103 909 403 990 Lemovicenses,
432 931 480 980 ex
507 905 636 992 altera,
658 930 681 979 a
708 905 861 981 domino
889 903 992 1002 Papa
1019 907 1224 1002 deputatus
1252 908 1415 982 Auditor
1433 908 1469 980 in
1487 932 1602 982 causa

100 1030 364 1128 appellationis
391 1031 614 1126 interposite
649 1055 673 1103 a
709 1030 893 1129 magistro
930 1030 1133 1106 Guillelmo
1175 1030 1367 1132 Bardin(i)‚
1406 1035 1602 1129 preposito

103 1154 357 1243 Foroiuliensi,
386 1155 526 1230 domini
556 1155 657 1252 Pape
678 1153 897 1252 Capellano,
926 1179 974 1228 ex
1002 1171 1111 1252 parte
1137 1155 1268 1230 decani
1287 1171 1326 1230 et
1345 1157 1496 1253 capituli
1515 1182 1602 1253 pre·
1669 1175 1675 1186 ·

102 1283 297 1368 dictorum,
326 1281 518 1356 taxatione
546 1281 732 1376 premissa
760 1305 876 1378 super
902 1281 1081 1377 expensis
1100 1277 1208 1355 lactis
1235 1305 1258 1354 a
1286 1280 1387 1356 dicto
1419 1283 1603 1382 magistro

103 1406 296 1481 Bernardo
323 1405 521 1481 occasione
544 1405 643 1480 dicte
659 1403 924 1502 appellationis
942 1405 979 1478 in
997 1427 1073 1500 qua
1092 1405 1289 1479 succubuit
1309 1429 1399 1502 pars
1426 1407 1598 1490 adversa,

100 1551 139 1606 et
165 1532 377 1607 abeodem
405 1531 589 1629 magistro
620 1529 841 1628 Blernardo)
870 1528 1030 1627 prestito
1057 1530 1278 1616 iuramento,
1308 1530 1544 1607 declaramus
1562 1551 1602 1606 et

99 1659 322 1732 mandamus
333 1671 618 1752 procuratorem
637 1657 823 1730 dictorum
841 1655 973 1729 decani
990 1670 1032 1728 et
1049 1653 1212 1751 capituli,
1233 1669 1273 1729 et
1292 1658 1396 1754 ipsos
1415 1656 1600 1731 decanum

98 1799 138 1857 et
164 1780 379 1878 capitulum,
410 1779 557 1856 solvere
585 1781 686 1854 dicto
715 1780 899 1878 magistro
928 1779 1156 1880 B(ernardo)
1184 1779 1259 1854 XV
1278 1781 1390 1856 libras
1423 1795 1601 1856 turonen-

98 1909 195 1982 sium
216 1908 365 1981 nomine
384 1904 598 1980 huiusmodi
615 1928 878 2002 expensarum,
895 1906 933 1978 in
951 1905 1089 2002 quibus
1108 1905 1324 1980 iamdudum
1345 1907 1599 2003 condempna-

98 2033 219 2106 vimus
245 2032 416 2118 eosdem,
447 2031 639 2134 taxatione
670 2045 710 2104 et
746 2031 962 2126 receptione
994 2029 1192 2105 iuramenti
1227 2055 1345 2126 super
1379 2031 1524 2106 eisdem
1561 2047 1601 2106 et

96 2155 352 2231 declaratione
379 2156 547 2252 ipsarum
575 2156 684 2230 nobis
712 2153 921 2251 expressim
949 2169 989 2228 et
1016 2153 1230 2250 specialiter
1256 2155 1469 2242 reservatis,
1505 2156 1602 2230 sicut

95 2284 132 2355 in
160 2279 472 2378 pronunciatione
500 2295 630 2354 nostra
658 2303 775 2376 super
800 2276 1053 2375 appellatione
1080 2277 1254 2354 iamdicta
1281 2277 1493 2354 evidentius
1512 2304 1602 2354 con-

96 2406 248 2481 tinetur.
280 2403 423 2480 Datum
450 2403 577 2492 Asisii,
606 2403 644 2478 in
672 2404 787 2478 domo
815 2403 876 2479 ubi
895 2427 966 2478 nos
984 2403 1106 2476 dictus
1123 2401 1328 2499 episcopus
1348 2405 1597 2489 morabamur,

94 2552 196 2602 anno
225 2527 378 2602 Domini
411 2535 572 2602 uccuut⁰
598 2526 801 2602 indictione
834 2527 1040 2612 undecima,
1075 2527 1245 2602 kalendis
1282 2525 1399 2618 iuliis„
1428 2545 1600 2624 tempore

94 2652 238 2728 domini
279 2651 484 2726 lunocentii
520 2676 620 2749 pape
648 2649 783 2745 Quarti
811 2677 939 2726 coram
967 2651 1037 2728 hiis
1070 2651 1252 2726 testibus:
1291 2653 1475 2750 magistro
1512 2651 1600 2726 Cle·

95 2793 226 2854 mente
253 2777 431 2852 canonico
460 2774 709 2863 Castelliensi,
746 2775 1025 2852 Lemovicensis
1061 2777 1233 2862 diocesis,
1275 2775 1470 2874 Stephano
1507 2777 1599 2851 Ber-

95 2901 203 2978 nardi
231 2901 365 2978 clerico
393 2899 563 2976 eiusdem
591 2900 762 2988 diocesis,
792 2903 975 3001 magistro
1004 2901 1168 2977 Martino
1197 2902 1395 2990 Roderico,
1414 2917 1455 2976 et
1483 2903 1599 3001 magi·

95 3047 176 3102 stro
207 3027 319 3102 Petro
346 3025 526 3100 canonico
554 3022 826 3124 Portugalensi‚
856 3043 897 3101 et
923 3026 1092 3122 pluribus
1111 3026 1203 3104 aliis.

185 3152 264 3225 ‹ln
293 3150 367 3224 Dei
396 3149 557 3237 nomine,
589 3151 723 3224 Amen.
764 3149 947 3224 Noverint
983 3151 1146 3225 universi
1172 3149 1277 3248 quod
1314 3173 1384 3226 nos
1422 3151 1482 3236 R.,
1523 3150 1597 3225 Dei

94 3277 220 3375 gratia
253 3275 466 3350 Palentinus
502 3275 717 3372 episcopus,
755 3275 852 3350 inter
884 3274 1107 3374 magistrum
1141 3275 1374 3350 Bernardum
1413 3274 1597 3351 Fulcherii

95 3401 315 3476 canonicum
344 3399 473 3474 Sancti
500 3397 642 3487 Aradii,
673 3423 721 3474 ex
750 3425 824 3474 una
850 3417 972 3496 parte,
1000 3415 1095 3474 et..
1116 3401 1298 3474 decanum
1326 3415 1366 3474 et
1392 3399 1596 3496 capitulum

94 3524 400 3612 Lemovicenses,
429 3550 477 3599 ex
504 3523 633 3610 altera,
664 3526 700 3600 iu
727 3549 842 3600 causa
869 3524 1133 3621 appellationis
1166 3525 1387 3622 interposite
1418 3550 1441 3598 a
1478 3526 1598 3622 magi-

94 3671 175 3726 stro
194 3649 399 3726 Guillelmo
416 3649 594 3748 B(ardini)
615 3652 809 3746 preposito
829 3649 1086 3736 Foroiuliensi,
1107 3650 1245 3725 domini
1261 3649 1362 3744 Pape
1377 3648 1595 3746 Capeliano,

94 3801 163 3872 per
202 3792 488 3874 procuratorem
519 3773 652 3849 decani
687 3792 727 3850 et
763 3774 915 3872 capituli
943 3775 1209 3870 predictorum,
1248 3800 1271 3848 a
1308 3773 1461 3849 domino
1495 3774 1597 3870 Papa

92 3885 211 3974 datus
223 3899 400 3986 Auditor,
429 3925 514 3974 cum
542 3898 591 3973 de
610 3899 789 3974 mandato
807 3897 977 3974 eiusdem
996 3896 1136 3973 domini
1156 3896 1319 3996 speciali,
1344 3897 1597 3996 appellatione

92 4025 265 4122 predicta
292 4041 486 4121 tamquam
514 4023 636 4097 minus
664 4021 830 4121 legitima
859 4025 1072 4120 reprobata,
1094 4023 1398 4118 requisiverimus
1417 4046 1596 4118 procura-

92 4165 219 4225 torem
244 4148 408 4222 eundem
436 4164 560 4222 utrum
590 4147 703 4221 vellet
731 4149 946 4244 specificare
970 4147 1122 4222 crimina
1139 4163 1180 4220 et
1197 4147 1439 4244 exceptiones
1459 4171 1533 4242 que
1557 4164 1597 4220 et

91 4300 190 4371 quas
219 4273 404 4347 adversus
431 4272 596 4347 eundem
626 4272 859 4348 Bernardum
886 4275 1140 4371 proposu‘erat
1167 4273 1203 4346 in
1230 4271 1365 4360 libello,
1401 4273 1598 4370 respondit

93 4426 137 4474 se
168 4397 272 4472 nolle
309 4423 353 4471 ac
392 4422 466 4471 non
504 4396 643 4472 habere
680 4397 899 4471 mandatum
936 4397 986 4470 ad
1024 4397 1338 4494 specificationem
1381 4397 1597 4472 huiusmodi

91 4523 322 4608 faciendam
342 4521 441 4596 lacta
469 4523 621 4596 domino
641 4522 743 4619 Pape
772 4520 952 4596 relatione
980 4546 1095 4618 super
1122 4523 1192 4595 hiis
1210 4520 1389 4620 diligenti,
1411 4521 1460 4596 de
1479 4520 1597 4618 ipsius

93 4647 237 4722 domini
273 4646 436 4743 speciali,
459 4647 649 4734 mandato,
686 4645 788 4722 dicto
825 4647 1008 4746 magistro
1046 4647 1250 4735 Bernardo‚
1281 4671 1395 4744 quem
1434 4645 1596 4721 indebite

89 4772 301 4849 adversarii
327 4787 573 4864 vexaverunt,
597 4773 790 4847 canoniam
810 4773 1118 4846 Lemovicensem
1147 4796 1231 4845 cum
1255 4771 1485 4867 plenitudine
1507 4771 1596 4844 iuris

90 4897 260 4974 canonici
288 4897 513 4972 conserimus
541 4912 582 4971 et
607 4899 839 4994 prebendam
874 4899 998 4984 etiam,
1030 4897 1060 4971 si
1097 4895 1255 4972 lacultas
1281 4896 1331 4970 ad
1363 4921 1521 4994 presens
1553 4923 1595 4970 se

88 5023 214 5106 offert,
244 5022 490 5098 investientes
517 5047 603 5098 eum
631 5047 715 5097 cum
745 5038 877 5097 nostro
903 5022 1016 5096 anulo
1045 5022 1094 5097 de
1121 5022 1318 5119 predictis;
1355 5023 1385 5094 si
1421 5046 1514 5095 vero
1553 5047 1595 5095 se

88 5147 259 5224 nondum
287 5147 410 5236 offert,
430 5173 514 5223 eam
542 5147 611 5222 sibi
638 5145 911 5222 sententialiter
929 5148 1163 5222 decernimus
1181 5144 1444 5222 conserendam
1463 5169 1596 5240 quam-

88 5274 256 5372 primum
283 5273 333 5346 ad
361 5271 399 5346 id
421 5270 599 5346 obtulerit
617 5297 659 5348 se
678 5270 846 5360 facultas,
867 5273 917 5345 ad
936 5273 1189 5368 receptionem
1208 5272 1325 5367 ipsius
1344 5284 1526 5368 quantum
1545 5267 1595 5344 ad

85 5400 299 5485 canoniam,
329 5411 370 5473 et
398 5395 696 5496 assignationem
724 5413 765 5471 et
791 5397 1043 5496 provisionem
1070 5410 1253 5492 quantum
1280 5396 1329 5469 ad
1359 5392 1592 5491 prebendam
1627 5416 1629 5424 ’
