3748 5914
778 318 945 379 Clemente
966 319 1031 380 VII
1598 317 1653 376 277

149 514 409 598 existentibus,
440 513 553 588 etiam
581 513 679 587 dicte
709 512 821 588 Curie
851 513 1093 602 Officialibus,
1124 535 1164 588 et
1191 539 1320 589 eorum
1342 513 1521 612 Collegiis
1540 513 1651 586 etiam

149 639 357 712 litterarum
377 637 594 712 earumdem
614 638 857 733 scriptoribus
876 638 1033 734 prefatis
1052 640 1124 713 sub
1143 639 1443 735 quibuscumque
1463 638 1654 712 tenoribus

149 779 188 834 et
214 762 343 836 formis
370 764 483 835 etiam
511 785 581 858 per
610 763 763 836 modum
792 763 923 836 statuti
952 763 1133 859 perpetui,
1164 763 1277 837 etiam
1306 777 1411 837 motu
1436 761 1588 836 scientia
1616 777 1656 834 et

149 887 350 984 potestatis
378 887 608 984 plenitudine
636 885 826 973 similibus,
856 887 969 962 etiam
998 913 1045 961 ex
1072 889 1266 992 quibusvis
1303 888 1416 962 etiam
1455 903 1654 984 quantum·

149 1037 312 1106 cumque
351 1003 532 1098 maximis,
574 1030 615 1086 et
654 1011 940 1111 urgentissimis,
979 1011 1092 1086 etiam
1134 1013 1347 1086 necessario
1388 1012 1653 1108 exprimendis,

150 1137 284 1222 causis,
319 1161 364 1210 ac
405 1162 489 1212 cum
530 1137 725 1232 quibusvis
760 1135 1062 1224 antelationibus,
1096 1137 1415 1234 suspensionibus,
1450 1138 1656 1211 restitutio-

149 1262 270 1347 nibus,
299 1260 622 1348 declarationibus,
651 1262 968 1346 attestationibus,
989 1261 1337 1348 modificationibus
1357 1278 1396 1336 et
1423 1261 1504 1336 aliis
1531 1261 1655 1336 effica-

150 1385 319 1473 cissimis
347 1401 386 1461 et
413 1386 598 1474 insolitis„
613 1387 726 1460 etiam
754 1386 1078 1486 derogatoriarum
1106 1385 1369 1486 derogatoriiS,
1398 1386 1511 1462 etiam
1539 1410 1656 1484 gene-

150 1511 307 1599 ralibus,
351 1537 533 1608 expresse
574 1511 864 1611 derogantibus,
908 1511 1066 1609 aliisque
1110 1511 1378 1586 efficacioribus
1420 1525 1459 1585 et
1498 1511 1655 1586 insolitis

149 1634 336 1724 clausulis,
367 1636 696 1734 irritantibusque:

231 1775 271 1834 et
299 1761 401 1856 quod
432 1761 644 1835 huiusmodi
682 1760 875 1860 privilegia
910 1760 1064 1848 indulta,
1094 1776 1134 1836 et
1168 1762 1292 1836 littere
1323 1787 1407 1836 cum
1444 1761 1655 1835 concessio·

149 1885 268 1970 nibus,
299 1883 623 1970 declarationibus,
653 1902 693 1958 et
720 1885 893 1969 decretis,
923 1911 967 1960 ac
994 1885 1075 1959 aliis
1102 1885 1138 1959 in
1171 1885 1225 1960 eis
1253 1885 1439 1960 contentis
1467 1884 1651 1972 clausulis,

148 2009 220 2084 sub
248 2008 441 2106 quibusvis
469 2009 789 2108 derogationibus,
812 2011 1120 2096 revocationibus,
1143 2009 1464 2106 suspensionibus,
1484 2008 1544 2082 vel
1562 2009 1655 2084 alte-

147 2135 355 2209 rationibus
382 2159 451 2230 per
478 2159 735 2232 quascumque
763 2133 856 2210 alias
883 2135 1023 2210 similes
1042 2135 1101 2208 vel
1120 2135 1319 2209 dissimiles
1337 2134 1476 2220 literas,
1497 2135 1651 2233 gratias,

147 2258 353 2356 privilegia,
375 2249 581 2344 facultates,
604 2259 878 2346 concessiones,
898 2259 1157 2346 antelationes,
1179 2273 1219 2334 et
1237 2258 1391 2347 indulta,
1412 2259 1525 2333 etiam
1550 2273 1654 2333 motu

150 2384 315 2472 scientia,
346 2400 385 2458 et
413 2383 615 2482 potestatis
642 2383 871 2480 plenitudine
899 2385 1079 2481 predictis
1106 2409 1177 2481 pro
1206 2400 1376 2481 tempore
1404 2383 1522 2470 factis,
1541 2384 1654 2458 etiarn

150 2511 186 2583 in
214 2509 351 2606 quibus
379 2510 428 2584 de
456 2509 525 2582 illis
552 2484 723 2606 specialis
751 2510 892 2584 mentio
919 2510 1036 2598 fieret,
1072 2511 1284 2584 nullatenus
1312 2507 1556 2597 includantur,
1587 2534 1654 2584 nec

147 2635 203 2708 eis
231 2633 517 2730 quomodolibet
544 2635 781 2731 derogatum,
803 2659 871 2710 seu
899 2635 961 2709 illa
988 2651 1175 2723 revocata,
1198 2659 1395 2732 suspensa,
1416 2632 1475 2708 vel
1494 2631 1654 2708 alterata
1705 2725 1708 2738 Ι

149 2773 386 2847 censeantur,
416 2759 485 2835 sed
513 2785 663 2856 semper
688 2761 738 2833 ab
765 2759 835 2834 illis
863 2761 1037 2835 omnibus
1070 2775 1229 2857 excepta
1265 2760 1438 2846 existant,
1476 2760 1547 2832 etsi
1584 2757 1654 2832 illis

149 2886 302 2959 demum
338 2885 472 2982 quovis
509 2883 624 2958 modo
661 2885 919 2984 derogaretur,
949 2901 1016 2960 aut
1057 2887 1282 2984 derogatum
1323 2909 1410 2960 esse
1451 2883 1651 2972 videretur,

149 3011 325 3104 quotiens
352 3010 407 3084 eis
435 3009 660 3107 derogatum
688 3009 795 3095 foret,
827 3011 966 3084 totiens
993 3009 1056 3084 illa
1083 3035 1168 3084 cum
1200 3011 1372 3084 omnibus
1406 3010 1442 3082 in
1475 3010 1529 3084 eis
1566 3031 1655 3083 con-

149 3136 263 3208 tentis
290 3133 466 3208 clausulis
494 3133 542 3208 de
570 3157 669 3208 novo
697 3139 888 3222 concessa,
919 3151 959 3208 et
986 3136 1021 3208 in
1054 3135 1251 3231 pristinum
1290 3149 1430 3208 statum
1468 3133 1650 3220 restituta,

148 3277 188 3334 et
214 3260 381 3356 reposita
408 3257 500 3345 fore,
520 3275 560 3332 et
578 3283 675 3348 esse,
697 3261 809 3333 etiam
829 3260 864 3333 in
884 3260 959 3333 vim
976 3259 1145 3356 stipulati
1165 3275 1380 3334 contractus
1399 3258 1496 3334 inter
1514 3259 1654 3332 Roma-

150 3408 238 3457 num
268 3383 482 3458 Pontificem
511 3407 581 3480 pro
609 3401 780 3482 tempore
806 3385 1042 3471 existentem,
1073 3400 1112 3459 et
1150 3385 1279 3458 sedem
1316 3383 1548 3470 huiusmodi;
1587 3407 1655 3459 nec

149 3533 224 3582 non
252 3510 456 3605 scriptores
482 3523 523 3583 et
549 3507 643 3584 alios
671 3508 861 3584 Officiales
889 3535 961 3607 pro
980 3525 1153 3606 tempore
1171 3509 1388 3594 existentes,
1409 3534 1453 3583 ac
1470 3532 1654 3605 personas

151 3634 318 3729 prefatas
351 3633 538 3720 habuisse,
569 3651 607 3708 et
643 3635 755 3708 etiam
793 3635 828 3708 in
856 3635 1019 3708 futurum
1050 3634 1190 3708 habere
1221 3634 1385 3708 debeant
1419 3634 1549 3729 sicque
1586 3657 1655 3730 per

149 3782 410 3854 quoscumque
438 3758 595 3844 ludices,
624 3774 664 3832 et
692 3759 980 3844 commissarios,
1004 3759 1249 3845 Executores,
1269 3773 1310 3832 et
1333 3757 1557 3857 Delegatos,
1577 3773 1655 3832 tam

148 3885 184 3955 in
213 3883 312 3958 dicta
333 3882 457 3971 Curia,
480 3906 594 3979 quam
612 3899 719 3957 extra
738 3909 823 3957 eam
843 3910 912 3981 pro
931 3897 1104 3980 tempore
1124 3883 1328 3982 deputatos
1347 3883 1499 3958 iudicari
1518 3883 1656 3958 debeat

149 4007 298 4082 sublata
324 4007 433 4083 aliter
458 4007 656 4094 iudicandi,
684 4024 725 4083 et
753 4009 1022 4106 interpretandi
1050 4008 1238 4096 facultate,
1258 4009 1416 4106 aliisque
1444 4009 1555 4082 etiam
1574 4005 1655 4080 effi-

148 4132 355 4207 cacioribus
386 4133 560 4220 decretis,
599 4133 711 4207 etiam
748 4134 1000 4230 Imperatoris,
1037 4134 1198 4232 Regum,
1236 4134 1385 4208 Ducum
1423 4151 1462 4208 et
1497 4123 1654 4207 aliorum

148 4257 384 4333 dominorum
411 4257 673 4352 temporalium
702 4258 1030 4355 contemplatione,
1058 4275 1099 4334 et
1115 4259 1207 4333 alias
1226 4259 1521 4356 quomodolibet,
1542 4257 1655 4332 etiam

149 4382 292 4456 iteratis
319 4381 461 4458 vicibus
498 4407 567 4479 per
602 4406 863 4479 quoscumque
902 4385 1095 4458 Romanos
1129 4384 1327 4458 Pontifices
1363 4383 1654 4480 predecessores

151 4523 313 4592 nostros,
343 4533 387 4582 ac
415 4508 528 4582 etiam
557 4532 626 4604 per
652 4497 733 4592 nos,
764 4527 803 4582 et
831 4508 960 4582 sedem
988 4510 1172 4606 prefatam
1209 4510 1408 4594 concessis,
1440 4525 1479 4582 et
1514 4531 1654 4604 appro-
1761 4560 1763 4566 -

149 4632 247 4706 batis
274 4655 318 4705 ac
345 4631 532 4708 innovatis
559 4633 672 4706 etiarn
703 4633 806 4729 quod
835 4635 1067 4731 Regnorum,
1098 4647 1137 4708 et
1165 4633 1449 4720 Provinciarum,
1482 4632 1550 4706 nisi
1575 4657 1655 4728 per

147 4757 337 4845 oriundos,
367 4773 408 4832 et
435 4758 625 4832 naturales
653 4759 851 4855 acceptari,
881 4756 941 4832 vel
969 4759 1139 4845 obtineri,
1170 4782 1213 4834 ac
1247 4758 1462 4846 Cluniacen,
1493 4757 1654 4831 Cirster-

149 4885 240 4968 cien,
271 4900 310 4957 et
337 4883 495 4958 aliorum
533 4881 718 4957 Ordinum
755 4882 936 4958 beneficia
968 4883 1180 4959 huiusmodi
1218 4884 1288 4958 nisi
1324 4883 1493 4958 eiusdem
1525 4899 1654 4958 sancte

149 5010 324 5082 Romane
343 5006 499 5082 ecclesie
520 5005 792 5092 Cardinalibus,
822 5023 888 5082 aut
908 5007 1013 5104 ipsos
1042 5007 1208 5082 Ordines
1234 5007 1446 5104 respective
1474 5033 1655 5104 expresse

148 5131 341 5228 professis,
370 5155 415 5205 ac
455 5132 505 5206 de
545 5155 732 5234 consensu
773 5133 966 5208 Abbatum
1009 5156 1079 5228 pro
1120 5149 1290 5229 tempore
1331 5131 1581 5218 existentium,
1616 5146 1656 5206 et

147 5257 370 5331 dilectorum
399 5254 557 5332 filiorum
577 5257 841 5332 Conventuum
862 5257 1179 5333 Monasteriorum
1200 5255 1411 5345 Cluniacen,
1434 5272 1474 5331 et
1493 5256 1655 5330 Cirster-

58 5375 62 5384 '
148 5383 229 5458 eien
262 5379 509 5466 Matisconen,
546 5397 585 5457 et
621 5380 829 5456 Cabilonen
864 5382 1080 5457 dioecesum
1116 5399 1181 5457 aut
1220 5381 1377 5456 aliorum
1418 5380 1653 5477 superiorum
