3720 5914
718 289 912 350 Innocentio
938 289 1023 350 VIII
1565 287 1616 348 221

118 487 239 562 tribus
268 486 407 560 nostris
436 500 591 560 sanctae
618 485 814 560 Romanae
847 483 1038 559 Ecclesiae
1070 483 1319 559 cardinalibus
1354 484 1622 559 deliberatione

115 609 352 708 praehabita,
382 609 492 685 huius
520 624 729 707 perpetuae
756 624 796 684 et
823 607 1088 706 irrefragabilis
1121 609 1398 684 constitutionis
1416 609 1551 696 edicto,
1573 608 1622 682 de

118 734 278 810 fratrum
296 735 574 832 praedictorum
593 734 760 820 consilio,
777 735 1002 808 auctoritate
1021 732 1229 830 apostolica
1248 750 1287 808 et
1305 761 1353 808 ex
1371 751 1475 808 certa
1492 750 1622 808 nostra

117 861 285 946 scientia,
301 875 434 937 tenore
447 859 703 957 praesentium
732 858 953 945 statuimus,
970 858 1206 933 decernimus
1224 837 1269 933 ef
1281 859 1500 933 ordinamus
1519 858 1622 955 quod

119 989 168 1059 de
196 999 328 1060 cetero
354 987 549 1083 perpetuis
577 984 710 1058 futuris
728 983 974 1080 temporibus,
996 985 1171 1080 quotiens
1189 1007 1258 1079 per
1286 1008 1354 1058 nos
1382 1009 1450 1059 seu
1482 985 1620 1059 Sedem

120 1109 354 1208 praedictam
382 1110 545 1205 aliquem
573 1135 622 1184 ex
650 1109 759 1184 dictis
787 1107 1030 1194 auditoribus,
1062 1133 1159 1182 nunc
1186 1127 1225 1182 et
1252 1132 1322 1206 pro
1350 1125 1522 1206 tempore
1537 1108 1623 1208 ‚exi-

116 1235 317 1322 stentibus,
333 1234 384 1309 ad
398 1234 561 1332 aliquam
576 1234 831 1309 cathedralem
851 1259 917 1308 seu
938 1233 1265 1330 metropolitanam
1284 1235 1479 1309 ecclesiam
1499 1235 1623 1308 huius·

121 1358 225 1434 modi
265 1360 491 1456 promoveri,
522 1385 589 1434 seu
627 1360 699 1434 ianr
738 1374 952 1456 promotum
990 1358 1182 1433 transferri
1217 1360 1426 1459 contigerit,
1461 1359 1621 1434 officium

122 1484 361 1559 auditoratus
388 1483 613 1569 huiusmodi,
644 1485 748 1580 quod
776 1483 828 1558 sic
857 1499 1054 1582 promotus
1081 1484 1138 1557 vel
1168 1484 1374 1559 translatus
1402 1502 1489 1558 tunc
1525 1484 1622 1560 obti-

120 1609 224 1686 nebit
252 1633 321 1706 per
348 1609 614 1708 provisionem,
644 1607 935 1708 praelectionem
973 1633 1040 1682 seu
1078 1608 1362 1685 translationem
1397 1610 1621 1706 praedictas,

121 1751 244 1822 vacet,
272 1759 430 1808 vacasse
456 1747 496 1808 et
522 1757 656 1808 vacare
683 1748 884 1808 censeatur
910 1757 958 1808 eo
986 1733 1080 1830 ipso.

201 1860 288 1954 §a
315 1901 333 1914 ·
361 1856 498 1954 Sicque
525 1859 576 1932 ab
602 1857 776 1932 omnibus
803 1856 957 1931 iudicari
982 1872 1022 1932 et
1049 1857 1223 1954 deputari
1250 1856 1401 1946 debere,
1431 1882 1623 1955 posseque

121 1983 170 2056 de
197 1981 261 2056 illo
288 1997 482 2077 tamquam
510 1982 563 2056 sic
591 1997 759 2066 vacante,
781 2005 850 2078 per
868 1982 1081 2056 Romanum
1110 1981 1325 2058 Pontificem
1343 1998 1432 2056 tunc
1459 1981 1622 2058 existen-

123 2125 200 2180 tem
235 2107 373 2192 statim,
403 2107 496 2182 alias
524 2122 567 2180 ut
594 2107 708 2181 moris
735 2122 807 2194 est,
838 2106 954 2180 libere
981 2107 1181 2204 provideri.

202 2233 222 2328 ᾖ
252 2254 286 2325 3.
316 2273 334 2288 ·
362 2229 448 2306 Non
476 2231 717 2306 obstantibus
745 2231 1073 2306 constitutionibus
1100 2247 1141 2306 et
1158 2231 1454 2307 ordinationibus
1472 2249 1625 2331 aposto-

122 2352 214 2440 licis,
242 2379 288 2429 ac
315 2353 404 2428 dicti
431 2353 541 2430 officii
576 2354 801 2441 iuramento,
832 2354 1111 2430 confirmatione
1152 2355 1361 2452 apostolica
1396 2353 1457 2430 vel
1492 2355 1625 2452 quavis

121 2478 298 2554 firmitate
325 2479 397 2554 alia
424 2481 612 2554 roboratis
639 2479 792 2554 statutis
811 2493 851 2552 et
877 2481 1221 2567 consuetudinibus,
1240 2479 1444 2578 privilegiis
1471 2505 1624 2578 quoque
1661 2457 1664 2464 Ι

122 2619 164 2678 et
192 2600 344 2678 indultis
372 2603 591 2702 apostolicis
618 2602 761 2678 eisdem
780 2605 1015 2678 auditoribus
1033 2605 1170 2692 forsan,
1192 2605 1304 2680 etiam
1333 2621 1437 2680 motu
1471 2606 1625 2703 proprio

125 2743 166 2802 et
192 2751 243 2802 ex
269 2725 378 2802 simili
406 2727 572 2815 scientia,
602 2753 645 2802 ac
674 2729 745 2803 sub
772 2729 965 2826 quibusvis
993 2729 1193 2804 verborum
1212 2729 1341 2803 formis
1369 2747 1409 2804 et
1435 2728 1622 2818 clausulis,

121 2852 239 2926 etiam
280 2854 606 2953 derogatoriarum
645 2853 911 2952 derogatoriis,
951 2871 990 2930 et
1032 2855 1168 2930 talibus
1198 2857 1300 2952 quod
1341 2853 1422 2943 illis,
1452 2855 1626 2929 nonnisi

122 2976 196 3052 sub
224 2976 337 3052 certis
365 2977 452 3052 inibi
480 2977 671 3076 expressis
699 2978 813 3053 modo
841 2996 880 3053 et
908 2978 1037 3064 forma,
1058 2978 1270 3053 nullatenus
1288 2981 1411 3077 possit
1437 2979 1624 3079 derogari,

124 3101 318 3177 concessis
334 3119 375 3176 et
394 3102 646 3178 concedendis
665 3102 702 3176 in
721 3119 926 3200 posterum,
949 3105 1086 3200 quibus
1104 3104 1277 3180 omnibus
1295 3103 1452 3201 (illarum
1473 3115 1626 3178 te'nores

122 3227 390 3324 praesentibus
418 3251 489 3324 pro
507 3227 657 3302 insertis
677 3223 888 3333 habentes),
906 3228 1033 3325 quoad
1052 3227 1133 3316 hoc,
1151 3229 1364 3326 specialiter
1381 3245 1422 3302 et
1447 3253 1626 3325 expresse

120 3351 368 3449 derogamus,
397 3376 443 3426 ac
472 3353 697 3450 derogatum
726 3377 824 3440 esse,
853 3378 975 3450 eaque
1002 3379 1074 3452 pro
1102 3354 1246 3428 infectis
1273 3371 1314 3427 et
1345 3378 1420 3427 non
1439 3353 1626 3428 concessis

125 3475 258 3550 baberi
285 3475 473 3564 volumus,
503 3476 714 3574 ceterisque
741 3478 937 3553 contrariis
964 3480 1276 3575 quibuscumque.

208 3599 349 3676 Datum
374 3601 530 3688 Romae,
559 3601 661 3698 apud
690 3601 867 3676 Sanctum
897 3602 1060 3692 Petrum,
1090 3627 1190 3686 anno
1218 3603 1483 3678 lucarnationis
1512 3601 1625 3677 domi·

120 3723 231 3799 nicae
244 3723 441 3800 millesimo
455 3724 828 3824 quadringentesimo
847 3729 1106 3827 octuagesimo
1125 3729 1270 3825 quintu,
1285 3727 1431 3803 decimo
1444 3727 1626 3803 kalendas

123 3850 366 3947 septembris,
395 3851 634 3947 pontificatus
662 3853 779 3926 nostri
810 3877 911 3928 anno
938 3852 1072 3948 primo.
1113 3841 1118 3852 ’

206 3974 299 4052 Dat.
328 3973 389 4051 die
420 3999 468 4068 23
498 3975 652 4073 augusti
686 3979 797 4072 1485,
826 3995 929 4073 pont.
960 4001 1059 4053 anno
1093 4003 1122 4052 1.

825 4294 911 4375 132.
996 4371 1000 4380 .

316 4455 539 4544 Iunsdt'ctia,
568 4464 604 4530 at
617 4456 821 4552 facultates
848 4457 1076 4532 Auditorum
1103 4457 1222 4531 Rotae
1248 4458 1450 4532 Romanae.

207 4647 326 4722 (Anca.
345 4646 435 4719 Rom,
455 4671 467 4698 ‹
485 4646 720 4706 Ordinationes
732 4671 758 4721 ι,
775 4653 862 4721 part.
884 4647 911 4714 I,
938 4664 971 4707 n.
990 4647 1045 4707 XI
1047 4666 1058 4716 ,·
1087 4646 1245 4707 «constit.
1272 4646 1346 4706 not.
1365 4645 1451 4712 Pal.
1478 4646 1589 4722 Apost.
1602 4671 1629 4721 ι,

122 4736 259 4811 fot.56,·
275 4734 402 4796 «Liber
414 4735 542 4796 Rotae»
560 4736 706 4806 constat).

1178 4807 1256 4880 1487,
1275 4807 1415 4866 ianuarii
1436 4807 1478 4880 13,
1496 4807 1628 4866 Romae.

208 4956 447 5031 Innocentius
474 4956 690 5052 episcopus,
721 4981 854 5030 servus
889 4981 1083 5032 servorum
1113 4955 1197 5032 Dei.
1227 4955 1291 5030 Ad
1317 4971 1541 5053 perpetuam
1576 4957 1629 5030 rei

124 5081 359 5156 memoriam.

207 5204 339 5280 Finem
363 5203 498 5294 litibus,
527 5207 675 5302 quein
709 5204 850 5282 Palatio
878 5205 1113 5305 Apostolico,
1143 5231 1251 5294 nunc,
1281 5222 1322 5280 et
1357 5231 1428 5303 pro
1455 5222 1627 5303 tempore

122 5345 334 5418 vertuntur,
373 5345 517 5428 quanto
553 5329 709 5406 celerius
746 5330 824 5406 fieri
857 5348 995 5429 potest,
1036 5331 1186 5428 imponi,
1221 5346 1261 5406 et
1293 5331 1543 5434 collitigantes
1577 5331 1627 5406 ab
