3720 5916
681 302 874 362 Alexandro
894 303 959 362 VII

781 670 871 750 286.

103 833 289 946 Quomodo
315 860 352 908 se
374 834 533 930 gesserit
559 835 657 908 Rolo
684 835 879 930 ingruente
896 860 939 906 oc
961 844 1161 932 grassante
1176 846 1250 934 por
1276 811 1407 908 Urbani
1427 844 1539 933 pasto.

147 990 266 1059 (Anca.
285 989 372 1063 Ron,
397 989 585 1049 «Dianium
607 989 741 1062 Celsi»).

506 1209 577 1282 Die
605 1207 766 1283 Veneris
797 1233 814 1282 2
823 1231 843 1302 3
874 1207 964 1281 lunii
994 1209 1140 1305 (1656).

150 1391 253 1463 Rota
281 1414 365 1463 cum
394 1389 536 1474 decem,
557 1390 715 1463 absente
745 1387 793 1462 D.
816 1386 1056 1484 Peutingerio
1074 1402 1231 1462 tantum.
1254 1388 1373 1460 Rriius
1394 1386 1571 1462 Decanus

74 1513 196 1588 retulit
234 1513 337 1610 quod
370 1513 431 1586 die
464 1511 640 1586 Mercurii
677 1512 804 1586 habita
839 1511 905 1584 suit
941 1511 977 1583 in
1016 1510 1158 1585 Palatio
1186 1508 1409 1607 Apostolico
1445 1535 1570 1586 coram

75 1637 183 1714 Card.
206 1638 407 1712 Sacchetto
437 1635 695 1734 Congregatio
714 1639 748 1710 in
768 1660 844 1732 qua
863 1635 1020 1709 intimati
1048 1636 1327 1710 intervenerunt
1344 1638 1421 1709 lere
1438 1660 1572 1710 omnes

76 1764 274 1848 Officiales,
305 1788 441 1858 nempe
474 1761 717 1836 Gubernator
744 1761 869 1848 Urbis,
901 1763 949 1835 A.
980 1759 1023 1835 C.
1054 1759 1341 1848 Thesaurarius,
1371 1760 1572 1836 Locumte-

75 1905 215 1971 nentes,
238 1887 540 1986 Vicesgerentes‚
564 1886 648 1982 lpse
673 1885 851 1959 Decanus
871 1887 1005 1970 Rotae,
1028 1885 1204 1959 Decanus
1225 1884 1419 1976 Gamerae,
1442 1885 1574 1961 Secre-

74 2015 185 2086 tarius
208 2011 349 2086 Sacrae
369 2011 576 2086 Consultae
603 2027 643 2083 et
670 2010 801 2105 reliqui
820 2009 1017 2084 Secretarii
1035 2009 1190 2084 aliarum
1209 2002 1569 2110 Congregationum,

74 2153 111 2211 et
136 2140 172 2210 in
196 2161 244 2211 ea
262 2136 413 2210 habitus
432 2135 500 2210 luit
517 2134 655 2234 longus
675 2159 799 2210 sermo
818 2135 907 2230 quid
925 2151 1030 2209 esset
1047 2136 1237 2233 agendum
1263 2151 1388 2210 stante
1407 2134 1573 2232 periculo

74 2278 111 2334 et
137 2261 274 2336 timore
301 2261 431 2356 pestis,
453 2276 492 2335 et
519 2260 623 2355 quod
650 2273 739 2356 post
759 2259 876 2332 multa
894 2283 1026 2332 omnes
1044 2275 1301 2332 convenerunt
1318 2260 1355 2333 in
1374 2284 1458 2333 eam
1486 2285 1572 2333 sen-

74 2386 225 2460 tentiam
255 2384 359 2481 quod
387 2385 421 2456 in
451 2385 606 2457 materia
633 2382 729 2457 civili
756 2382 972 2457 Tribunalia
997 2383 1179 2457 deberent
1198 2382 1308 2456 silere
1327 2407 1397 2480 per
1418 2384 1571 2480 aliquod

74 2525 234 2607 tempus.
273 2509 323 2582 Et
363 2509 451 2606 quia
492 2509 528 2582 in
565 2509 800 2604 exequutivis
834 2523 874 2582 et
901 2509 1023 2583 causis
1051 2510 1362 2583 concernentibus
1389 2533 1573 2604 personas

73 2637 258 2730 pa'uperes
287 2632 372 2706 talis
401 2633 599 2727 suspensio
619 2632 717 2705 solet
736 2631 870 2706 afferre
889 2657 1005 2730 grave
1025 2631 1303 2728 praeiudicium,
1324 2632 1392 2704 suit
1409 2630 1573 2707 stabilita

73 2759 251 2832 resolutio
280 2781 363 2830 cum
393 2757 619 2853 quibusdam
647 2759 957 2854 temperamentis
976 2781 1074 2854 quae
1102 2780 1176 2830 non
1205 2756 1394 2852 pertinent
1420 2758 1469 2830 ad
1491 2757 1572 2832 Tri-

74 2880 182 2957 bunal
211 2897 394 2958 nostrum.
425 2881 582 2956 Certum
614 2898 684 2968 est,
715 2884 818 2978 quod
857 2899 1033 2979 respectu
1062 2883 1187 2956 Rotae
1215 2881 1283 2956 suit
1302 2882 1442 2956 dictum
1470 2883 1572 2978 quod

74 3023 152 3081 erat
179 3006 459 3101 impossibile...
477 3005 487 3040 ¹
753 3089 755 3096 ¹

149 3132 243 3206 Ideo
270 3131 330 3203 die
361 3130 517 3205 Veneris
546 3156 620 3205 non
648 3131 716 3204 suit
744 3132 856 3218 Rota,
887 3155 1010 3228 neque
1038 3157 1113 3230 ego
1140 3146 1334 3228 tamquam
1359 3132 1571 3208 Thesaura-

75 3257 146 3330 rius
173 3257 281 3355 potui
310 3281 537 3354 praeparare
566 3258 713 3332 solitam
743 3257 994 3332 relectionem.
1017 3257 1143 3331 Minus
1172 3258 1239 3331 suit
1268 3257 1366 3331 Rota
1395 3259 1456 3332 die
1475 3258 1572 3332 Mer·

74 3383 159 3456 curii
188 3387 238 3456 28
268 3382 359 3456 lunii
387 3383 438 3456 ob
465 3382 583 3456 simile
611 3383 931 3478 impedimentum,
957 3398 1070 3478 prout
1098 3407 1166 3456 nec
1193 3383 1254 3456 die
1282 3383 1413 3456 Lunae
1443 3405 1464 3476 3
1494 3382 1573 3457 Iulii

74 3531 167 3604 quae
195 3507 361 3582 debebat
389 3532 475 3581 esse
505 3504 633 3580 ultima
662 3507 762 3580 Rota
791 3507 1002 3583 Dubiorum
1031 3521 1070 3579 et
1107 3507 1142 3580 in
1179 3531 1255 3604 qua
1282 3507 1445 3582 Auditor
1471 3507 1574 3582 Tbe-

75 3632 261 3706 saurarius
299 3631 398 3706 solet
434 3657 663 3730 praeparare
704 3633 900 3729 prandium
939 3632 1204 3707 Auditoribus:
1242 3633 1329 3706 ideo
1365 3633 1448 3706 loco
1484 3633 1574 3706 dicti

74 3757 216 3850 prandii
244 3758 434 3830 transmisi
452 3758 699 3832 Auditoribus
728 3758 852 3831 Bacile
881 3757 1032 3855 plenum
1061 3756 1254 3832 confituris
1283 3774 1323 3832 et
1350 3759 1463 3831 rebus
1491 3758 1574 3831 dul-

74 3881 175 3956 cibus
204 3906 389 3956 unacum
420 3881 622 3957 Breviario.

153 4007 225 4081 Die
254 4006 429 4080 Mercurii
451 4029 469 4100 5
493 4006 571 4079 Iulii
598 4008 649 4081 ob
676 4031 826 4080 causam
846 4007 1100 4104 supradictam
1121 4029 1195 4079 non
1214 4006 1282 4081 fuit
1301 4007 1402 4081 Rota
1421 4006 1572 4080 Memo-

73 4130 226 4218 rialium,
246 4131 447 4229 minusque
476 4131 637 4205 Camera
665 4130 887 4228 Apostolica
906 4129 1011 4205 dedit
1030 4130 1276 4205 Auditoribus
1295 4130 1445 4205 solitum
1465 4156 1572 4228 pran-

74 4253 172 4327 dium
200 4255 235 4328 in
266 4253 410 4328 Palatio
437 4253 642 4339 Vatican0;
676 4257 744 4330 sed
782 4256 968 4354 Magister
998 4257 1145 4330 Domus
1183 4255 1290 4329 Ssmi
1327 4257 1487 4329 accessit
1523 4254 1572 4328 ad

75 4379 207 4453 domus
226 4379 453 4453 Auditorum
481 4396 521 4454 et
549 4377 746 4475 unicuique
773 4381 1010 4478 consignavit
1037 4382 1188 4454 bursam
1209 4402 1355 4454 necnon
1373 4395 1479 4453 scuta
1500 4399 1573 4473 150

75 4521 257 4590 monetae,
287 4504 371 4578 loco
396 4529 468 4578 100
496 4505 588 4591 auri,
620 4529 718 4602 quae
745 4505 918 4578 eamdem
947 4529 1131 4578 summam
1159 4506 1370 4580 conficiunt.

150 4628 222 4702 Die
243 4633 265 4701 6
286 4628 365 4702 lulii
385 4629 732 4703 Excellentissimus
758 4629 805 4704 D.
828 4629 971 4702 Marius
991 4629 1157 4716 Ghisius,
1179 4631 1312 4704 Frater
1333 4629 1431 4702 Ssriii
1452 4629 1499 4704 D.
1522 4628 1570 4704 N.

75 4752 276 4827 Alexandri
307 4751 374 4825 Vll
400 4755 577 4850 exposuit
605 4757 753 4827 nomine
781 4753 1000 4829 Sanctitatis
1038 4755 1148 4841 Suae,
1180 4753 1283 4851 quod
1311 4755 1410 4828 idem
1440 4753 1573 4828 Ssmus

75 4891 243 4974 tempore
272 4879 390 4975 pestis
418 4879 636 4954 intendebat
664 4881 716 4952 uti
745 4903 862 4975 opera
891 4903 984 4966 mea,
1014 4894 1128 4975 prout
1164 4881 1277 4954 etiam
1307 4878 1356 4952 D.
1388 4879 1506 4963 Cerri,
1535 4892 1575 4952 et

74 5001 156 5075 ideo
184 5028 244 5077 me
271 5005 530 5100 praeponebat
563 5029 674 5078 curae
705 5025 723 5098 5
757 5003 970 5101 Regionum
1007 5004 1189 5090 Civitatis,
1221 5028 1378 5101 nempe:
1418 5004 1571 5091 Montis,

155 5303 162 5336 ¹
182 5303 220 5362 ln
238 5311 325 5362 textu
345 5303 462 5362 adsunt
481 5305 574 5378 plura
593 5310 710 5377 puncta
729 5310 760 5362 et
779 5303 920 5377 spatium
939 5317 1087 5374 vacuum,
1101 5301 1187 5360 unde
1206 5317 1271 5360 non
1290 5301 1389 5376 liquet
1408 5301 1575 5377 percipere

78 5392 151 5466 quid
168 5393 273 5466 quoad
291 5391 408 5452 Rotam
427 5391 523 5452 luerit
540 5393 756 5452 constitutum.
775 5391 844 5452 Hoc
863 5406 943 5450 vero
960 5405 1000 5449 ex
1019 5389 1228 5464 sequentibus
1247 5397 1342 5466 patet
