3720 5916
724 297 892 360 Clemente
909 299 941 360 X
1529 297 1586 358 425

95 494 243 590 piscopo
270 488 481 578 Sebasten,
510 493 692 566 moderno
720 491 900 567 canonico
928 491 1133 566 Altaristae
1161 493 1233 588 (cui
1265 493 1387 566 donec
1425 489 1585 566 officium

94 641 154 690 seu
182 617 401 710 beneficium
430 615 634 691 Altaristae
662 617 874 692 huiusmodi
906 617 1110 691 obtinuerit
1144 617 1336 712 praedicta
1372 616 1587 712 provisione

94 755 174 816 octo
192 756 382 816 scutorum
401 739 470 814 srui
490 759 529 816 et
547 741 715 838 gaudere
734 739 997 837 permittimus,
1017 741 1144 837 quoad
1163 741 1458 816 emolumentum
1478 765 1587 836 prae-

92 864 223 940 dictum
251 866 506 961 praeiudicare
535 889 611 940 non
639 863 881 970 intendimus)
910 891 954 940 ac
982 850 1183 940 omneset
1215 865 1384 964 singulos
1421 865 1510 942 iuris
1547 882 1587 941 et

92 988 181 1072 iacti,
213 1013 281 1064 nec
309 1014 384 1064 non
410 988 690 1066 solemnitatum
725 1013 1047 1087 quarumcumque
1084 1006 1161 1064 tam
1197 1014 1245 1064 ex
1282 991 1370 1064 iuris
1409 989 1585 1065 Canonici

92 1129 126 1187 et
163 1113 482 1192 constitutionum
511 1113 742 1211 Apostolicis
770 1116 1005 1212 praescripto
1037 1139 1151 1211 quam
1183 1116 1275 1189 alias
1303 1115 1587 1210 quomodolibet

92 1237 125 1310 in
151 1237 331 1314 similibus
359 1239 472 1314 etde
501 1238 725 1314 necessitate
753 1238 1085 1326 observandarum,
1119 1256 1160 1314 et
1195 1239 1290 1316 alios
1326 1265 1586 1336 quoscumque

92 1377 128 1435 et
152 1363 393 1459 quantumvis
420 1387 591 1462 magnos,
622 1363 808 1450 formales,
839 1364 1051 1462 incognitos
1080 1381 1120 1438 et
1147 1364 1452 1462 inexcogitabiles
1484 1362 1587 1440 deie-

91 1501 179 1574 ctuS,
210 1489 241 1562 si
269 1489 334 1585 qui
363 1489 400 1562 in
428 1488 644 1586 praemissis
670 1513 715 1564 ac
742 1490 883 1564 eisdem
913 1490 1083 1586 partibus
1115 1490 1174 1564 vel
1202 1514 1332 1564 eorum
1364 1489 1490 1586 aliquo
1528 1490 1588 1564 vel

91 1611 210 1708 aliqua
237 1637 369 1692 earum
398 1629 517 1710 parte,
548 1612 800 1710 principaliter
817 1613 877 1688 vel
896 1615 1117 1701 accessorie,
1136 1615 1405 1690 antecedenter
1423 1613 1481 1688 vel
1504 1633 1590 1690 con-

92 1755 302 1834 sequenter,
323 1756 389 1813 aut
416 1739 720 1824 concomitanter,
743 1737 802 1812 vel
821 1737 913 1812 alias
932 1739 1217 1833 quomodolibet
1236 1739 1502 1814 intervenerint
1518 1765 1589 1814 sou

90 1861 333 1938 intervenisse
360 1863 441 1948 dici,
471 1864 617 1940 censeri
645 1861 703 1937 vel
730 1863 925 1960 praetendi
954 1882 1123 1960 possent,
1154 1863 1368 1959 plenissime
1383 1881 1423 1938 et
1440 1864 1589 1960 amplis·

91 1986 181 2060 sime
208 1987 442 2084 supplemus,
472 2008 722 2080 sanamusac
749 1989 900 2084 penitus
928 2005 968 2064 et
995 1989 1147 2064 omnino
1176 1987 1352 2077 tollimus,
1389 2005 1429 2064 et
1464 1990 1588 2066 abole-

90 2133 189 2198 mus;
219 2113 479 2200 decernentes,
503 2113 613 2208 ipsas
641 2129 864 2210 praesentes
892 2112 1036 2190 litteras
1065 2114 1166 2190 etin
1195 2115 1249 2188 eis
1276 2129 1453 2188 contenta
1472 2139 1589 2214 quae-

90 2260 259 2332 cumque,
291 2261 529 2336 quacumque
556 2237 731 2334 specifica
755 2253 797 2312 et
823 2239 1012 2314 individua
1044 2238 1236 2314 mentione
1272 2255 1311 2312 et
1344 2241 1593 2334 expressione

89 2359 200 2456 digna
227 2364 343 2436 etiam
371 2364 402 2436 si
422 2364 458 2436 in
474 2363 783 2459 praemissorum,
803 2363 864 2438 vel
883 2388 1014 2438 eorum
1032 2364 1169 2459 aliquo,
1191 2364 1372 2438 interesse
1391 2363 1586 2452 habentes,

88 2509 157 2560 seu·
179 2487 322 2580 babere
351 2489 655 2584 praetendentes,
676 2488 962 2584 quomodolibet
979 2487 1049 2562 iliis
1069 2513 1143 2562 non
1163 2490 1432 2576 consenserint,
1452 2514 1520 2564 nec
1537 2491 1588 2565 ad

88 2633 130 2682 ea
157 2613 294 2702 vocati,
314 2613 416 2688 citati
430 2631 474 2698 ¹et
491 2613 619 2700 auditi,
641 2634 765 2708 neque
782 2637 919 2688 causae
938 2629 1095 2718 propter
1121 2639 1217 2710 quas
1243 2630 1465 2710 praesentes
1490 2641 1592 2690 ema*

89 2754 221 2812 narunt
247 2739 437 2816 adductae
466 2739 702 2834 specificatae
730 2751 771 2812 et
797 2737 1017 2812 iustificatae
1044 2737 1180 2816 suerint
1207 2755 1275 2814 aut
1304 2739 1396 2814 alias
1433 2765 1481 2816 ex
1516 2739 1589 2818 alia

89 2881 326 2960 quacumque
349 2863 588 2959 quantumvis
608 2865 717 2948 iusta,
739 2865 813 2960 pia,
833 2863 983 2938 iuridica
1002 2880 1044 2939 et
1057 2863 1293 2961 privilegiata
1306 2891 1431 2951 causa,
1449 2866 1586 2950 colore,

88 3001 274 3079 pretextu,
303 3005 344 3062 et
370 2990 504 3084 eapite,
534 2989 646 3065 etiam
676 2990 900 3084 incorpore
928 2989 1017 3065 iuris
1045 2987 1182 3073 clausa,
1213 3005 1252 3064 et
1283 2992 1447 3068 enormis
1482 3015 1588 3066 enor-

89 3111 277 3188 missimae
305 3130 344 3188 et
373 3113 500 3191 totalis
528 3113 716 3188 laesionis*
733 3113 834 3187 nullo
861 3137 1027 3208 unquam
1056 3117 1227 3218 tompore
1253 3115 1305 3192 de
1337 3116 1589 3212 subreptionis

87 3237 143 3309 vel
172 3239 409 3335 obreptionis
437 3256 503 3314 aut
532 3239 710 3314 nullitatis
737 3240 826 3313 vitio
854 3263 922 3312 seu
950 3240 1166 3314 intentionis
1195 3253 1359 3326 nostrae,
1398 3266 1464 3314 seu
1494 3242 1590 3318 inte·

88 3385 191 3443 resse
220 3365 436 3442 habentium
466 3389 686 3451 consensus,
715 3365 836 3439 aliove
863 3363 1156 3460 quomodolibet,
1177 3366 1417 3461 quantumvis
1436 3391 1586 3464 magno,

88 3485 230 3564 formali
245 3505 286 3562 et
298 3491 545 3574 substantiali,
567 3506 633 3564 aut
652 3489 906 3587 inexcogitato
924 3505 964 3563 et
982 3490 1255 3587 inexcogitabili
1275 3488 1433 3576 defectu,
1456 3491 1586 3578 notari,

87 3611 310 3711 impugnari,
341 3613 544 3702 invalidari,
574 3614 731 3710 infringi,
769 3613 972 3698 retractari,
1012 3613 1169 3697 limitari,
1208 3629 1273 3688 aut
1307 3614 1344 3688 in
1372 3631 1590 3690 controver-

86 3738 177 3812 siam
208 3741 346 3822 vocari,
378 3755 444 3814 aut
471 3742 654 3813 adversus
682 3737 755 3823 illa,
782 3739 1002 3835 aperitionis
1027 3739 1104 3813 oris
1122 3755 1162 3814 et
1180 3739 1425 3814 restitutionis
1445 3741 1480 3814 in
1500 3743 1589 3816 inte·

86 3887 208 3960 grum,
239 3858 390 3940 aliudve
418 3866 684 3960 quodcumque
699 3863 798 3949 iuris,
820 3864 906 3938 iacti
924 3864 984 3938 vel
1003 3863 1149 3962 gratiae
1169 3863 1374 3938 remedium
1398 3866 1588 3962 impetrari

86 3990 143 4062 vel
173 3991 354 4064 intentari
382 3990 441 4064 vel
460 3991 672 4086 impetrato,
695 3987 755 4062 vel
774 3989 887 4062 etiam
908 3989 1028 4071 Motu,
1050 3989 1216 4075 scientia,
1236 4007 1276 4063 et
1295 3992 1495 4084 potestatis
1514 3989 1589 4086 ple·

86 4113 256 4188 nitudine
285 4115 648 4222 paribusconcesso
675 4115 733 4188 vel
753 4129 940 4199 emanato,
962 4115 1177 4208 quempiam
1196 4113 1233 4188 in
1261 4114 1406 4194 iudicio,
1426 4132 1466 4190 et
1484 4130 1589 4188 extra

86 4236 185 4326 iilud,
219 4241 274 4314 uti
303 4265 369 4314 seu
398 4265 441 4314 se
469 4241 596 4314 iuvare
624 4263 750 4335 posse,
781 4241 850 4314 sed
878 4255 1099 4334 praesentes
1118 4240 1262 4312 litteras
1282 4264 1433 4335 semper
1450 4240 1587 4328 firmas,

85 4365 232 4440 validas
260 4380 300 4439 et
326 4365 497 4440 efficaces
523 4365 686 4438 existere
723 4381 762 4438 et
798 4362 890 4448 sore,
920 4388 1088 4459 suosque
1125 4363 1313 4460 plenarios
1346 4380 1385 4438 et
1420 4367 1590 4462 integros

83 4489 245 4564 effectus
274 4491 401 4564 sortiri
425 4509 464 4564 et
492 4491 671 4574 obtinere,
701 4515 747 4564 ac
774 4488 883 4564 dictis
911 4489 1159 4564 Auditoribus
1187 4487 1410 4585 illorumque
1430 4489 1588 4564 Locum-

86 4615 303 4688 tenentibus
331 4615 367 4688 in
396 4595 568 4690 omnibus
596 4630 636 4688 et
662 4637 730 4710 per
757 4614 882 4688 omnia
914 4613 1129 4710 plenissime
1166 4612 1374 4710 suffragari,
1415 4638 1483 4687 nec
1519 4617 1589 4690 sub

82 4741 283 4836 quibusvis
312 4741 634 4836 suspensionibus,
666 4739 859 4835 perpetuis
887 4737 945 4812 vel
983 4738 1032 4812 ad
1066 4757 1226 4834 tempus,
1266 4737 1587 4836 derogationibus,
1637 4729 1640 4736 ⁴

84 4867 391 4940 revocationibus
415 4866 451 4938 in
470 4867 707 4952 contrarium,
728 4864 833 4938 factis
854 4863 910 4938 vel
931 4861 1119 4946 iaciendis,
1142 4864 1291 4938 minime
1310 4863 1587 4958 comprehendi,

84 5013 213 5087 neque
241 4989 310 5064 illis
339 4990 515 5088 derogari
543 5015 669 5087 posse,
701 4989 770 5063 nisi
796 4988 1015 5062 eorumdem
1045 4989 1273 5062 Auditorum
1301 4987 1361 5062 vei
1391 4988 1591 5062 Locumte-

84 5113 295 5190 tenentium
324 5115 373 5188 ad
402 5115 438 5188 id
466 5115 668 5190 accesserit
694 5139 885 5198 assensus,
917 5113 1058 5210 sicque,
1088 5129 1128 5186 et
1156 5136 1228 5186 non
1267 5111 1370 5199 alias,
1409 5113 1444 5186 in
1482 5138 1592 5210 prae-

86 5239 217 5314 missis
246 5265 313 5338 per
341 5263 603 5336 quoscumque
629 5239 774 5314 Iudices
802 5239 1011 5314 ordinarios
1039 5255 1078 5312 et
1104 5237 1313 5335 delegatos,
1348 5263 1392 5311 ac
1430 5238 1592 5314 Sanctae

89 5365 290 5439 Romanae
319 5365 509 5440 Ecclesiae
540 5365 796 5442 Camerarium
825 5378 864 5438 et
891 5363 985 5438 alios
1016 5362 1247 5450 Cardinales,
1271 5362 1381 5436 etiam
1402 5363 1449 5438 de
1473 5361 1597 5438 latere·
