3708 5918
742 308 919 368 Benedicta
940 307 1011 368 XII
1585 307 1624 368 83

122 503 289 598 presenti
317 503 472 576 decreto
498 501 711 587 statuimus,
741 517 781 572 ut
810 501 960 574 nomina
990 500 1234 574 Patronorum
1264 501 1328 596 qui
1357 500 1534 597 deinceps
1553 525 1623 596 pro

123 627 377 724 proponendis
405 629 527 702 causis
557 626 820 700 consistorium
848 649 1002 698 romane
1030 625 1130 698 curie
1162 626 1324 712 visitant,
1355 625 1390 698 in
1432 623 1623 701 matricula

124 750 336 846 specialiter
364 751 574 824 scribantur
600 764 641 822 et
666 751 894 826 adnotentur
922 750 1128 822 secundum
1156 749 1338 835 ordinem,
1368 751 1474 825 cuius
1511 749 1623 823 adno-

125 877 275 950 tationis
294 875 464 949 ordinem
492 875 602 949 iidem
633 874 782 949 Patroni
808 873 995 948 volvendo
1024 873 1072 947 de
1100 875 1221 971 primo
1248 876 1298 948 ad
1334 873 1514 960 ultimum,
1545 889 1622 948 tam

125 1003 160 1074 in
188 1002 327 1074 stando
356 1024 468 1096 quarn
496 1001 533 1073 in
560 999 818 1096 proponenda,
841 999 878 1072 in
896 999 1032 1073 eodem
1051 1000 1276 1074 consistorio
1295 999 1471 1074 studeant
1494 1000 1624 1073 obser-

125 1151 234 1212 vare;
264 1125 468 1200 districtius
487 1125 709 1211 inhibentes,
726 1149 773 1198 ne
792 1124 970 1222 deinceps
990 1127 1217 1222 quicumque
1243 1124 1338 1198 alius
1366 1125 1402 1198 in
1430 1125 1531 1198 dicta
1548 1150 1623 1198 ma-

126 1249 255 1322 tn'cula
283 1274 358 1322 non
385 1249 631 1344 conscriptus,
652 1249 690 1321 in
717 1247 817 1324 dicto
846 1248 1070 1323 consistorio
1088 1264 1281 1342 tamquam
1301 1266 1483 1344 patronus
1511 1273 1624 1322 cause

127 1372 233 1448 alicui
262 1373 508 1470 patrocinium
537 1373 729 1468 impartiri,
758 1369 818 1446 vel
846 1373 881 1446 in
910 1373 994 1446 loco
1021 1397 1090 1469 pro
1119 1373 1209 1469 ipsis
1238 1374 1405 1468 patronis
1433 1373 1469 1445 in
1486 1373 1622 1448 eodem

126 1496 349 1571 consistorio
378 1499 561 1594 deputato
591 1521 632 1570 se
660 1521 801 1592 ponere
829 1497 888 1570 vel
907 1495 1030 1570 locare
1059 1512 1264 1592 presumat,
1296 1496 1364 1570 nisi
1395 1497 1443 1570 de
1476 1495 1623 1572 licentia

127 1623 287 1697 Romani
317 1620 503 1697 Pontificis
532 1645 647 1717 super
674 1622 746 1696 hoc
772 1623 822 1695 ab
849 1645 897 1695 eo
926 1621 1137 1717 specialiter
1164 1621 1282 1718 petita
1309 1638 1349 1695 et
1375 1624 1541 1698 obtenta.

207 1772 242 1820 2.
275 1746 527 1820 Permittimus
554 1761 692 1832 tamen,
722 1747 826 1841 quod
862 1745 1085 1842 principales
1122 1771 1286 1843 persone
1314 1771 1358 1820 ac
1386 1761 1624 1842 promotores

125 1886 164 1944 et
190 1885 455 1966 procuratores
483 1893 680 1946 causarum
710 1869 860 1964 possint
886 1886 999 1955 retro,
1030 1893 1151 1966 prope
1168 1870 1377 1945 advocatos
1405 1896 1506 1958 suos,
1536 1897 1624 1946 con-

125 1994 272 2082 sistere,
302 2010 345 2068 ut
371 1997 401 2069 si
444 1996 628 2069 advocato
655 1994 796 2091 aliquid
832 1994 882 2067 ad
917 1996 1133 2069 memoriam
1173 1996 1221 2068 de
1254 1996 1353 2068 sacto
1382 1993 1440 2068 vel
1469 1994 1517 2069 de
1544 1997 1623 2070 iure

122 2119 309 2195 voluerint
337 2120 526 2204 reducere,
556 2121 742 2193 submissa
770 2144 873 2204 voce,
896 2120 975 2193 sine
995 2121 1155 2215 strepitu
1173 2118 1310 2216 aliquo,
1332 2119 1456 2193 dicere
1469 2120 1624 2196 'valeant

123 2243 228 2342 quod
254 2245 462 2332 intendunt,
495 2245 564 2317 nisi
591 2244 687 2317 sorte
717 2267 858 2340 urgens
885 2268 1001 2318 causa
1017 2242 1150 2318 celeris
1177 2243 1462 2340 protestationis
1487 2245 1625 2321 incum—

123 2371 230 2456 bens,
258 2386 325 2444 aut
365 2371 469 2466 quod
509 2369 546 2442 in
574 2369 775 2442 continenti
804 2368 993 2467 corrigere
1021 2370 1194 2443 advocati
1221 2369 1369 2456 vellent,
1391 2371 1625 2465 proponendi

123 2493 202 2568 alta
229 2520 322 2569 voce
349 2496 612 2568 necessitatem
640 2493 801 2580 inducat,
832 2494 921 2566 dum
949 2493 1072 2567 inferri
1101 2494 1342 2590 preludicium
1370 2493 1439 2568 sibi
1471 2494 1624 2593 aliquod

123 2645 172 2692 ex
201 2619 312 2693 tacita
339 2619 497 2693 veritate
524 2633 711 2694 verentur.

208 2767 242 2837 3.
273 2744 540 2840 Principalibus
572 2759 699 2818 autem
732 2744 905 2840 personis
943 2744 1192 2832 concedimus,
1226 2759 1279 2829 ut,
1315 2745 1419 2843 prius
1451 2745 1569 2843 petita
1600 2769 1623 2819 a

125 2869 299 2942 Romano
328 2869 505 2944 Pontifice
523 2886 564 2943 et
591 2871 747 2944 obtenta
764 2870 919 2957 licentia,
941 2870 999 2942 ius
1022 2895 1132 2943 suum
1151 2871 1299 2967 possint
1326 2896 1539 2968 proponere
1556 2895 1626 2968 per

125 3019 166 3066 se
195 2993 309 3090 ipsos.

207 3142 243 3211 4.
273 3119 312 3192 In
341 3121 464 3194 causis
491 3144 581 3194 vero
609 3119 646 3190 in
675 3119 777 3193 dicto
806 3119 1031 3194 consistorio
1050 3121 1318 3216 proponendis,
1340 3122 1437 3196 hunc
1454 3121 1623 3198 ordinem

126 3243 326 3316 statuimus
352 3243 642 3328 observandum,
673 3260 715 3318 ut

260 3370 300 3467 a)
328 3369 459 3464 primu,
476 3393 590 3442 cause
618 3392 837 3465 pauperum,
860 3391 1019 3463 quarum
1037 3369 1283 3463 patrocinium
1302 3369 1421 3468 gratis
1439 3394 1510 3466 pro
1537 3369 1625 3445 Deo

127 3495 277 3593 patroni
305 3507 608 3588 assumpserunt,
637 3508 677 3566 et
703 3507 792 3588 post
819 3516 885 3566 eas
955 3495 958 3504 '

260 3618 293 3716 b)
322 3615 547 3692 electionum
580 3631 619 3688 et
647 3614 942 3712 postulationum
979 3613 1217 3700 discordium,
1261 3643 1328 3690 seu
1365 3619 1624 3714 oppositorem

125 3744 186 3820 vel
215 3743 456 3840 oppositores
483 3741 713 3828 habentium,
743 3741 866 3838 primo
892 3741 1162 3816 cathedralium
1190 3757 1230 3816 et
1257 3758 1346 3839 post
1378 3767 1443 3817 eas
1476 3742 1625 3843 regula·

125 3871 219 3944 rium
252 3866 490 3941 ecclesiarum
519 3881 559 3940 et
585 3867 740 3940 aliarum
769 3865 984 3940 inferiorum
1004 3864 1249 3964 dignitatum
1283 3883 1324 3940 et
1351 3869 1627 3966 subsequenter

259 3994 292 4092 c)
321 3990 496 4089 querele,
516 3989 822 4066 denunciationes
859 4007 899 4064 et
933 3990 1192 4064 accusationes
1226 4007 1266 4065 et
1301 3991 1372 4066 alie
1400 3991 1625 4092 iurgantium

125 4144 249 4206 cause,
280 4145 348 4193 seu
376 4117 540 4216 negotia,
569 4117 602 4190 si
629 4140 706 4213 qua
733 4115 879 4203 luerint,
910 4130 1186 4213 proponantur:
1215 4117 1266 4191 ita
1293 4117 1475 4202 videlicet,
1504 4133 1547 4192 ut

259 4244 304 4346 d)
334 4243 466 4340 primo,
496 4242 717 4316 Advocatus
755 4265 965 4338 pauperum
1002 4264 1113 4314 unam
1143 4266 1296 4315 causam
1325 4241 1520 4318 dumtaxat
1538 4267 1626 4338 pau-

125 4369 227 4468 peris
257 4392 368 4464 quam
398 4366 533 4441 viderit
560 4365 682 4464 magis
699 4365 889 4461 expedire,
907 4381 946 4438 et
974 4363 1113 4438 nullam
1141 4365 1250 4439 aliam
1274 4391 1388 4461 quam
1416 4391 1625 4463 pauperum

124 4519 288 4580 causam,
320 4505 527 4590 proponat:

258 4620 290 4716 e)
318 4631 463 4714 postea,
493 4614 557 4712 qui
598 4613 692 4690 alius
733 4615 876 4711 primus
913 4629 1002 4712 post
1033 4613 1183 4688 eumin
1227 4616 1419 4689 matricula
1450 4616 1622 4712 scriptus,

125 4746 260 4842 possit,
290 4744 322 4816 si
349 4741 449 4836 yelit,
480 4765 693 4838 proponere
721 4765 835 4812 unam
863 4763 1015 4814 causam
1052 4739 1243 4835 pauperis,
1271 4739 1391 4838 gratis
1428 4765 1499 4837 pro
1528 4741 1623 4828 De0,

123 4896 167 4945 ac
195 4870 474 4965 subsequenter
492 4891 604 4940 uuam
623 4865 732 4940 aliam
753 4889 904 4940 causam
924 4865 1116 4939 electionis
1139 4864 1175 4937 in
1194 4867 1406 4953 concordia,
1427 4867 1457 4938 si
1476 4867 1624 4952 habeat,

124 5011 219 5080 -et,
250 4995 282 5068 si
310 5019 384 5068 non
413 4993 560 5076 habeat,
591 5015 659 5087 per
686 4991 862 5064 eumdem
890 4990 1043 5064 modum
1062 5005 1102 5063 et
1128 4991 1296 5064 ordinem
1316 5007 1506 5088 proponat
1532 4991 1626 5065 alius

124 5120 340 5194 immediate
369 5132 457 5215 post
475 5141 572 5204 eum,
594 5130 634 5189 et
652 5115 785 5212 reliqui
801 5116 861 5188 alii
880 5115 1091 5189 successive
1111 5131 1341 5210 proponant,
1356 5116 1477 5189 donec
1495 5139 1626 5190 omnes

125 5262 165 5318 et
192 5244 331 5344 singuli
357 5241 474 5319 auditi
502 5239 649 5326 luerint,
680 5256 833 5314 servato
861 5241 991 5314 ordine
1020 5262 1135 5334 supra
1163 5239 1275 5314 dicto.
1305 5281 1322 5294 -
1351 5240 1400 5312 Et
1428 5241 1459 5313 si
1495 5263 1626 5313 omnes

126 5370 161 5443 in
190 5370 311 5468 primo
339 5365 561 5442 consistorio
587 5365 706 5440 audiri
735 5389 810 5438 non
838 5363 995 5462 possint,
1026 5362 1086 5436 ille
1114 5363 1257 5459 primus
1285 5362 1323 5437 in
1350 5364 1524 5462 sequenti
1544 5387 1626 5437 con·
