3686 5916
253 294 308 356 524
860 295 998 354 soeculo
1017 293 1143 356 XVIII

252 513 295 562 ac
333 489 508 584 proprios
546 487 728 562 Notarius
765 512 839 562 non
876 487 1068 572 haberent,
1109 488 1272 605 ideoque
1310 487 1467 583 quilibet
1501 488 1669 583 ipsorum
1707 488 1756 560 ad

252 612 502 696 scribendum,
533 628 573 686 et
600 612 830 687 actitandum
859 613 895 686 in
925 609 1063 688 Causis'
1090 611 1368 688 Commissariis
1395 611 1608 687 huiusmodi
1626 636 1758 706 quem-

253 762 415 834 cumque
439 737 635 812 maluisset
655 737 853 812 Notarium
872 761 942 834 pro
961 737 1119 813 arbitrio
1137 762 1207 811 suo
1226 761 1421 812 assumere
1450 737 1609 823 soleret;
1639 736 1757 812 felicis

252 861 525 938 recordationis
562 862 675 936 Iulius
715 862 816 958 Papa
854 863 884 935 ll
923 862 1198 970 Praedecessor
1241 861 1383 936 Noster
1419 887 1490 958 per
1523 885 1629 934 suam
1672 885 1757 956 per-

254 1001 371 1082 petuo
389 985 585 1061 valituram
607 986 935 1072 Constitutionem,
957 987 1028 1060 sub
1049 987 1179 1060 datum
1200 985 1381 1062 Ralendis
1412 985 1634 1060 Decembris
1664 984 1758 1058 Pon·

253 1110 414 1185 tilicatus
456 1111 513 1184 sui
550 1112 663 1186 Anno
699 1112 842 1208 quintu,
886 1110 934 1183 de
977 1110 1153 1184 Fratrum
1196 1132 1349 1184 suorum
1388 1126 1476 1183 tunc
1513 1108 1754 1182 existentium

253 1235 290 1310 S.
322 1237 368 1312 R.
399 1236 442 1310 E.
474 1234 727 1312 Cardinalium
755 1235 913 1309 consilio
941 1252 980 1309 et
1007 1258 1168 1309 assensu
1189 1234 1340 1316 editam,
1362 1257 1461 1330 quae
1479 1233 1625 1329 incipit:
1648 1233 1757 1306 Sicut

253 1362 430 1456 prudens,
453 1359 663 1459 Collegium
683 1377 834 1434 centum
862 1376 902 1434 et
930 1361 1040 1434 unius
1060 1359 1249 1445 Virorum,
1270 1359 1335 1454 qui
1354 1357 1569 1455 Scriptores
1588 1357 1759 1431 Archivii

254 1486 469 1581 praedictae
503 1483 701 1560 Romanae
739 1483 877 1558 Curiae
914 1499 1230 1580 nuncuparentur,
1269 1482 1491 1578 Apostolica
1531 1482 1760 1556 auctoritate

253 1612 383 1694 erexit,
414 1611 555 1684 creavit
582 1625 621 1684 et
648 1609 827 1698 instituit;
857 1635 954 1706 quos
982 1611 1135 1705 quidem
1173 1609 1386 1704 Scriptores
1423 1606 1541 1682 voluit
1576 1626 1616 1680 et
1652 1631 1759 1681 man-

253 1735 356 1809 davit
384 1735 562 1808 Notarios
591 1733 772 1830 deinceps
806 1745 909 1808 esse'
927 1735 1094 1808 omnium
1130 1735 1295 1808 iudicum
1325 1731 1680 1807 Commissariorum
1721 1733 1757 1803 in

254 1859 371 1944 Urbe,
402 1861 570 1956 exceptis
590 1858 851 1934 tantummodo
869 1859 1040 1934 eiusdem
1062 1860 1257 1934 Romanae
1277 1857 1415 1933 Curiae
1435 1859 1620 1932 iudicibus
1640 1857 1759 1931 Ordi-

254 1986 377 2071 nariis,
408 1983 467 2058 vel
497 1984 696 2081 Delegatis
723 1983 950 2058 habentibus
980 1985 1160 2058 Notarios
1188 1983 1375 2082 proprios,
1395 2009 1439 2057 ac
1457 1983 1497 2056 S.
1520 1983 1564 2056 R.
1586 1983 1631 2056 E.
1663 1981 1758 2055 Car-

253 2109 436 2184 dinalibus
450 2110 577 2205 quoad
592 2133 726 2182 causas
745 2133 872 2182 coram
887 2108 942 2183 eis
957 2123 1149 2182 vertentes
1167 2109 1299 2203 eisque
1313 2107 1551 2195 commissas;
1567 2107 1603 2178 in
1619 2107 1759 2202 quibus

255 2234 410 2331 quilibet
437 2259 566 2307 eorum
597 2233 787 2318 Notarios,
817 2257 916 2328 quos
942 2233 1107 2316 mallent,
1139 2231 1345 2306 dummodo
1373 2247 1503 2306 essent
1538 2229 1756 2316 authentici,

254 2375 293 2434 et
319 2359 485 2457 legitime
512 2358 638 2444 creati,
668 2357 809 2454 eligere
837 2374 877 2431 et
904 2356 1090 2452 deputare
1114 2358 1301 2432 valerent:
1332 2356 1424 2430 Mox
1443 2356 1555 2430 etiam
1575 2380 1644 2452 per
1662 2354 1758 2427 alias

254 2510 344 2560 suas
373 2484 546 2566 Litteras,
578 2483 704 2557 Idibus
724 2484 947 2557 Decembris
966 2481 1135 2556 eiusdem
1155 2484 1256 2556 Anni
1275 2483 1395 2568 datas,
1423 2481 1555 2555 statuit
1572 2497 1612 2554 et
1631 2480 1757 2554 decla·

254 2609 359 2694 ravit,
390 2609 492 2706 quod
522 2607 667 2682 Iudices
696 2607 951 2682 Commissarii
979 2606 1162 2705 praedicti
1190 2607 1239 2680 ad
1268 2606 1507 2681 scribendum
1544 2607 1580 2678 in
1620 2605 1757 2679 Causis

252 2749 293 2809 et
320 2733 465 2807 Litibus
492 2735 547 2806 eis
577 2731 797 2828 Apostolica
824 2733 1050 2808 auctoritate
1078 2731 1288 2806 commissis
1315 2747 1354 2805 et
1381 2729 1659 2805 committendis
1680 2731 1757 2825 qui-

251 2862 494 2954 buscumque,
526 2872 564 2932 et
593 2882 720 2932 coram
748 2858 803 2931 eis
832 2860 1078 2944 vertentibus,
1099 2857 1303 2954 praedictis
1322 2853 1566 2950 scriptoribus
1587 2853 1755 2928 Notariis

252 2981 443 3058 Actuariis
469 2982 621 3056 omnino
650 2983 703 3055 uti
731 2981 924 3064 deberent,
955 3006 1023 3056 nec
1042 2981 1136 3054 alios
1155 2980 1204 3054 ad
1224 2981 1463 3055 scribendum
1482 2981 1518 3052 in
1538 2978 1607 3053 illis
1628 3003 1754 3052 coram

255 3136 297 3184 se
324 3109 524 3183 admittere
552 3123 721 3204 possent.

335 3232 584 3310 Postmodum
613 3259 692 3308 san.
719 3258 829 3309 mem.
861 3232 946 3306 Pius
967 3231 1067 3328 Papa
1087 3231 1134 3319 V,
1164 3234 1277 3306 etiam
1307 3230 1582 3305 Praedecessor
1601 3229 1753 3313 Noster,
1834 3205 1835 3208 Ἴ

252 3345 479 3436 antedictam
493 3358 573 3433 Iulii
588 3359 619 3433 11
634 3359 953 3434 Constitutionem
969 3359 1203 3444 confirmans,
1220 3384 1264 3432 ac
1280 3361 1391 3432 etiam
1416 3357 1465 3428 ad
1485 3357 1523 3431 S.
1542 3355 1588 3428 R.
1606 3355 1649 3430 E.
1667 3353 1756 3427 Car·

253 3486 395 3560 dinales
422 3484 607 3581 amplians
634 3499 674 3558 et
701 3483 921 3568 extendens
944 3509 1012 3580 per
1031 3483 1257 3558 Schedulam
1277 3483 1333 3556 sui
1355 3481 1485 3555 Motus
1511 3478 1665 3577 proprii,
1688 3480 1758 3552 sub

255 3612 385 3685 datum
400 3609 574 3683 videlicet
593 3608 871 3705 quintodecimo
892 3607 1086 3683 Kalendas
1105 3608 1284 3707 Augusti,
1306 3606 1547 3681 Pontificatus
1575 3605 1633 3678 sui
1657 3629 1757 3677 anno

256 3752 404 3832 quarto,
436 3735 588 3831 propria
616 3759 729 3809 manu
758 3734 958 3832 signatam,
992 3734 1088 3807 inter
1125 3733 1196 3808 alia
1232 3733 1421 3806 concessit
1455 3747 1495 3806 et
1531 3729 1676 3814 statuit,
1718 3743 1759 3802 ut

254 3861 433 3955 deinceps
462 3858 496 3929 in
526 3857 700 3932 omnibus
727 3876 766 3932 et
793 3860 1096 3955 quibuscumque
1126 3857 1262 3933 Causis
1291 3879 1417 3932 coram
1438 3853 1641 3952 praedictis
1660 3852 1760 3926 ludi·

255 3984 362 4060 cibus
394 3981 508 4056 etiam
546 3980 821 4070 Cardinalibus,
859 3984 1217 4080 quomodocumque
1254 3981 1439 4057 habendis
1479 3995 1519 4054 et
1555 3979 1757 4077 agitandis,

257 4105 468 4202 Collegium
496 4106 619 4200 ipsum
646 4107 882 4204 Scriptorum
913 4108 1078 4182 Archivii
1097 4108 1294 4182 Romanae
1314 4105 1452 4180 Curiae
1471 4104 1652 4190 Notarios
1672 4103 1760 4177 ldo·
1834 4109 1835 4170 3

256 4257 360 4317 neos,
390 4231 455 4326 qui
482 4230 520 4303 in
547 4230 732 4306 eiusmodi
767 4231 904 4306 Causis
940 4234 1159 4318 scriberent,
1199 4231 1429 4306 constituere
1466 4230 1645 4312 deberet:
1677 4228 1760 4301 nul·
1834 4227 1835 4290 l

255 4357 355 4453 lique
382 4356 535 4428 omnino
569 4353 739 4450 ipsorum
775 4356 952 4446 iudicum,
991 4357 1104 4431 etiam
1139 4355 1405 4440 Cardinalium,
1436 4354 1530 4428 alios
1564 4353 1758 4439 Notarios,
1834 4347 1835 4430 l

256 4483 368 4555 etiam
397 4480 484 4553 dicti
512 4481 678 4556 Archivii
707 4483 923 4577 scriptores,
954 4483 1142 4557 incensis
1171 4481 1384 4556 huiusmodi
1403 4503 1474 4576 pro
1500 4477 1657 4552 arbitrio
1675 4502 1760 4554 con·
1834 4511 1835 4538 1

257 4605 414 4682 stituere
443 4621 616 4702 possent;
647 4607 716 4679 sed
743 4629 811 4680 eos
840 4607 1038 4682 dumtaxat
1064 4631 1261 4681 assumere
1288 4621 1521 4690 tenerentur,
1541 4627 1640 4700 quos
1671 4601 1761 4676 Col-

256 4731 395 4828 legium
424 4731 635 4828 prael'atum
664 4757 735 4806 suo
763 4757 810 4805 ex
838 4733 984 4830 gremio
1012 4733 1049 4805 in
1076 4757 1230 4830 genere,
1261 4731 1319 4805 vel
1350 4731 1477 4826 specie
1504 4731 1658 4804 duxisse
1693 4729 1760 4803 eli·

256 4858 414 4955 gendos.

336 4982 418 5054 Etsi
445 4995 572 5055 autem
600 5007 648 5054 ex
677 4981 843 5076 ipsarum
872 4981 1195 5055 constitutionum
1224 4981 1320 5054 serie
1340 4979 1451 5076 plane
1469 4995 1665 5074 appareat,
1686 4978 1759 5052 iam

256 5123 344 5180 tunc
373 5106 411 5179 id
444 5130 531 5180 esse
564 5107 822 5192 constitutum,
860 5120 902 5178 ut
934 5106 991 5178 ius
1026 5104 1213 5180 scribendi
1249 5121 1290 5178 et
1322 5103 1502 5180 actitandi
1532 5103 1567 5175 in
1607 5101 1756 5188 Causis,

255 5253 355 5326 quae
385 5229 584 5304 Auditorio
614 5230 735 5302 Rotae
771 5225 1067 5316 committuntur,
1102 5231 1150 5303 ad
1183 5229 1302 5325 ipsius
1334 5229 1459 5302 Rotae
1487 5227 1679 5314 Notarios,
1718 5243 1761 5301 ut
1834 5281 1835 5314 ,

257 5370 380 5442 antea,
411 5355 616 5451 pertineat3
646 5354 683 5427 in
710 5353 791 5428 aliis
823 5378 915 5428 vero
949 5353 1095 5440 Causis,
1130 5379 1228 5450 quae
1261 5354 1545 5430 committuntur
1575 5353 1610 5426 in
1646 5351 1760 5426 Curia
1834 5423 1835 5428 ,
