3708 5918
245 331 281 390 76
868 327 1005 387 Soeeulo
1023 327 1110 388 XIV

243 546 440 595 causarum
457 521 493 594 in
521 521 658 617 quibus
676 536 783 594 erant
803 521 933 594 notarii
953 520 1135 615 deputati,
1157 519 1204 592 illi
1224 520 1405 604 videlicet,
1427 521 1490 615 qui
1509 519 1634 594 animo
1663 543 1736 593 non

244 647 425 720 redeundi
453 647 642 732 recedunt,
677 644 785 719 alicui
811 645 919 718 alteri
947 645 1091 719 notario
1119 645 1255 718 idoneo
1283 644 1415 729 iurato,
1452 645 1665 720 examinato
1701 660 1740 718 et

242 772 455 868 adprobato
483 788 667 867 utsupra,
689 771 934 868 subrogando
951 769 1035 844 loco
1063 770 1200 866 ipsius,
1230 770 1289 844 ille
1317 795 1408 842 vero
1436 769 1500 867 qui
1521 769 1571 842 ad
1591 786 1741 866 tempus

240 898 377 971 abesse
396 895 564 976 voluerit.
586 895 648 968 uni
676 921 723 968 ex
750 894 830 968 aliis
859 894 1011 968 notariis
1032 867 1226 968 liuditoris
1246 895 1312 980 sui,
1335 895 1382 968 de
1410 894 1526 990 ipsius
1545 893 1739 968 Auditoris

240 1019 387 1094 licentia
405 1037 444 1094 et
462 1020 697 1104 conscientia,
720 1021 868 1094 tradere
895 1036 934 1093 et
961 1043 1103 1115 ponere
1131 1034 1324 1106 teneatur;
1349 1020 1413 1116 qui
1432 1019 1599 1093 notarius
1626 1020 1739 1115 depo·

242 1145 403 1232 sirarios,
432 1145 469 1218 in
496 1145 674 1241 predictis
700 1144 824 1218 eidem
851 1144 974 1218 causis
1002 1143 1215 1218 absentanti
1241 1143 1461 1231 commissis,
1501 1168 1571 1241 pro
1606 1144 1739 1218 eodem

242 1272 401 1345 absente
429 1270 569 1344 scribat
596 1269 752 1344 fideliter
779 1285 819 1342 et
847 1269 1023 1364 suppleat
1050 1267 1130 1340 eius
1158 1267 1269 1344 vices.

465 1465 627 1540 Rubrica
655 1468 703 1539 de
732 1463 867 1540 salario
897 1467 1126 1539 notariorum
1154 1464 1282 1562 palatii
1309 1463 1515 1562 apostolici.

326 1643 516 1730 Ceterum,
546 1642 635 1740 quia
654 1656 762 1738 optat
781 1642 962 1739 premium
991 1641 1152 1737 quisque
1179 1640 1286 1716 labor
1313 1658 1351 1715 et
1378 1640 1562 1716 laboranti
1580 1665 1653 1716 non
1681 1655 1743 1716 est

242 1770 369 1844 debite
398 1769 581 1844 mercedis
608 1768 786 1843 exhibitio
805 1765 1039 1864 deneganda,
1060 1766 1316 1840 moderamine
1335 1765 1592 1841 nichilominus
1612 1768 1741 1842 obser·

243 1911 342 1980 vato,
371 1917 419 1968 ne
448 1893 669 1992 sanguinem
696 1891 818 1966 eliciat
854 1890 1023 1964 nimietas
1051 1891 1300 1988 emungentis,
1322 1890 1563 1987 subsequitur
1582 1915 1650 1986 per
1669 1907 1740 1965 sta·

242 2035 324 2092 tuta
342 2033 382 2090 et
401 2018 680 2092 moderationes
694 2015 916 2101 huiusmodi,
939 2001 1064 2090 certus
1084 2017 1218 2089 modus
1238 2015 1466 2090 rationabilis
1483 2029 1524 2090 et
1541 2015 1737 2098 discretus,
1839 2039 1840 2112 3

243 2168 313 2240 per
338 2166 451 2237 quem
486 2140 664 2238 predictis
692 2139 845 2215 notariis
873 2164 942 2236 pro
970 2164 1100 2213 eorum
1138 2138 1273 2214 salario
1310 2141 1506 2213 moderata
1536 2138 1742 2214 satisfactio
1839 2157 1840 2166 ’

242 2267 455 2363 prebeatur,
475 2281 514 2341 et
533 2266 721 2363 litigantes
739 2264 804 2361 qui
822 2263 1022 2362 litigiorum
1042 2261 1280 2338 involvuntur
1297 2263 1536 2350 anfractibus,
1552 2280 1591 2337 et
1610 2262 1742 2361 pleris-

243 2417 317 2488 que
336 2391 541 2488 fatigantur
567 2391 758 2474 laboribus
787 2388 980 2474 diutumis‚
1003 2388 1201 2484 superfluis
1221 2413 1471 2486 expensarum
1498 2387 1741 2462 effusionibus
1839 2407 1840 2410 ’

243 2540 317 2590 non
345 2532 561 2615 graventur.
1158 2489 1164 2500 ¹

322 2644 341 2737 5
359 2646 418 2716 26.
441 2638 567 2734 Quod,
585 2639 767 2726 videlicet,
786 2639 942 2736 predicti
962 2638 1095 2714 notarii
1113 2663 1184 2735 pro
1203 2640 1304 2736 petia
1324 2638 1483 2737 regestri
1504 2663 1619 2712 unum
1641 2655 1741 2714 turo·
1840 2671 1841 2682 ἢ

243 2789 397 2840 nensem
425 2766 571 2862 argenti
598 2791 683 2838 cum
710 2765 874 2848 dimidio,
895 2780 934 2836 et
962 2789 1035 2839 non
1055 2764 1152 2860 plus,
1173 2764 1325 2850 habeat;
1345 2779 1385 2840 et
1403 2763 1741 2860 petiahuiusmodi

245 2896 293 2964 26
322 2888 439 2964 lineas
468 2915 514 2964 ex
542 2907 702 2986 utraque
730 2906 840 2986 parte
866 2892 1066 2978 contineat,
1101 2907 1140 2963 et
1167 2888 1334 2984 quelibet
1360 2887 1542 2962 dictarum
1561 2888 1741 2963 linearum

242 3016 379 3089 habeat
393 3014 677 3112 quatuordecim
697 3014 890 3090 dictiones.
905 3061 933 3074 ·-
946 3017 1052 3104 Item,
1069 3015 1171 3113 quod
1186 3039 1255 3111 pro
1278 3015 1380 3110 petia
1398 3014 1571 3113 regestri,
1588 3015 1743 3090 radacta

241 3141 277 3213 in
305 3139 463 3213 sormam
491 3135 688 3234 publicam,
710 3139 935 3236 receptionis
948 3143 1058 3214 unius
1075 3139 1289 3214 turonensis
1307 3140 1455 3237 argenti
1479 3163 1562 3212 cum
1588 3137 1743 3213 dimidio

242 3263 408 3338 similiter
436 3265 511 3338 sint
538 3264 714 3340 contenti.

322 3390 340 3486 5
371 3409 431 3480 27.
458 3389 565 3475 Item,
587 3412 656 3484 pro
685 3388 793 3484 copia
825 3388 903 3462 sive
931 3389 1057 3486 copiis,
1079 3388 1156 3462 sive
1184 3389 1219 3462 in
1248 3404 1433 3486 quaterno
1462 3388 1603 3462 sivein
1631 3387 1744 3484 petiis

239 3513 363 3612 longis
383 3513 483 3596 fiant,
505 3513 553 3588 de
572 3513 659 3587 lolio
679 3513 758 3586 sive
777 3514 878 3610 petia
896 3515 1058 3612 regestri
1087 3539 1199 3588 unum
1222 3529 1366 3588 tantum
1386 3512 1542 3588 similem
1561 3512 1743 3610 recipiant

241 3653 496 3713 turonensem.

320 3765 338 3860 ᾖ
369 3767 429 3839 28.
447 3762 551 3850 Item,
568 3789 638 3861 pro
650 3765 827 3838 citatione
841 3763 877 3836 in
895 3763 1084 3837 audientia
1104 3763 1251 3861 publica
1269 3761 1441 3861 legenda,
1463 3763 1559 3837 ultra
1576 3763 1742 3837 medium

240 3886 398 3962 similem
426 3905 669 3963 turonensem
698 3888 790 3985 ipsis
819 3889 985 3984 recipere
1013 3887 1152 3962 licitum
1181 3913 1256 3963 non
1283 3889 1432 3962 existat.

320 4013 339 4110 ᾗ
361 4037 420 4104 29.
442 4013 546 4099 item,
568 4037 637 4110 pro
655 4012 871 4088 inhibitione
889 4037 965 4110 que
991 4012 1027 4086 in
1048 4012 1172 4087 causis
1195 4012 1274 4088 fieri
1301 4011 1456 4098 assolet,
1486 4011 1517 4086 si
1546 4011 1745 4110 redigatur

240 4137 275 4208 in
305 4137 492 4233 publicum
519 4139 817 4223 instrumentum,
852 4161 919 4210 sex
952 4136 1091 4212 similes
1118 4155 1343 4212 turonenses
1380 4135 1570 4234 recipiant,
1598 4153 1639 4210 et
1666 4159 1742 4210 non

242 4260 350 4336 ultra.

321 4388 339 4483 ᾗ
374 4408 431 4479 30.
462 4387 565 4470 Item,
583 4410 653 4483 pro
665 4385 907 4473 intimatione,
938 4411 1021 4460 cum
1041 4388 1077 4461 in
1097 4387 1284 4483 publicum
1300 4388 1493 4484 redigatur
1516 4385 1742 4460 instrumen-

242 4527 333 4598 tum,
363 4535 438 4584 non
464 4509 625 4607 amplius
653 4535 767 4606 quam
803 4527 966 4607 quatuor
986 4511 1125 4586 similes
1144 4510 1294 4585 valeant
1317 4512 1483 4608 recipere
1501 4527 1740 4586 turonenses.

320 4637 339 4732 5
369 4658 429 4728 31.
451 4636 555 4721 Item,
576 4635 680 4731 quod
698 4660 768 4732 pro
787 4634 1049 4732 appellatione,
1072 4637 1103 4710 si
1121 4637 1316 4734 redigatur
1333 4636 1368 4710 in
1398 4635 1585 4734 publicum
1608 4635 1742 4710 instru-

239 4776 417 4848 mentum,
447 4760 495 4836 de
532 4761 634 4858 petia
671 4761 830 4860 regestri
861 4785 879 4834 2
920 4760 1116 4836 dumtaxat
1144 4777 1366 4836 turonenses
1404 4759 1542 4834 similes
1574 4761 1744 4858 recipere

241 4883 289 4957 sit
316 4886 458 4960 eisdem
486 4884 635 4960 licitum.

320 5013 338 5108 ᾗ
368 5033 428 5103 32.
458 5010 565 5096 ltem,
585 5008 690 5106 quod
717 5035 787 5106 pro
805 5009 1110 5085 attestationibus
1139 5011 1302 5098 testium,
1323 5035 1420 5107 quos
1449 5009 1608 5107 quisque
1638 5025 1745 5084 nota·

239 5136 378 5208 riorum
397 5135 663 5209 examinaverit
682 5132 922 5230 prefatorum,
941 5133 988 5208 de
1007 5135 1109 5230 petia
1129 5135 1289 5234 regestri
1308 5137 1560 5234 receptionem
1580 5135 1743 5208 duorum

239 5259 495 5334 turonensium
526 5258 696 5333 similium
717 5284 790 5333 non
819 5258 997 5346 excedat;
1021 5276 1060 5335 et
1079 5260 1127 5334 de
1146 5261 1253 5358 copia
1272 5261 1437 5357 ipsarum
1456 5261 1742 5352 attestationum

240 5409 354 5458 unum
387 5409 470 5458 cum
504 5383 657 5458 dimidio
694 5382 849 5458 similem
885 5385 1144 5460 turonensium
1182 5385 1314 5460 notarii
1351 5385 1508 5482 predicti
1547 5381 1595 5460 de
1636 5385 1741 5482 petia
