3684 5920
893 338 1030 398 Soeculo
1049 339 1131 398 XIX

954 685 1044 764 559.

256 831 368 904 Anno
397 833 493 927 1848
521 834 620 905 Rota
647 832 851 904 iuramenti
873 831 921 921 fit
939 832 1095 928 privata
1117 841 1256 928 pompa
1283 874 1311 884 -
1336 839 1371 904 ct
1396 831 1447 903 sic
1475 830 1658 903 annuales
1674 857 1750 904 exe·

337 957 444 1053 quiae
471 955 711 1029 celebrantur.

335 1109 451 1182 (Anca.
470 1110 556 1186 Rom,
581 1109 773 1170 ‹Dabrium
795 1109 1019 1184 Camerata).

622 1313 722 1384 Rota
750 1313 945 1386 iuramenti
975 1314 1046 1386 diei
1081 1336 1125 1406 17
1156 1338 1241 1386 nov.
1278 1315 1388 1403 1848.

338 1473 520 1568 Inspectis
549 1489 760 1568 temporum
789 1471 1076 1546 circumstantiis
1106 1497 1178 1546 non
1209 1471 1376 1557 solemni,
1409 1488 1449 1545 ut
1478 1497 1561 1544 mos
1591 1487 1664 1556 est,
1693 1469 1755 1543 sed

258 1599 404 1694 privata
432 1621 572 1694 pompa
600 1597 849 1672 iuramentum
878 1597 946 1670 suit
973 1598 1104 1672 datum
1133 1598 1169 1670 in
1198 1595 1336 1671 sacello
1364 1597 1469 1693 quod
1505 1597 1540 1668 in
1574 1595 1753 1670 Vaticano

258 1739 318 1795 est
336 1723 437 1795 haud
456 1721 586 1818 procul
605 1748 628 1794 a
648 1723 685 1796 S.
709 1721 901 1796 Tribunali
919 1722 1158 1797 adstantibus
1173 1720 1345 1818 Rrppdd.
1365 1722 1573 1796 Muzzarelli
1590 1721 1751 1806 Decano‚

261 1847 404 1931 Boniui,
436 1845 600 1944 Quaglia
628 1862 698 1922 etc.

339 1973 378 2044 ln
407 1973 475 2046 hac
506 1973 605 2046 Rota
633 1973 774 2068 pariter
801 1975 852 2047 ob
881 1989 1094 2070 temporum
1121 1972 1399 2046 vicissitudines
1427 1987 1610 2046 statutum
1631 1972 1701 2045 luit
1719 1987 1755 2042 ut

258 2098 437 2171 annuales
465 2099 729 2172 omitterentur
757 2099 938 2194 exequiae
966 2123 1064 2193 quae
1093 2097 1251 2172 solemni
1268 2116 1456 2194 apparatu
1475 2114 1606 2172 essent
1623 2099 1755 2171 sacien-

261 2222 332 2295 dae
363 2243 381 2314 5
413 2221 482 2297 kal.
514 2221 725 2296 decembris
744 2222 904 2296 labentis
923 2224 1021 2298 anni.
1042 2223 1191 2296 interim
1212 2247 1303 2296 vero
1323 2223 1405 2297 RR.
1429 2223 1496 2298 ΡΡ.
1524 2223 1613 2298 DD.
1636 2219 1754 2296 volue-

262 2363 349 2420 runt
377 2348 528 2421 missam
557 2347 730 2443 privatim
758 2345 937 2421 celebrari
974 2347 1009 2419 in
1037 2346 1171 2420 eodem
1202 2345 1343 2422 sacello
1371 2349 1475 2444 quod
1509 2349 1544 2420 in
1577 2347 1755 2420 Vaticano

262 2490 320 2545 est
349 2472 449 2545 haud
477 2472 606 2567 procul
641 2498 665 2545 a
700 2473 737 2547 S.
769 2470 962 2546 Tribunali
999 2471 1134 2546 deinde
1168 2471 1241 2546 alia
1269 2475 1367 2546 iusta
1401 2472 1567 2547 funebria
1605 2471 1691 2546 addi
1722 2473 1752 2542 in

261 2597 440 2694 proximis
459 2597 617 2671 comitiis
637 2596 894 2693 praeficienda.

972 2945 1061 3024 560.

263 3091 373 3188 Papa
402 3092 519 3164 Rotae
545 3090 733 3187 sz'gnzfical
763 3089 1039 3164 Emmanuelem
1077 3090 1314 3175 Muaaarclli.
1354 3090 1557 3178 Decumum,
1588 3117 1608 3164 ι
1643 3093 1753 3164 Rotae

338 3216 483 3311 gremio
505 3216 637 3289 exiisse
664 3242 707 3288 ac
721 3215 821 3314 de.
852 3215 913 3288 De
940 3210 1067 3288 Auelld
1085 3223 1296 3313 potestatem
1318 3215 1420 3310 facit
1449 3239 1584 3289 ananus
1616 3216 1755 3289 Decam'

343 3341 563 3415 assumendi.

345 3495 459 3568 (Anca.
477 3495 564 3568 Rus..
588 3495 743 3554 ‹Lettere
760 3512 778 3555 e
796 3494 955 3566 Biglietti
965 3498 1003 3567 ³).

755 3699 879 3772 Gaeta
915 3723 958 3790 19
990 3697 1124 3796 Luglio
1158 3699 1271 3789 1849.

347 3858 507 3932 Avendo
542 3873 692 3934 cessato
727 3857 764 3932 di
800 3857 857 3932 far
894 3874 1002 3956 parte
1038 3857 1099 3930 del
1137 3856 1339 3931 Tribunale
1377 3857 1474 3931 della
1509 3856 1626 3930 Sacra
1663 3855 1753 3928 Rota

266 3985 435 4056 Romana
477 3979 500 4053 il
543 3981 619 4078 Sig.
665 3982 788 4057 Conte
834 3981 949 4058 Carlo
995 3980 1201 4056 Emanuele
1249 3982 1462 4056 Muzzarelli
1506 3983 1569 4080 gia
1617 3977 1754 4052 Prelato

266 4107 487 4180 Domestico
514 4131 535 4178 e
566 4107 722 4181 Decano
748 4109 786 4182 di
814 4133 913 4194 esso,
944 4108 981 4181 la
1009 4107 1155 4182 Santitb
1177 4107 1214 4179 di
1234 4105 1377 4182 Nostro
1401 4106 1562 4205 Signore
1578 4104 1752 4180 autorizza

268 4233 391 4306 Mons.
411 4231 534 4304 Pietro
548 4231 744 4330 Giuseppe
764 4233 1132 4308 d'Avella-Navarro
1151 4231 1200 4304 ad
1218 4256 1415 4305 assumere
1433 4255 1541 4304 come
1569 4232 1607 4304 di
1635 4227 1753 4326 regola

266 4355 413 4430 l'officio
441 4355 479 4427 di
508 4355 664 4430 Decano
691 4356 751 4431 del
779 4357 983 4432 Tribunale
1011 4355 1228 4430 medesimo.
1258 4354 1384 4430 Tanto
1413 4357 1444 4429 si
1470 4357 1661 4453 partecipa
1685 4349 1752 4425 allo

266 4497 390 4556 stesso
419 4479 643 4578 Monsignor
670 4481 844 4557 d’Avellb
873 4507 941 4578 per
968 4507 1037 4554 sua
1065 4478 1302 4578 intelligenza
1329 4506 1351 4553 e
1380 4506 1521 4556 norma.

1254 4641 1303 4716 G.
1334 4641 1446 4718 Card.
1477 4639 1676 4716 Antonelli.

270 4827 391 4902 Mons.
423 4825 547 4899 Pietro
575 4823 770 4921 Giuseppe
799 4822 1204 4921 d’Avellb-y-Navarro

392 4951 549 5026 Uditore
577 4948 675 5024 della
702 4948 740 5023 S.
764 4949 864 5024 Rota
894 4951 1075 5022 Romana.
