3684 5920
775 340 840 398 Pio
859 340 921 399 VII
1550 338 1606 398 623

106 535 263 608 maximo
290 535 402 608 animi
431 535 549 607 nostri
578 533 718 618 dolore,
737 559 813 630 quo
842 533 976 606 deinde
1005 549 1177 630 tempore
1197 534 1369 629 quamvis
1397 549 1602 630 aegrotans

104 661 302 755 fractisque
332 659 471 733 viribus
500 656 692 732 Florentia
720 658 906 731 abductus
934 673 973 730 et
1003 657 1175 730 Parmam
1212 659 1421 731 miserrimo
1459 657 1600 742 itinere,

104 785 201 858 haud
229 783 330 858 licuit
357 785 541 856 violenter
569 800 717 880 raptum
750 782 963 856 Pontificem
992 783 1110 878 sequi,
1143 784 1328 856 tutissima
1367 781 1473 856 nobis
1515 807 1595 878 spe,

103 913 258 1006 turpiter
278 935 347 1006 pro
366 934 470 982 more
499 908 707 994 ludificatis,
726 933 794 982 nec
815 909 953 982 tributa
981 908 1048 980 fuit
1069 909 1237 982 Parmam
1254 908 1459 981 accedendi
1477 909 1597 986 venia.

102 1037 167 1108 nisi
198 1057 399 1130 postquam
428 1036 590 1108 animam
626 1034 741 1108 ferme
784 1059 903 1132 agens
940 1033 1109 1107 Pontifex
1151 1034 1457 1129 patientissimus
1500 1033 1600 1106 Hinc

100 1163 312 1233 abstractus
341 1159 452 1232 Gallo
481 1157 596 1231 milite
626 1157 748 1231 fuerat
775 1158 871 1230 inter
889 1159 1146 1253 praescriptos
1173 1172 1321 1232 montes
1342 1157 1502 1232 Galliam
1520 1183 1601 1230 cru·

100 1285 287 1358 delissime
315 1284 603 1380 abripiendus...

801 1567 891 1646 499.

107 1714 262 1787 Venetz'is
297 1713 449 1810 eligitur
484 1713 524 1784 in
561 1712 708 1810 Papam
745 1713 840 1785 Pius
876 1713 959 1786 VII
985 1713 1053 1808 qui
1085 1712 1243 1786 Romam
1280 1714 1403 1786 statim
1430 1715 1545 1810 pettit.
1576 1757 1601 1767 -

176 1837 317 1912 Sacrae
344 1839 461 1912 Rotae
487 1837 635 1911 reddita
661 1847 716 1911 est
739 1837 956 1914 iurisdicttb.

174 1991 291 2064 (Anca.
310 1991 398 2062 Ros..
422 1990 612 2050 «Dt'art‘um
633 1989 807 2051 camerate
820 1993 855 2064 ›).

1396 2082 1494 2142 Anno
1515 2083 1599 2142 1800.

174 2224 246 2322 (In)
277 2225 446 2301 Cenobio
475 2228 745 2302 Monachorum
774 2229 847 2302 divi
879 2229 1067 2303 Benedicti
1097 2230 1131 2301 in
1161 2229 1332 2324 proxima
1357 2227 1599 2304 Venetiarum

93 2347 267 2426 insula...
299 2351 468 2426 Pontifex
496 2354 734 2426 renunciatus
762 2368 822 2427 est
851 2353 1061 2450 Gregorius
1090 2352 1395 2427 Chiaramonte.
1455 2413 1462 2430 .
1522 2411 1530 2428 .
1590 2413 1598 2428 .

173 2601 281 2699 Ergo
310 2599 462 2675 feliciter
480 2601 633 2675 tandem
658 2603 818 2675 Romam
838 2603 1012 2688 advent0‚
1034 2603 1176 2676 cunctis
1195 2604 1303 2676 bonis
1322 2603 1597 2699 plaudentibus,

93 2724 284 2809 Pontifice‚
314 2725 465 2801 ineunte
506 2751 635 2800 mense
676 2727 762 2800 iulio
790 2724 926 2830 (1800)
956 2729 1081 2801 statim
1119 2727 1166 2800 de
1207 2727 1324 2802 veteri
1366 2729 1599 2804 restituendo

90 2851 275 2947 regimine
304 2865 342 2922 et
371 2847 601 2924 restituenda
628 2849 882 2925 Tribunalium
913 2850 1032 2924 forma
1061 2868 1184 2924 actum
1204 2868 1272 2935 est,
1295 2867 1334 2924 et
1353 2868 1441 2948 post
1459 2852 1598 2926 editam

92 2973 414 3049 constitutionem
444 2991 523 3048 tota
550 2975 787 3070 potissimum
816 2976 931 3049 Curia
958 2974 1160 3062 exultante,
1192 2976 1251 3050 die
1280 2976 1430 3051 tandem
1458 3001 1500 3071 17
1532 3004 1599 3052 no-

89 3101 258 3173 vembris
285 3099 322 3171 in
353 3099 521 3173 Aedibus
549 3098 740 3174 Vaticanis
768 3099 914 3172 reddita
951 3115 1011 3173 est
1047 3099 1184 3173 Sacrae
1222 3101 1346 3173 Rotae
1383 3101 1596 3184 iurisdictio,

89 3225 349 3319 equitantibus
378 3249 447 3318 pro
476 3225 591 3297 veteri
621 3223 805 3298 Maiorum
835 3225 1006 3299 instituto
1026 3225 1258 3299 Reverendis
1280 3225 1451 3300 Patribus
1471 3227 1593 3300 Domi·

89 3350 144 3422 nis
175 3349 337 3423 Gavotti
364 3365 403 3421 et
434 3349 563 3421 Altieri
587 3373 747 3444 quorum
781 3349 923 3446 primus
951 3348 1163 3447 elegantem
1197 3351 1403 3424 orationem
1438 3376 1599 3447 pronun-

84 3474 209 3558 ciavit,
242 3490 282 3547 et
310 3489 511 3571 postquam
541 3472 600 3548 die
629 3499 653 3566 4
681 3475 910 3569 insequentis
939 3475 1149 3548 decembris
1180 3477 1403 3571 praestitum
1434 3478 1483 3550 ab
1519 3480 1578 3550 un³

82 3625 200 3673 verso
212 3597 405 3672 Tribunali
420 3625 490 3695 pro
506 3624 609 3672 more
624 3599 691 3671 fuit
705 3598 965 3683 iuramentum,
976 3623 1172 3672 causarum
1188 3599 1353 3673 definitio
1370 3603 1593 3698 reintegrata

83 3723 215 3796 fausto
245 3723 369 3796 omine
397 3723 474 3798 fuit.

168 3849 369 3922 Sedebant

456 4091 458 4094 Ι
513 3992 631 4064 Rrirus
662 3992 698 4066 P.
733 3991 779 4066 D.
813 3991 974 4088 Bayane‚
1007 3993 1184 4066 Decanus

169 4118 217 4192 R.
253 4117 291 4191 P.
324 4116 370 4190 D.
402 4119 522 4190 Resta
930 4117 975 4188 R.
1008 4117 1045 4192 P.
1078 4117 1125 4192 D.
1157 4119 1338 4192 Malvasia

167 4244 217 4316 R.
252 4243 289 4317 P.
322 4241 369 4318 D.
401 4241 598 4316 Strasoldo
926 4243 972 4315 R.
1003 4241 1041 4317 P.
1074 4243 1122 4318 D.
1154 4243 1306 4318 Cesarei

166 4369 215 4444 R.
253 4369 290 4440 P.
324 4367 368 4442 D.
401 4367 623 4463 Guardoqui
926 4367 971 4442 R.
1005 4367 1042 4442 P.
1075 4368 1122 4443 D.
1155 4367 1315 4442 Bardaxi

167 4495 217 4566 R.
254 4492 291 4568 P.
323 4492 371 4568 D.
403 4490 534 4565 Altieri
926 4493 971 4568 R.
1004 4493 1041 4564 P.
1073 4493 1120 4567 D.
1153 4491 1309 4567 Gavotti

165 4669 236 4744 Ab
266 4667 370 4742 Urbe
397 4670 556 4742 aberant
584 4669 629 4742 R.
651 4668 689 4742 P.
711 4669 758 4744 D.
782 4669 903 4742 Priolo
932 4685 972 4743 et
999 4669 1224 4758 Acciaiuoli3
1253 4689 1406 4746 evectus
1435 4674 1482 4745 ad
1503 4671 1596 4745 Car-

72 4797 279 4871 dinalatus
308 4793 489 4867 honorem
517 4811 556 4866 et
583 4818 717 4867 munus
747 4792 979 4868 Secretariae
998 4794 1129 4868 Status
1150 4797 1195 4870 R.
1218 4798 1256 4872 P.
1279 4797 1327 4871 D.
1351 4797 1538 4880 Consalvi,
1561 4797 1596 4870 in

71 4923 191 4997 cuius
225 4919 348 4992 locum
378 4919 556 4993 suflectus
584 4919 651 4992 fuit
680 4921 725 4994 R.
756 4920 795 4994 P.
828 4919 874 4994 D.
907 4918 1066 5016 Serlupi.
