3708 5918
212 283 250 340 56
838 284 976 344 soeculo
995 283 1086 343 XIII

212 477 360 573 publico
388 477 473 552 inde
501 478 683 565 confecto,
714 479 943 576 supradicti
971 479 1141 578 magistri
1169 479 1357 576 Aymerici
1385 477 1547 578 sigillato
1575 475 1706 576 sigillo,

213 601 359 698 plenius
385 603 607 677 continetur.
638 602 720 677 Nos
748 605 876 700 itaque
904 605 1041 678 vestris
1061 602 1395 700 supplicationibus
1413 604 1586 690 inclinati,
1607 601 1710 698 quod

211 751 279 822 per
306 728 467 801 eundem
497 730 719 826 magistrum
749 729 989 825 Aymericum
1017 729 1173 826 provide
1201 730 1338 802 lactum
1367 743 1427 802 est
1446 732 1482 802 in
1500 728 1571 801 hac
1589 743 1708 823 parte,

212 867 334 925 ratum
363 852 545 926 habentes
573 869 612 926 et
639 853 798 940 firmum,
831 853 866 926 id
895 855 1119 928 auctoritate
1145 853 1353 949 apostolica
1382 851 1645 946 confirmamus
1673 867 1712 924 et

210 975 397 1072 presentis
426 977 554 1074 scripti
582 978 791 1072 patrocinio
819 979 1102 1062 communimus,
1134 995 1302 1053 tenorem
1330 978 1448 1074 ipsius
1477 975 1712 1050 instrumenti

209 1100 360 1200 sigillati
388 1102 488 1176 dicto
517 1102 640 1199 sigillo
668 1103 785 1199 ipsius
814 1103 984 1200 magistri
1013 1103 1212 1198 Aymerici,
1241 1101 1290 1177 de
1318 1104 1435 1177 verbo
1471 1101 1521 1175 ad
1554 1101 1707 1174 verbum

211 1225 389 1300 iacientes
418 1227 656 1323 presentibus
684 1229 868 1311 annotari,
900 1228 962 1325 qui
992 1228 1076 1302 talis
1104 1245 1184 1303 est:

268 1351 376 1425 ·‹In
405 1351 553 1424 nomine
584 1352 735 1426 Domini
762 1377 883 1430 amen.
916 1353 1069 1426 Dudum
1097 1353 1194 1425 inter
1230 1353 1366 1426 iratres
1404 1351 1711 1426 Bartholomeum

211 1475 402 1571 quondam
431 1491 469 1550 et
497 1477 720 1572 Aymonem,
750 1479 814 1572 qui
844 1477 999 1551 Maioris
1027 1479 1243 1551 monasterii
1271 1476 1504 1550 Turonensis
1541 1473 1712 1549 monachi

212 1602 440 1685 dicebantur,
471 1626 585 1697 super
612 1602 778 1699 prioratu
807 1619 935 1677 sancte
962 1603 1156 1676 Trinitatis
1185 1601 1434 1676 Eboracensis
1454 1616 1537 1676 orta
1557 1599 1712 1673 materia

213 1725 432 1822 questionis,
462 1727 690 1801 reverendus
718 1744 827 1822 pater
854 1727 1027 1803 dominus
1057 1727 1292 1813 Octobonus,
1315 1727 1433 1802 sancti
1461 1725 1618 1799 Adriani
1637 1723 1712 1795 dia·

212 1875 329 1927 conus
356 1851 564 1937 cardinalis,
585 1870 674 1925 tunc
693 1853 728 1924 in
750 1854 920 1948 partibus
939 1851 1011 1926 illis
1028 1851 1235 1948 apostolice
1255 1852 1356 1926 sedis
1374 1851 1535 1947 legatus,
1557 1873 1709 1922 causam

215 1975 427 2049 huiusmodi
446 1974 676 2050 discretis'et
694 1975 968 2052 venerabilibus
988 1973 1077 2050 viris
1094 1977 1287 2072 quondam
1309 1976 1491 2075 magistro
1509 1972 1710 2048 Guillelmo

215 2101 263 2174 de
291 2099 487 2197 Spectinis,
519 2102 663 2174 decano
691 2102 939 2186 Antiocheno,
969 2117 1008 2175 et
1035 2100 1231 2199 capellano
1252 2101 1390 2176 domini
1410 2123 1519 2199 pape,
1540 2098 1711 2195 primum,

215 2241 255 2299 et
281 2225 434 2299 tandem
464 2225 645 2323 magistro
673 2225 869 2312 Arditioni
901 2225 1109 2323 primicerio
1136 2224 1419 2310 Mediolanensi,
1454 2239 1543 2298 tunc
1574 2220 1716 2295 cancel-

216 2349 308 2425 lario
336 2375 416 2436 sno,
447 2350 632 2424 commisit
659 2351 811 2427 oraculo
839 2351 922 2424 vive
950 2350 1064 2427 vocis.
1085 2350 1186 2425 Sane
1214 2351 1335 2425 dictus
1354 2350 1534 2447 magister
1553 2346 1711 2433 Arditio,

217 2465 377 2572 cognitis
404 2497 518 2548 cause
546 2474 688 2548 meritis
716 2491 754 2547 et
782 2474 871 2548 iuris
898 2476 1030 2549 ordine
1056 2477 1270 2562 observato,
1301 2475 1350 2548 de
1382 2472 1531 2570 speciali
1568 2472 1714 2545 licentia

216 2598 303 2672 dicti
330 2597 471 2672 domini
499 2599 615 2696 legati
643 2598 783 2673 dictum
812 2599 964 2673 fratrem
992 2603 1204 2697 Aymoncm
1222 2602 1272 2674 ab
1290 2599 1424 2674 eodem
1444 2598 1610 2695 prioratu
1631 2619 1715 2668 sen·

216 2719 417 2797 tentialiter
443 2746 634 2808 amovens,
665 2724 832 2796 decrevit
866 2740 909 2796 ut
936 2722 1057 2798 eidem
1095 2723 1197 2798 fratri
1231 2722 1498 2799 Bartholomeo
1534 2740 1714 2818 tanquam

216 2848 330 2944 priori
357 2847 562 2922 dimitteret
589 2847 792 2946 prioratum
821 2850 944 2946 ipsum
973 2849 1129 2923 liberum
1166 2867 1205 2924 et
1238 2851 1416 2946 quietum,
1453 2847 1575 2924 eidem
1611 2845 1716 2920 fratri

216 2972 380 3068 Aymoni
403 2997 518 3069 super
536 2973 619 3070 ipso
639 2973 804 3070 prioratu
826 2973 1013 3049 silentium
1033 2989 1257 3071 perpetuum
1276 2974 1515 3070 imponendo,
1535 2990 1574 3046 et
1592 2972 1715 3068 ipsum

217 3097 265 3170 ad
295 3091 570 3173 res‘titutionem
598 3098 764 3171 omnium
800 3098 985 3173 fructuum
1023 3117 1062 3172 ct
1099 3116 1348 3197 proventuum
1383 3097 1509 3173 medio
1543 3112 1716 3194 tempore

217 3238 480 3320 perceptorum
509 3223 782 3297 sententialiter
809 3223 1134 3320 condempnando,
1163 3239 1276 3320 prout
1303 3225 1339 3298 in
1371 3225 1619 3298 instrumento
1647 3247 1718 3318 pu-

217 3347 314 3424 blico
342 3347 428 3422 inde
455 3347 625 3422 coniecto
644 3363 684 3420 et
702 3349 819 3444 ipsius
837 3349 1009 3447 magistri
1028 3349 1234 3424 Arditionis
1254 3349 1376 3448 sigillo
1395 3350 1549 3435 munito,
1570 3348 1716 3446 plenius

218 3473 439 3548 continetur.
470 3471 573 3545 idem
602 3473 716 3546 etiam
745 3473 919 3548 dominus
947 3475 1098 3574 legatus
1134 3475 1184 3548 ad
1220 3499 1353 3572 preces
1388 3474 1557 3548 eiusdem
1592 3471 1717 3545 fratris

219 3596 483 3683 Bartholomei,
513 3597 617 3693 quod
645 3621 760 3694 super
787 3598 859 3673 hoc
885 3601 935 3675 ab
961 3600 1098 3674 eodem
1134 3601 1316 3697 magistro
1343 3598 1542 3672 Arditione
1577 3597 1717 3671 iactum

218 3721 348 3804 luerat,
379 3737 501 3794 ratum
530 3721 675 3796 habens
703 3737 742 3796 et
769 3721 925 3811 firmum,
955 3739 996 3797 et
1023 3723 1112 3798 illud
1139 3747 1216 3820 qua
1243 3723 1471 3822 fungebatur
1492 3721 1719 3796 auctoritate

218 3845 450 3934 confirmans,
481 3870 634 3921 suarum
662 3847 870 3922 litterarum
899 3851 1105 3946 patrocinio
1134 3849 1383 3925 communivit.
1414 3847 1556 3923 Verum
1575 3848 1719 3921 adleta

218 3971 402 4044 sententia
429 3972 601 4070 magistri
632 3973 841 4046 Arditionis
873 3973 1017 4070 prefati,
1056 3999 1104 4048 ex
1136 3991 1245 4071 parte
1276 3973 1416 4048 domini
1447 3971 1718 4069 archiepiscopi

219 4095 468 4168 Eboracensis
496 4111 535 4170 ct
556 4095 682 4171 fratris
701 4097 885 4194 Aymonis
904 4099 1072 4194 predicti,
1092 4098 1216 4173 extitit
1241 4100 1290 4174 ad
1313 4098 1443 4172 sedem
1471 4097 1718 4195 apostolicam

218 4218 458 4316 appellatum,
488 4236 528 4294 et
555 4221 590 4294 in
617 4222 742 4296 causis
770 4224 935 4318 ipsarum
963 4223 1256 4320 appellationum
1286 4239 1325 4297 ct
1346 4222 1486 4321 negotii
1505 4221 1719 4320 principalis

219 4343 400 4442 magister
428 4344 612 4420 Ricardus
639 4346 687 4420 de
716 4346 851 4434 Neida‚
880 4365 1103 4444 procurator
1130 4348 1348 4422 eorumdem
1379 4347 1650 4444 archiepiscopi
1677 4362 1719 4420 et

218 4468 343 4543 fratris
376 4469 572 4566 Aymonis,
608 4471 861 4546 venerabilem
899 4473 1020 4546 virum
1063 4473 1284 4571 magistrum
1324 4473 1474 4547 Petrum
1515 4471 1716 4610 Rostagni‚

218 4593 438 4668 canonicum
466 4595 829 4694 Rothomagensem,
859 4596 997 4672 domini
1026 4621 1125 4694 pape
1153 4597 1386 4694 capellanum
1422 4613 1462 4673 et
1497 4611 1585 4671 tunc
1616 4596 1721 4673 audi·

217 4734 339 4793 torem
368 4741 566 4792 causarum
594 4720 762 4796 eiusdem
790 4720 917 4820 palatii
953 4722 1181 4821 generalem,
1211 4722 1302 4797 adiit
1337 4722 1560 4808 auditorem,
1590 4747 1719 4796 coram

218 4866 297 4940 quo
323 4843 494 4940 predicto
520 4845 704 4943 magistro
732 4846 896 4920 Ricardo
922 4864 1169 4943 procuratore
1196 4863 1236 4922 et
1263 4847 1377 4922 fratre
1405 4847 1599 4945 Phylippo,
1630 4873 1722 4944 pro-

218 4981 391 5041 curatore
421 4968 569 5043 abbatis
600 4985 640 5042 et
671 4986 879 5044 conventus
916 4971 1071 5046 Maioris
1104 4973 1318 5046 monasterii
1351 4973 1585 5046 Turonensis
1622 4997 1723 5046 com·

218 5094 448 5189 parentibus,
469 5091 579 5167 iidem
609 5094 794 5169 Ricardus
813 5096 1069 5192 procuratoria
1096 5120 1172 5194 que
1200 5097 1363 5171 habebat
1389 5123 1413 5171 a
1440 5098 1549 5172 dictis
1576 5098 1724 5172 archie-

219 5217 377 5314 piscopo
401 5230 440 5290 et
468 5217 583 5292 fratre
612 5219 795 5314 Aymone,
826 5237 865 5294 et
892 5220 1007 5294 fratre
1027 5221 1210 5318 Phylippo
1232 5239 1477 5318 procuratore
1504 5223 1652 5298 abbatis
1679 5236 1722 5296 et

219 5356 435 5429 conventus,
466 5365 576 5415 suum
604 5345 902 5439 procuratorium
936 5361 976 5419 et
1010 5346 1197 5442 quasdam
1224 5346 1368 5422 litteras
1405 5348 1453 5421 ad
1481 5349 1721 5445 probandum

1843 352 1851 382 ι

1838 394 1847 447 i
