3720 5914
741 339 865 399 Calisto
882 337 942 398 III

535 588 697 662 Nomina
724 585 907 660 dictorum
935 584 1160 658 Auditorum

171 751 359 826 Iohannes
387 751 552 850 Walling

174 875 396 951 Franciscus
424 877 471 950 de
501 875 657 951 Criviles
770 909 773 914 ·

175 1001 308 1075 Petrus
335 1002 384 1076 de
413 999 676 1075 Caveisrubeis

175 1125 309 1201 Petrus
338 1126 502 1201 Corserii

173 1249 358 1324 Iohannes
386 1250 582 1325 didacide
612 1249 715 1324 Coca

175 1376 389 1451 Ludovicus
416 1377 465 1451 de
494 1374 704 1450 Ludovisiis

174 1499 358 1574 Iohannes
386 1501 493 1576 Iosso

173 1625 365 1723 Agapitus
392 1627 441 1699 de
470 1626 633 1700 Rusticis

174 1751 392 1825 Bernardus
420 1752 560 1826 Rovira

175 1874 327 1972 Gaspar
354 1876 402 1950 de
430 1875 620 1950 Theramo

172 2000 400 2076 Theodorus
426 1999 474 2074 de
502 1999 593 2074 leliis

173 2125 364 2200 Antonius
390 2125 439 2199 de
466 2125 699 2200 Thosabecis

174 2249 390 2326 Bernardus
418 2251 466 2326 de
494 2250 618 2325 Bosco

173 2373 365 2450 Orlandus
393 2375 441 2450 de
469 2375 633 2450 bonarlis

174 2501 310 2575 Petrus
338 2502 386 2574 de
414 2498 531 2574 Vales

173 2625 359 2700 lohannes
388 2625 515 2699 Pintor

174 2749 226 2822 Et
254 2765 358 2823 motu
388 2749 542 2846 proprio

173 2874 226 2948 Et
253 2875 324 2949 sub
351 2875 442 2948 data
468 2895 525 2946 xn
552 2874 601 2948 kl.
632 2875 718 2947 maii
745 2898 843 2948 anno
871 2873 993 2971 primo

174 2999 226 3072 Et
253 3002 303 3071 ad
331 3000 569 3074 canonicatus
598 3013 637 3074 et
664 3000 877 3095 prebendas
913 3000 950 3072 in
988 2996 1264 3072 cathedralibus
1300 3010 1339 3070 et
1374 2993 1591 3092 metropoli-

90 3125 192 3198 tanis
218 3123 400 3199 ecclesiis.

175 3247 226 3322 Et
252 3247 301 3322 ad
330 3248 425 3322 duas
453 3247 657 3346 dignitates

174 3372 226 3445 Et
253 3399 337 3447 cum
365 3373 613 3472 derogatione
632 3388 871 3458 statutorum,
893 3373 952 3446 vel
971 3371 1237 3447 constitutione
1256 3370 1304 3444 de
1324 3372 1492 3467 optando
1516 3392 1589 3445 non

92 3499 272 3572 obstante

175 3621 227 3695 Et
253 3621 303 3696 ad
330 3624 407 3697 duo
435 3622 612 3696 beneficia
641 3623 908 3720 cuiuscumque
935 3636 1035 3708 taxe,
1065 3645 1142 3695 non
1175 3622 1352 3696 obstante
1389 3619 1519 3717 regula
1555 3619 1591 3692 in

91 3748 321 3824 contrarium
348 3747 450 3821 edita

174 3871 226 3944 Et
251 3871 301 3943 ad
328 3871 582 3966 prestimonia,
602 3871 901 3968 prestimoniales
921 3871 1116 3967 portiones
1135 3869 1253 3953 unius,
1275 3868 1445 3954 duorum,
1467 3867 1589 3950 trium,

92 4011 270 4092 quatuor,
292 4021 358 4070 seu
377 3994 549 4092 plurium,
570 3996 812 4070 ecclesiarum
840 3997 876 4068 in
894 3996 1031 4092 quibus
1051 3996 1087 4067 in
1106 3994 1305 4067 canonicos
1323 3992 1438 4067 creati
1456 3991 1592 4066 fuerint

93 4146 160 4194 seu
175 4119 438 4193 canonicorum
452 4136 520 4194 aut
532 4120 624 4194 alias
638 4121 674 4194 in
689 4119 757 4194 illis
772 4144 838 4192 seu
856 4119 1080 4194 Civitatibus
1093 4134 1132 4192 et
1146 4117 1359 4193 diocesibus
1373 4117 1590 4190 earumdem

91 4243 300 4318 beneficiati
327 4269 394 4318 seu
423 4243 739 4330 beneficiatorum,
759 4243 818 4318 vel
847 4242 972 4341 aliqua
990 4268 1057 4316 seu
1076 4240 1262 4338 aliquibus
1285 4241 1451 4338 ipsarum
1471 4263 1590 4335 usque

91 4369 143 4442 ad
171 4393 355 4444 summam
384 4383 534 4442 centum
561 4367 737 4442 librarum
766 4384 851 4442 turo
879 4393 933 4443 se.
963 4393 1019 4444 co.
1049 4393 1104 4442 es.
1134 4391 1204 4462 pro
1228 4365 1396 4460 quolibet
1423 4363 1590 4460 ipsorum

175 4493 335 4567 Etcum
363 4492 610 4590 derogatione
639 4509 875 4580 statutorum,
906 4491 1182 4590 privilegiorum
1218 4505 1258 4565 et
1284 4488 1587 4564 constitutionum

92 4643 236 4704 earum,
265 4617 403 4714 quibus
431 4632 585 4691 cavetur
611 4619 716 4713 quod
743 4641 818 4694 non
845 4619 915 4691 nisi
943 4616 1087 4691 nobiles
1115 4615 1294 4690 militares
1328 4614 1387 4687 vel
1424 4613 1591 4687 Illustres

93 4744 301 4841 suscipiant
335 4741 372 4815 in
400 4734 556 4816 eisdeni.
596 4741 646 4814 Et
682 4742 786 4838 quod
822 4766 955 4816 ornnes
995 4741 1200 4839 gratiarum
1242 4738 1493 4835 predictarum
1521 4763 1590 4835 pro

90 4867 267 4942 omnibus
294 4883 334 4941 et
362 4865 518 4964 singulis
546 4866 793 4940 Auditoribus
813 4865 1036 4962 supradictis
1057 4861 1276 4960 Apostolice
1295 4861 1401 4935 litere
1419 4862 1468 4934 de
1487 4887 1592 4936 man-

92 4995 183 5070 dato
211 4993 250 5068 S.
280 4991 327 5068 V.
358 4991 477 5088 gratis
506 4989 751 5088 expediantur
778 4991 928 5086 ubique.
958 4989 1048 5062 Fiat
1073 4988 1117 5062 de
1143 4987 1316 5062 mnino.
1347 4986 1396 5061 A.
