3708 5918
754 337 934 409 Bom'sacr'o
960 337 1043 396 VIII
1599 337 1636 396 63

1367 439 1414 445 -,.
1421 437 1635 446 -..u-...m

137 531 264 604 nensis
292 533 329 604 in
357 530 513 605 ecclesia
540 529 801 617 Lincolniensi,
831 531 895 627 qui
922 531 1121 605 canonicus
1150 530 1262 604 etiam
1295 529 1567 627 prebendarius
1600 529 1637 602 in

135 655 216 749 ipsa
245 653 493 729 Lincolniensi
518 655 678 730 ecclesia
706 671 792 729 tunc
821 655 1001 752 temporis
1020 656 1216 740 existebat,
1237 654 1297 727 vel
1316 669 1536 750 procurator
1554 654 1635 728 eius

136 803 204 874 pro
231 803 280 852 eo
307 803 481 854 asserens
508 780 740 876 prebendam
768 780 985 876 predictam,
1007 803 1081 875 que
1100 803 1169 874 per
1187 780 1331 854 obitum
1350 777 1529 876 Stephani
1554 804 1635 876 pre·

134 903 197 976 lati
216 920 429 990 vacaverat,
449 905 520 999 ipsi
539 903 722 1002 magistro
741 903 915 978 Waltero
935 929 1004 1002 per
1022 903 1271 978 venerabilem
1292 903 1443 979 lratrem
1463 923 1633 979 nostrum

137 1027 354 1114 Oliverium,
383 1025 681 1102 Lincolniensem
710 1029 939 1124 episcopum,
979 1029 1029 1102 ad
1066 1053 1178 1125 quem
1216 1027 1451 1102 collationem
1484 1029 1634 1104 canoni-

135 1169 286 1226 catuum
305 1169 345 1227 et
362 1155 638 1249 prebendarum
667 1155 701 1227 in
731 1153 814 1249 ipsa
841 1152 998 1227 ecclesia
1026 1179 1109 1227 cum
1128 1143 1262 1227 vacant
1290 1169 1462 1250 spectare
1487 1154 1634 1229 dicebat

134 1276 249 1351 luisse
277 1276 461 1362 collatam,
492 1294 532 1351 et
558 1279 662 1375 quod
689 1278 788 1352 idem
807 1276 1013 1352 Walterius
1033 1294 1208 1376 pretextu
1227 1277 1394 1373 predicte
1414 1280 1631 1365 collationis,

135 1417 175 1474 ut
201 1401 351 1477 dicebat
378 1401 473 1477 lacte
501 1402 581 1486 sibi,
617 1404 851 1500 ‚prebendam
889 1403 1109 1498 possidebat
1144 1404 1314 1488 eandem,
1344 1405 1393 1478 ab
1420 1403 1632 1479 huiusmodi

133 1526 346 1622 provisione
373 1542 503 1600 nostra
530 1527 627 1600 facta
654 1526 831 1600 iamdicto
850 1527 1035 1600 Riccardo
1053 1542 1094 1600 et
1111 1528 1354 1601 executione¹
1377 1528 1632 1625 predictorum

132 1667 373 1725 executorum
393 1651 528 1738 habita,
547 1675 662 1749 super
675 1676 722 1726 ea
739 1654 788 1726 ad
804 1650 941 1726 Sedem
958 1651 1216 1748 Apostolicam
1235 1651 1448 1748 appellavit.
1466 1653 1634 1750 Negotio

132 1778 258 1871 itaque
277 1774 518 1852 collationum
537 1793 576 1850 et
593 1775 855 1873 appellationis
873 1776 1087 1852 huiusmodi
1114 1777 1163 1850 ad
1192 1776 1330 1851 Sedem
1352 1777 1531 1852 devoluto
1550 1801 1630 1874 pre-

133 1901 281 1987 dictam,
313 1924 383 1975 nos
410 1902 446 1976 in
475 1925 589 1976 causa
617 1903 700 1997 ipsa
725 1900 897 1998 predicta
925 1900 1100 1976 dilectum
1129 1901 1242 1975 lilium
1271 1900 1491 2000 magistrum
1531 1902 1630 1998 Ray-

133 2027 274 2099 nerium
303 2026 351 2098 de
379 2024 521 2111 Vichio,
552 2023 785 2122 capellanum
815 2041 985 2100 nostrum
1005 2049 1048 2098 ac
1066 2026 1276 2099 auditorem
1295 2050 1493 2100 causarum
1513 2028 1632 2100 nostri

133 2149 270 2246 palatii,
311 2149 483 2223 dedimus
515 2151 551 2222 in
584 2150 665 2246 ipsa
700 2174 814 2224 causa
850 2151 1020 2246 partibus
1057 2149 1288 2237 auditorem;
1318 2175 1442 2224 coram
1480 2174 1557 2248 quo
1594 2151 1631 2225 in

133 2274 229 2348 dicta
257 2297 375 2348 causa
402 2273 644 2370 petitionibus
671 2300 739 2349 seu
777 2275 909 2350 libellis
946 2275 1118 2352 exhibitis
1155 2273 1239 2349 hinc
1274 2293 1314 2348 et
1350 2276 1448 2361 inde,
1487 2301 1530 2350 ac
1565 2277 1633 2351 lite

133 2422 245 2495 super
273 2399 366 2497 ipsis
394 2399 430 2470 in
457 2399 537 2472 eius
566 2401 756 2496 presentia
783 2399 881 2473 inter
907 2416 1036 2496 partes
1074 2400 1263 2496 predictas
1300 2400 1465 2499 legitime
1501 2417 1633 2476 conte-

133 2539 241 2610 stata,
272 2540 313 2597 et
339 2523 534 2622 assignato
562 2525 654 2621 ipsis
681 2525 850 2620 partibus
878 2525 1095 2621 perentorio
1123 2525 1281 2600 termino
1317 2527 1545 2622 competenti
1581 2526 1631 2598 ad

132 2648 383 2723 exhibendum
410 2649 536 2723 omnia
563 2663 657 2732 acta,
688 2649 767 2724 iura
804 2666 843 2724 et
879 2651 1109 2724 munimenta
1137 2674 1220 2723 cum
1248 2651 1385 2746 quibus
1421 2651 1632 2725 debuerant

133 2773 258 2846 venire
295 2789 439 2869 parate,
477 2773 672 2869 predictus
710 2775 755 2848 R.
792 2773 960 2872 prelatas
1003 2775 1224 2872 provisionis
1262 2791 1391 2850 nostre
1428 2774 1497 2849 sibi
1534 2777 1634 2850 lacte

132 2896 274 2970 litteras
315 2921 360 2970 ac
400 2897 472 2972 alia
512 2899 741 2973 munimenta
778 2900 914 2994 quibus
956 2915 1044 2974 tune
1085 2899 1138 2972 uti
1166 2897 1283 2972 voluit
1322 2898 1358 2972 in
1396 2923 1509 2974 causa
1545 2924 1632 2996 pre-

131 3022 229 3095 dicta
265 3021 301 3094 in
336 3021 495 3096 termino
530 3023 614 3119 ip'so
650 3023 838 3120 produxit,
875 3040 984 3122 parte
1019 3024 1138 3098 altera
1175 3039 1302 3115 preter
1338 3021 1629 3120 appellationem

131 3170 237 3220 suam
266 3147 478 3221 huiusmodi
506 3164 545 3221 et
572 3148 776 3244 quamdam
804 3149 1094 3222 notificationem
1123 3173 1310 3245 superea
1339 3146 1447 3223 nichil
1479 3150 1630 3245 penitus

128 3272 373 3368 producente.
404 3271 577 3369 Cumque
605 3273 817 3348 huiusmodi
845 3298 1049 3370 processus
1078 3273 1176 3347 dicte
1204 3297 1317 3348 cause
1346 3273 1461 3348 habiti
1500 3299 1626 3348 coram

127 3397 299 3471 auditore
326 3396 474 3493 prelato
502 3397 660 3473 luissent
687 3397 871 3495 propositi
899 3422 1025 3474 coram
1055 3399 1173 3485 nobis,
1204 3421 1284 3486 nos,
1318 3398 1367 3471 ad
1402 3399 1630 3472 obviandum

126 3519 258 3604 fraudi,
280 3522 449 3596 volentes
476 3523 581 3619 quod
608 3537 768 3621 uterque
796 3523 1020 3621 litigantium
1048 3523 1302 3620 predictorum
1331 3523 1380 3597 de
1408 3523 1516 3598 titulo
1554 3524 1628 3596 col-

128 3645 278 3720 lationis
307 3645 375 3721 sibi
403 3645 499 3721 lacte
526 3647 574 3721 de
601 3649 795 3744 prebenda
822 3649 905 3744 ipsa
934 3648 1100 3734 doceret,
1129 3673 1177 3722 ex
1204 3648 1327 3723 officio
1355 3662 1486 3722 nostro
1515 3648 1634 3745 parti·
1674 3733 1681 3750 ,

129 3771 201 3844 bus
229 3769 321 3865 ipsis
349 3771 589 3845 iniunximus
606 3789 649 3846 ut
683 3771 920 3848 collationum
957 3795 1107 3846 suarum
1141 3771 1269 3846 titulos
1305 3797 1430 3846 coram
1458 3773 1632 3847 auditore

129 3893 303 3992 predicto
334 3910 439 3971 certo
471 3897 632 3970 termino
666 3897 898 3984 exhiberent,
938 3915 977 3971 et
1014 3898 1116 3994 quod
1153 3921 1242 3994 pars
1269 3897 1356 3972 dicti
1384 3896 1545 3972 Walteri
1581 3898 1629 3972 de

127 4035 235 4093 certo
262 4035 435 4117 tempore
464 4021 675 4096 huiusmodi
710 4021 917 4098 collationis
955 4023 1025 4097 sibi
1059 4022 1167 4107 lacte,
1204 4023 1235 4096 si
1271 4037 1397 4096 tamen
1432 4022 1531 4096 lacta
1559 4023 1628 4096 sibi

129 4143 264 4228 luerat,
295 4146 553 4242 responderet.
574 4145 663 4234 Sed,
693 4147 780 4221 licet
807 4147 1003 4221 iamdictus
1030 4147 1212 4244 magister
1240 4146 1445 4221 Riccardus
1464 4147 1641 4242 prelatas,

127 4268 337 4343 collationis
364 4293 433 4344 sue
460 4267 606 4344 litteras
634 4295 760 4344 coram
788 4272 923 4346 eodem
949 4271 1135 4356 auditore,
1165 4287 1207 4344 ut
1236 4269 1447 4367 predicitur,
1488 4263 1631 4368 produ-¹

128 4393 259 4480 xisset,
289 4417 356 4489 per
382 4418 479 4490 quas
507 4393 555 4467 de
577 4419 649 4468 suo
668 4395 777 4470 titulo
796 4395 943 4492 plenius
962 4395 1034 4469 iam
1054 4396 1263 4481 constabat,
1285 4419 1356 4492 pro
1374 4409 1483 4491 parte
1502 4410 1629 4469 tamen

129 4518 217 4592 dicti
247 4515 406 4593 walteri
434 4518 521 4593 nihil
558 4518 625 4594 luit
660 4519 866 4596 exhibitum
902 4545 971 4617 per
1002 4520 1105 4616 quod
1133 4520 1181 4595 de
1210 4544 1280 4594 suo
1308 4519 1416 4594 titulo
1448 4540 1628 4615 expresse

128 4659 331 4719 constaret.
362 4643 468 4718 Dixit
502 4659 669 4719 attamen
696 4663 917 4743 procurator
951 4646 1038 4720 dicti
1075 4644 1233 4720 Walteri
1267 4645 1303 4718 in
1331 4645 1466 4718 iudicio
1502 4669 1628 4718 coram

130 4768 306 4842 auditore
341 4768 512 4864 predicto
543 4770 647 4865 quod
684 4769 732 4844 de
767 4772 866 4846 dicta
900 4770 1109 4858 collatione,
1146 4792 1258 4867 quam
1297 4768 1418 4841 eidem
1456 4765 1629 4842 Waltero

129 4907 347 4967 asseruerat
374 4892 455 4966 lore
482 4893 628 4980 laetam,
660 4894 769 4982 nulle,
809 4912 851 4968 ut
887 4893 1075 4982 credebat,
1114 4894 1263 4968 lucrant
1290 4891 1456 4967 conlecte
1492 4889 1625 4978 littere,

129 5015 347 5112 nullumque
373 5032 615 5114 processerat
642 5019 829 5116 publicum
853 5019 1127 5104 istrumentum,
1149 5017 1218 5092 sed
1237 5017 1388 5092 tandem
1408 5031 1629 5112 procurator

127 5142 209 5238 ipse
239 5157 381 5216 certam
408 5143 595 5239 expressit
622 5141 721 5216 diem
749 5168 826 5240 qua
853 5142 1065 5218 huiusmodi
1092 5141 1328 5216 collationem
1361 5139 1431 5236 ipsi
1454 5138 1627 5212 Waltero

210 5423 219 5458 ¹
239 5419 315 5482 Ma:
334 5419 565 5480 executionem.
