3720 5914
888 287 1025 346 Saeculo
1043 284 1111 345 XV

953 675 1039 754 120.

242 839 354 914 Facto
380 840 593 914 observatur
620 837 739 912 Bulla
757 837 1047 938 perpetualibus}
1065 839 1324 926 Notantrum,
1346 840 1519 914 Nolanis
1536 841 1735 915 Auditor-is

320 965 485 1049 absentes,
503 965 544 1038 in
570 966 691 1038 causis
716 963 873 1038 scribere
899 963 1147 1038 committendo
1173 962 1315 1038 absenti
1330 965 1511 1072 Auditori
1525 967 1733 1050 commmsis,

321 1091 390 1164 etsi
414 1089 483 1164 hac
508 1090 548 1163 in
574 1089 736 1164 absentat
765 1089 963 1162 Auditorn
990 1087 1205 1162 viderentur
1231 1115 1255 1162 a
1284 1089 1514 1188 Subrogalis.

312 1247 429 1320 (Arcu.
447 1245 534 1318 Ros,
553 1245 857 1317 «Ordinationes»,
877 1244 898 1303 l.
917 1249 951 1304 et
966 1259 1000 1304 n.
1018 1244 1117 1316 citat).

1235 1405 1313 1478 1479,
1332 1405 1527 1480 septembris
1547 1405 1589 1477 13,
1606 1405 1741 1466 Romae.

322 1572 587 1668 Motuproprio
610 1571 753 1645 dilectis
772 1570 854 1644 filiis
873 1569 1012 1644 nostris
1041 1571 1137 1644 sacri
1163 1569 1292 1666 palatii
1319 1570 1516 1667 apostolici
1544 1595 1743 1647 causarum

240 1696 489 1771 Auditoribus
517 1713 557 1770 et
584 1721 715 1770 eorum
734 1693 1054 1771 Locatenentibus
1072 1709 1204 1769 tenore
1224 1697 1454 1791 presentium
1475 1697 1744 1772 committimus

242 1839 281 1897 et
308 1824 531 1898 mandamus
559 1836 747 1918 quatenus
776 1845 974 1896 causarum
1003 1821 1289 1895 commissiones
1325 1821 1463 1896 dilecto
1499 1821 1575 1896 filio
1611 1805 1745 1896 nostro
1852 1861 1853 1870 κ

242 1947 430 2044 Magistro
460 1948 615 2021 Matheo
642 1947 691 2020 de
720 1959 830 2043 porta
858 1946 970 2021 etiam
1001 1946 1090 2020 dicti
1116 1945 1243 2042 palatii
1273 1970 1470 2020 causarum
1498 1947 1672 2021 Auditori
1709 1949 1745 2020 in

242 2071 323 2146 eius
363 2095 386 2144 a
421 2072 595 2146 Romana
631 2070 733 2145 curia
768 2071 940 2146 absentia
979 2072 1027 2144 de
1062 2086 1193 2173 nostro
1230 2071 1409 2144 mandato
1446 2071 1667 2146 distributas
1706 2087 1746 2144 et

242 2195 523 2272 distribuendas
551 2196 733 2292 recipiant
759 2210 799 2268 et
836 2195 1005 2271 Notariis
1042 2195 1200 2292 predicti
1236 2195 1411 2294 Magistri
1445 2197 1590 2272 Mathei
1626 2198 1744 2272 Audi-

244 2320 335 2396 toris
354 2322 589 2420 consignent,
610 2337 649 2395 et
663 2319 816 2394 easdem
831 2345 965 2396 causas
981 2321 1166 2416 usquead
1181 2319 1269 2393 dicti
1284 2320 1454 2420 magistri
1469 2321 1612 2396 Mathei
1628 2323 1743 2395 Audi·

242 2447 335 2521 toris
361 2447 411 2522 ad
439 2447 622 2543 prefatam
652 2446 862 2520 Romanam
883 2447 1021 2520 curiam
1041 2470 1259 2544 regressum
1287 2445 1442 2520 audiant
1463 2461 1502 2519 et
1520 2448 1593 2521 fine
1612 2447 1744 2522 debito

241 2574 454 2658 terminent,
484 2588 526 2645 ut
553 2587 614 2645 est
642 2571 768 2658 moris,
798 2596 843 2645 ac
870 2570 962 2645 alias
990 2571 1160 2669 partibus
1181 2595 1316 2678 causas
1335 2572 1439 2669 ipsas
1458 2586 1742 2656 concernentes,

239 2696 379 2770 iustitie
394 2697 711 2794 complementum
726 2696 946 2771 ministrent.
963 2696 1004 2770 ln
1018 2695 1245 2770 contrarium
1264 2694 1483 2770 facientibus
1504 2719 1578 2770 non
1592 2698 1745 2770 obstan·
1852 2747 1853 2754 κ

241 2823 340 2896 tibus
377 2822 689 2918 quibuscumque.
726 2819 938 2894 Concessum
974 2830 1073 2894 motu
1100 2821 1260 2919 propriu
1291 2821 1331 2894 in
1359 2821 1551 2920 presentia
1588 2820 1744 2894 Domini

242 2945 381 3020 Nostri
405 2945 519 3044 Pape.
553 2945 595 3020 P.
626 2942 774 3020 Salern.

323 3069 373 3144 Et
400 3071 502 3166 quod
531 3071 716 3166 presentis
745 3069 1031 3167 supplicationis
1061 3070 1143 3144 sola
1175 3070 1370 3168 signatura
1401 3069 1560 3145 sufficiat
1596 3071 1744 3168 absque

242 3193 397 3269 aliarum
449 3193 657 3268 litterarum
703 3194 997 3291 apostolicarum
1039 3196 1207 3291 desuper
1239 3196 1489 3292 expeditione.
1531 3193 1744 3270 Concessum

245 3319 290 3394 P.
321 3319 470 3394 Salem.

326 3443 468 3517 Datum
497 3442 634 3530 Rome,
654 3444 756 3538 apud
776 3441 891 3519 Sctm.
914 3444 1075 3532 Petrum,
1097 3445 1219 3518 idibus
1240 3443 1475 3539 septembris,
1497 3445 1611 3518 Anno
1630 3469 1742 3520 non0.

982 3637 1002 3681 =l=

954 3699 1030 3743 *ss

324 3813 406 3887 Nos
435 3813 644 3889 Rodericus
673 3813 913 3888 miseratione
944 3815 1068 3890 divina
1096 3815 1311 3914 Episcopus
1341 3815 1529 3904 Portuen.,
1551 3815 1589 3892 S.
1621 3817 1666 3892 R.
1699 3816 1742 3890 E.

241 3936 586 4026 Vicecancellarius,
609 3955 865 4024 conservator,
887 3955 1082 4037 protector
1109 3957 1148 4014 et
1175 3955 1356 4016 executor
1384 3942 1516 4016 iurium
1544 3941 1743 4038 etprivile·

241 4065 388 4161 giorum
417 4063 682 4138 venerabilium
710 4063 875 4139 virorum
904 4067 1000 4139 sacri
1028 4058 1157 4162 palatii
1185 4065 1381 4163 apostolici
1410 4091 1607 4140 causarum
1628 4065 1743 4140 Nota·

243 4187 382 4262 riorum
420 4187 632 4283 'eorumque
669 4187 818 4288 collegii
853 4215 876 4263 a
914 4191 1005 4264 sede
1047 4191 1257 4287 apostolica
1290 4191 1501 4288 specialiter
1537 4191 1742 4287 deputatus

242 4314 450 4387 reverendo
478 4313 514 4385 in
544 4311 697 4388 Christo
725 4315 823 4410 patri
850 4333 889 4389 et
917 4315 1080 4402 domino,
1112 4317 1265 4390 domiuo
1291 4317 1445 4391 Iohanni
1474 4316 1547 4390 Dei
1574 4331 1614 4391 et
1648 4339 1741 4410 apo-

240 4437 370 4513 stolice
400 4438 501 4511 sedis
530 4439 652 4534 gratia
680 4438 873 4536 Episcopo
902 4440 1104 4528 Nucerin0,
1138 4443 1245 4516 unius
1274 4467 1322 4516 ex
1350 4441 1454 4517 Sacri
1479 4439 1608 4516 Palatii
1635 4440 1743 4536 Apo-

240 4562 362 4637 stolici
388 4586 586 4634 causarum
615 4563 863 4638 Auditoribus
895 4565 1195 4653 Locumtencnti,
1233 4591 1277 4640 ac
1305 4565 1538 4640 Reverendis
1570 4563 1743 4662 patribus

241 4686 404 4762 dominis
431 4686 593 4784 Gaspari
623 4687 671 4762 de
699 4689 900 4773 Theramo‚
932 4691 1101 4765 Antonio
1130 4692 1179 4764 de
1207 4690 1363 4766 Grassis
1397 4707 1437 4766 et
1471 4691 1658 4765 leronimo
1694 4687 1741 4760 de

239 4813 419 4908 porcariis
448 4810 535 4885 dicti
564 4812 690 4909 palatii
718 4815 915 4910 apostolici
943 4838 1140 4888 causarum
1170 4815 1418 4898 Auditoribus
1447 4831 1643 4891 eteorum
1670 4811 1740 4885 cui-

241 4936 332 5009 libet
359 4935 557 5010 insolidum
585 4938 745 5012 salutem
774 4939 810 5011 in
839 4939 991 5013 domino
1025 4954 1065 5012 et
1098 4940 1238 5014 nostris
1266 4939 1490 5027 huiusmodi,
1510 4939 1585 5014 imo
1616 4938 1740 5012 verius

242 5061 467 5158 apostolicis,
504 5062 657 5136 firmiter
692 5063 846 5138 obedire
879 5066 1079 5140 mandatis.
1109 5063 1228 5139 Vobis
1255 5081 1296 5139 et
1324 5083 1491 5141 vestrum
1519 5064 1670 5140 cuilibet
1706 5063 1740 5135 in

242 5184 415 5272 solidum,
444 5209 542 5282 quos
570 5187 619 5260 ad
646 5187 879 5283 iufrascripta
916 5187 1126 5285 specialiter
1162 5190 1401 5285 deputamus,
1431 5205 1562 5265 tenore
1589 5211 1739 5285 presen-

243 5311 346 5398 tium,
375 5309 410 5384 in
440 5312 577 5386 virtute
604 5295 676 5387 sce.
707 5313 919 5387 obedientie
946 5329 985 5388 et
1012 5316 1084 5389 sub
1112 5339 1210 5412 pena
1245 5316 1504 5412 suspensionis
1531 5316 1581 5390 ab
1608 5311 1738 5389 officiis
