3720 5916
908 311 1045 368 Saeculo
1065 310 1171 370 XVII

997 657 1086 736 275.

288 819 490 892 Auditores
516 830 654 918 rogant
681 819 936 894 camerarium
964 844 1072 892 suum
1090 828 1133 892 ut
1148 818 1192 892 ab
1210 820 1373 918 antiquis
1391 817 1672 892 Subdiacouibus
1689 817 1771 890 reei-

358 945 447 1042 piat
467 945 605 1018 Pallia.

365 1099 480 1172 (Anca.
499 1100 586 1172 Ron,
610 1099 797 1159 ‹Deare’um
819 1099 954 1172 Celsi»).

741 1301 870 1373 Lunae
896 1323 937 1394 15
971 1299 1195 1376 Novembris
1221 1307 1330 1394 1655.

366 1571 564 1669 Rogarunt
591 1569 703 1644 etiam
733 1594 792 1643 me
822 1569 972 1642 Domini
992 1585 1034 1642 ut
1052 1567 1185 1642 vellem
1213 1571 1381 1664 recipere
1405 1567 1518 1640 Pallia
1536 1592 1634 1664 quae
1651 1582 1776 1641 extant

285 1719 403 1792 penes
430 1694 689 1770 Subdiaconos
716 1695 904 1790 antiquos.

995 1971 1085 2050 276.

284 2133 511 2208 Decernitur
536 2133 705 2231 qualibus
731 2134 883 2207 vestibus
909 2134 1131 2206 vestirentur
1159 2132 1361 2206 Auditores
1391 2135 1432 2207 in
1462 2131 1736 2231 equitationibus
1752 2174 1775 2184 -

364 2260 542 2335 statuitur
559 2258 785 2358 splendorem
807 2267 1104 2332 ornamentorum
1132 2258 1252 2330 mulae
1278 2259 1470 2332 moderare
1487 2267 1618 2356 -quot
1639 2257 1778 2344 ficerunt

365 2386 493 2460 Pallia
520 2385 566 2458 ab
593 2384 757 2482 antiquis
783 2383 1066 2456 Subdiaconibus
1093 2393 1235 2482 accepta
1262 2409 1287 2456 a
1314 2385 1433 2458 Rotae
1461 2381 1684 2456 Cameraruo.

363 2541 479 2616 (Anca.
499 2540 586 2612 Ros„
609 2537 797 2598 ‹De'artum
819 2537 952 2610 Celse'»).

722 2741 879 2814 Veneris
905 2764 949 2831 19
981 2740 1207 2814 Novembris
1235 2747 1344 2833 1655.

422 2902 471 2976 D.
493 2901 634 2976 Cerrus
658 2898 783 2974 retulit
811 2927 853 2973 se
881 2899 1125 2974 intervenisse
1145 2901 1181 2972 in
1201 2899 1403 2998 Signatura
1422 2915 1461 2974 et
1479 2924 1613 2974 causas
1632 2899 1679 2972 ibi
1697 2923 1774 2994 pro
1837 2929 1838 2956 1

282 3029 439 3126 positas.
459 3072 486 3082 -
504 3029 662 3123 Insuper
689 3051 730 3099 se
758 3025 992 3122 alloquutum
1021 3025 1134 3098 luisse
1154 3025 1198 3100 R.
1222 3025 1259 3098 P.
1283 3025 1330 3099 D.
1353 3025 1534 3110 Febeum,
1556 3023 1773 3122 Magistrum
1837 3069 1838 3120 3

283 3153 625 3238 Caercmoniarum,
642 3151 738 3224 circa
766 3149 931 3224 habitum
953 3149 1195 3222 deserendum
1224 3152 1273 3223 ab
1301 3149 1548 3223 Auditoribus
1576 3148 1612 3221 in
1641 3149 1774 3244 equita·

283 3280 446 3353 tionibus
475 3299 619 3350 necnon
648 3275 744 3348 circa
763 3273 980 3348 indumenta
1001 3273 1143 3360 Mulae;
1163 3291 1201 3348 et
1221 3275 1347 3369 quoad
1367 3274 1533 3348 habitum
1559 3297 1690 3370 parum
1714 3273 1774 3345 luit
1837 3251 1838 3328 i

283 3401 519 3484 difficultatis,
551 3402 636 3496 quia
665 3400 888 3474 Subdiaconi
918 3401 1135 3496 equitarunt
1171 3424 1322 3495 semper
1350 3425 1480 3474 cum...
1510 3422 1588 3495 quo
1616 3423 1704 3472 vero
1730 3398 1773 3470 ad

283 3529 499 3601 indumenta
528 3525 655 3599 Mulae
683 3525 899 3600 conclusum
927 3524 995 3597 luit
1021 3525 1124 3622 quod
1157 3540 1352 3598 uterentur
1388 3525 1519 3598 iisdem
1556 3524 1663 3597 sicuti
1692 3523 1774 3596 Pro·
1837 3529 1838 3622 ξ

282 3652 483 3727 thonotarii
503 3651 722 3748 Apostolici,
744 3650 976 3724 advertendo
995 3651 1098 3747 quod
1118 3649 1251 3724 fibulae
1274 3649 1422 3745 aliaque
1441 3666 1660 3722 ornamenta
1684 3671 1773 3744 quae
1837 3695 1838 3728 g

283 3777 406 3852 solent
438 3761 529 3850 esse
561 3776 609 3850 de
645 3775 829 3849 auricalco
867 3777 1049 3862 inaurat0,
1085 3774 1218 3848 fierent
1254 3776 1450 3847 moderata
1486 3775 1534 3846 ad
1569 3775 1773 3848 evitandam
1837 3837 1838 3876 q

282 3903 501 3976 calumniam
530 3899 634 3998 quod
662 3901 736 3997 lpsi
765 3899 878 3974 velint
905 3925 1126 3974 concurrere
1154 3925 1246 3986 cumw
1267 3899 1539 3975 Cardinalibus.
1562 3899 1648 3997 Ego
1670 3900 1774 3972 etiam
1837 3963 1838 4000 3

283 4027 467 4101 notificavi
505 4025 676 4100 Dominis
711 4025 825 4122 quod,
859 4027 962 4099 iuxta
994 4041 1237 4122 praeceptum
1275 4024 1362 4098 mihi
1399 4025 1613 4110 iniunctum,
1643 4021 1774 4098 accessi

283 4174 466 4223 unacum
498 4151 545 4222 D.
576 4149 721 4247 Lepido
750 4151 797 4223 dc
826 4149 1033 4247 Gregoriis.
1058 4175 1130 4223 uno
1157 4175 1205 4224 ex
1234 4149 1397 4246 antiquis
1426 4149 1670 4222 Subdiaconis
1697 4170 1772 4241 sup·

282 4277 434 4371 pressis,
465 4277 513 4348 ad
542 4275 755 4349 Sacristiam
786 4275 823 4351 S.
847 4275 946 4348 Petri
972 4291 1011 4349 ct
1038 4277 1087 4348 ab
1114 4275 1248 4349 eodem
1278 4273 1428 4348 luerunt
1456 4274 1543 4347 mihi
1563 4271 1775 4370 consignata
1837 4273 1838 4278 ’

283 4401 395 4472 Pallia
423 4401 620 4474 existentia
649 4401 683 4473 in
722 4401 884 4497 quadam
922 4397 1076 4494 capsula
1111 4401 1278 4496 reposita
1314 4401 1350 4472 in
1386 4385 1638 4473 Sacristia'S.
1668 4397 1771 4480 Petri,

282 4526 385 4596 cuius
414 4526 538 4599 claves
574 4551 648 4624 ego
683 4527 820 4621 accepi,
852 4541 891 4597 et
925 4524 993 4597 ieci
1029 4542 1222 4620 receptum
1260 4525 1307 4597 de
1342 4523 1410 4596 illis
1447 4540 1486 4596 et
1521 4523 1668 4596 suerunt
1699 4519 1775 4594 Pal·

283 4647 331 4720 lia
360 4674 393 4726 n.
426 4673 487 4742 33.
