3720 5914
793 303 886 363 Sixto
903 303 959 363 IV

209 495 317 582 Item,
345 494 457 570 habui
481 521 515 570 a.
546 497 583 571 d.
613 514 723 596 petro
749 498 871 571 lerera
905 523 976 593 pro
1012 497 1248 574 absolutione
1276 499 1312 572 in

122 643 205 692 una
234 645 349 694 causa
377 621 581 695 taurinensi
610 623 771 698 ducatos
806 645 839 715 3.
869 621 962 709 auri,
994 621 1055 696 die
1086 627 1107 695 8
1145 639 1311 720 septem·
1384 626 1488 701 ducs.
1523 651 1542 720 3

122 741 210 818 bris
246 764 357 836 1477.

209 1117 312 1204 Item,
330 1117 453 1213 recepi
481 1143 504 1190 a
531 1119 618 1194 dno.
650 1119 802 1194 matheo
821 1121 869 1192 de
888 1134 1009 1214 porta,
1031 1120 1213 1206 auditore,
1235 1146 1305 1217 pro

126 1239 315 1316 solutione
351 1242 462 1316 unius
498 1240 616 1340 legati,
651 1243 735 1317 facti
768 1244 868 1318 Rote
904 1268 973 1341 per
1009 1246 1069 1318 bo.
1100 1269 1236 1320 memo.
1266 1244 1303 1318 d,

125 1365 332 1464 gabrielem
361 1367 605 1454 contarinum,
622 1368 814 1465 quondam
833 1368 1045 1443 auditorem
1064 1395 1139 1444 sac.
1160 1369 1301 1466 palacii,

126 1490 286 1565 ducatos
314 1491 444 1589 viginti
471 1492 552 1566 auri
579 1492 627 1566 de
655 1517 812 1578 camera,
839 1493 876 1565 in
904 1493 1040 1590 quibus
1061 1491 1140 1566 XX
1158 1495 1305 1569 ducatis

125 1613 320 1712 predictus
349 1612 385 1690 d.
416 1615 589 1688 matheus
617 1630 700 1689 erat
727 1615 876 1690 debitor
902 1615 1070 1688 eiusdem
1108 1615 1145 1690 d.
1176 1615 1211 1691 d.
1241 1641 1304 1714 ga-

125 1739 264 1820 brielis,
295 1754 334 1812 et
360 1763 459 1834 quos
487 1737 566 1812 XX
594 1739 752 1814 ducatos
780 1741 861 1835 ipse
889 1738 925 1814 d.
955 1737 1099 1838 gabriel
1128 1739 1164 1813 in
1189 1755 1304 1814 testa-

124 1881 256 1938 mento
284 1889 355 1938 suo
383 1864 532 1962 reliquit
560 1880 654 1951 rote,
676 1889 742 1938 seu
762 1863 893 1959 capele
914 1864 1139 1952 auditorum,
1162 1864 1210 1938 de
1229 1889 1305 1962 qua

125 1989 345 2085 receptione
380 1989 620 2085 pecuniarum
658 1987 745 2063 dedi
783 1987 952 2064 cedulam
988 1991 1036 2063 de
1074 2015 1184 2063 manu
1221 2017 1306 2065 mea

124 2133 320 2210 tamquam
349 2113 604 2187 thesaurarius
632 2127 715 2187 rote
743 2113 816 2209 ipsi
842 2111 879 2189 d.
908 2115 1061 2188 matheo
1089 2113 1149 2188 die
1172 2116 1306 2189 eadem

125 2263 202 2334 que
231 2236 299 2312 luit
326 2236 470 2311 XXllll
498 2239 712 2313 novembris
747 2260 859 2332 1477.

207 2361 312 2446 ltem,
329 2387 352 2434 a
380 2361 467 2438 dno.
493 2362 659 2458 baptista
678 2362 727 2435 de
747 2361 862 2458 Spelo
881 2361 1040 2436 carlinos
1060 2360 1098 2434 X
1118 2361 1178 2437 die
1198 2388 1222 2457 4
1242 2365 1308 2439 de-

124 2487 288 2561 cembris
322 2508 420 2580 1477
451 2511 549 2582 quos
577 2486 669 2561 dixit
697 2513 739 2560 se
767 2486 943 2562 habuisse
972 2488 1019 2561 de
1039 2488 1206 2585 pecuniis
1225 2507 1308 2565 rote

124 2629 299 2707 tempore
326 2637 404 2708 quo
432 2614 493 2687 bo.
523 2635 594 2686 me.
625 2611 661 2686 d.
692 2609 860 2686 nicolaus
878 2611 926 2685 de
948 2611 1107 2686 Ubaldis
1125 2628 1206 2687 erat
1225 2614 1307 2688 the·

124 2735 328 2823 saurarius,
360 2733 457 2810 ultra
485 2735 573 2810 mihi
601 2737 843 2834 consignatas
871 2752 960 2833 post
986 2738 1069 2810 eius
1096 2737 1250 2814 obitum.

208 3110 255 3182 R.
285 3135 342 3206 pr.
372 3110 408 3186 d.
428 3110 615 3186 lohannes
635 3111 857 3186 Franciscus
876 3111 924 3185 de
942 3113 1087 3208 pavinis
1106 3112 1166 3186 die
1190 3136 1214 3184 v
1242 3137 1304 3188 oo
1340 3119 1349 3159 l

124 3229 292 3305 vembris
326 3251 423 3325 1477
445 3231 576 3306 habuit
593 3257 617 3306 a
635 3257 696 3310 me
714 3232 854 3308 bullam
872 3235 958 3307 sixti
976 3233 1304 3332 prerogativarum

123 3356 351 3444 auditorum,
381 3337 560 3454 presente
588 3355 787 3433 melchiore
815 3359 983 3434 familiari
1019 3384 1117 3446 meo,
1147 3376 1186 3433 et
1221 3385 1304 3434 eam

126 3480 294 3579 portavit
321 3478 381 3555 ille
409 3482 578 3556 notarius
605 3481 731 3558 Iunior
758 3483 915 3579 predicti
933 3483 970 3559 d.
991 3484 1166 3558 Iohannis
1190 3484 1306 3558 Fran-

126 3607 213 3680 cisci
242 3605 308 3702 qui
335 3622 491 3680 vocatur
517 3607 701 3682 lohannes
730 3625 824 3684 scut.

124 4231 233 4305 Sixlz'
257 4231 287 4304 I
288 4233 327 4306 V
338 4230 456 4304 Bulla
466 4232 778 4329 perpertuocromk
795 4234 1027 4308 notan'orum
1037 4232 1179 4330 palatii
1193 4232 1389 4330 apostolici,
1403 4255 1472 4307 ‘seu
1489 4259 1628 4306 eorum·

207 4356 291 4430 dem
318 4357 566 4431 Nolanorum
589 4358 839 4454 praefixmnrs
874 4358 1023 4432 numeri
1051 4367 1087 4430 ot
1118 4358 1306 4432 erectionis
1338 4359 1379 4432 in
1414 4357 1625 4455 Collegium.

208 4511 326 4584 (Aaou.
345 4510 431 4584 Rom,
455 4511 756 4583 «Ordinationes»,
770 4517 859 4586 part.
877 4511 923 4585 II,
941 4511 993 4572 De
1011 4511 1173 4585 Notariis,
1191 4529 1225 4572 n.
1243 4513 1302 4584 II).

1130 4673 1209 4747 1477,
1226 4673 1415 4733 novembris
1432 4673 1477 4747 29,
1496 4674 1629 4733 Romae.

207 4837 337 4913 Sixtus
364 4837 568 4934 episcopus
588 4861 721 4911 servus
740 4862 936 4911 servorum
956 4837 1041 4914 Dei.
1062 4839 1125 4912 Ad
1153 4853 1375 4936 perpetuam
1405 4839 1458 4913 rei
1486 4865 1630 4912 memo·

126 4967 232 5040 riam.
263 4963 368 5038 Sicut
385 4962 556 5062 prudens
576 4972 690 5061 paler
705 4962 883 5058 familias
910 4979 1044 5038 cuncta
1072 4989 1147 5061 que
1170 4965 1206 5036 in
1234 4965 1315 5038 eius
1334 4964 1448 5038 domo
1467 4963 1561 5038 fiunt
1579 4965 1629 5038 ad

124 5089 222 5164 illius
252 5091 435 5164 honorem
464 5103 503 5162 et
526 5087 690 5186 'gloriam
718 5088 875 5185 provida
904 5089 1161 5164 moderatione
1190 5088 1355 5186 disponit
1390 5106 1430 5163 et
1466 5089 1626 5174 ordinat,

125 5217 178 5288 ita
207 5237 290 5300 nos,
321 5213 384 5309 qui
413 5211 556 5286 meritis
584 5211 672 5286 licet
698 5213 903 5310 imparibus
931 5215 980 5288 ab
1008 5213 1092 5309 ipso
1120 5238 1268 5288 summo
1296 5211 1564 5310 patrefamilias
1593 5215 1629 5285 in

126 5337 223 5414 illius
252 5337 368 5412 domo
395 5337 679 5432 dispensatores
708 5337 829 5412 eflecti
849 5363 989 5426 sumus,
1013 5337 1066 5412 sic
1087 5337 1183 5413 circa
1201 5339 1281 5412 eius
1311 5361 1438 5412 curam
1458 5337 1629 5412 studiosa
