3686 5916
268 281 324 341 584
886 279 1022 339 Soeculo
1041 279 1073 338 X
1082 279 1166 340 VIII

263 470 428 556 scientia,
468 487 507 544 et
548 470 749 569 potestatis
790 469 1017 567 plenitudine
1059 469 1247 554 similibus,
1291 471 1403 544 etiarn
1445 470 1587 544 iteratis
1623 472 1752 546 vicibus

262 598 453 670 concessis
494 596 721 670 confirmatis
752 613 868 692 atque
905 595 1107 670 innovatis:
1138 593 1285 690 Quibus
1318 596 1490 670 omnibus
1525 611 1565 670 et
1597 597 1750 696 singulis,

262 721 408 794 etiamsi
436 721 484 796 de
503 720 584 806 illis,
606 745 812 816 eorumque
831 720 920 794 totis
940 721 1144 804 tenoribus,
1166 720 1347 816 specialis,
1369 720 1553 816 specifica,
1571 748 1750 818 expressa,

262 863 301 920 et
329 847 526 934 individua,
559 825 632 919 non
661 862 788 920 autern
826 870 894 940 per
930 844 1117 919 clausulas
1149 845 1347 942 generales
1382 847 1480 918 idem
1520 846 1752 942 imponantes

262 970 415 1054 mentio,
444 995 511 1042 seu
540 971 696 1066 quaevis
724 969 796 1042 alia
829 968 1025 1064 expressio
1058 969 1242 1055 habenda,
1271 985 1337 1042 aut
1369 969 1495 1066 aliqua
1531 968 1604 1042 alia
1639 970 1752 1066 exqui-

261 1095 334 1168 sita
361 1095 480 1167 forma
506 1094 556 1170 ad
584 1094 654 1167 hoe
683 1094 869 1166 servanda
896 1093 1002 1176 soret,
1033 1108 1184 1166 tenores
1213 1093 1436 1180 huiusmodi,
1456 1117 1501 1167 ac
1529 1095 1559 1166 si
1578 1095 1625 1168 de
1647 1097 1753 1168 verbo

260 1220 310 1292 ad
336 1221 502 1304 verbum,
534 1219 620 1293 nihil
649 1221 799 1316 penitus
828 1219 982 1305 omisso,
1011 1233 1050 1292 et
1078 1217 1198 1292 forma
1224 1219 1261 1292 in
1289 1217 1359 1292 illis
1387 1217 1523 1292 tradita
1551 1221 1752 1305 observata,

262 1345 390 1418 inserti
419 1346 530 1418 etiam
559 1344 681 1418 forent
708 1345 981 1440 praesentibus,
1011 1367 1082 1440 pro
1106 1342 1331 1420 sufficienter
1348 1344 1539 1440 expressis
1557 1361 1597 1417 et
1615 1345 1752 1418 insertis

261 1470 457 1556 habentes,
486 1469 556 1542 illis
584 1469 677 1542 alias
706 1470 741 1541 in
770 1494 840 1542 suo
869 1468 1005 1543 robore
1033 1469 1297 1563 permansuris
1319 1468 1369 1542 ad
1397 1468 1570 1542 effectum
1599 1469 1751 1542 validita-

262 1595 320 1680 tis,
360 1610 398 1667 et
435 1607 641 1691 perpetuae
679 1593 863 1668 firmitatis
900 1593 1194 1688 praemissorum
1231 1595 1407 1676 omnium,
1446 1610 1485 1666 et
1519 1593 1749 1690 singulorum,

262 1721 330 1792 hac
358 1721 437 1792 vice
466 1718 662 1793 dumtaxat
699 1719 830 1792 harum
868 1718 964 1792 serie
996 1717 1206 1814 specialiter
1242 1734 1282 1792 et
1317 1743 1498 1815 expresse
1534 1720 1752 1816 derogamus

259 1841 415 1938 aliisque
444 1845 627 1926 omnibus,
659 1857 698 1918 et
726 1841 893 1939 singulis,
923 1865 1020 1937 quae
1050 1843 1131 1915 Nos
1159 1841 1195 1915 in
1222 1841 1456 1938 praeinserta
1483 1843 1626 1916 Nostra
1650 1845 1752 1916 Sche

262 1967 359 2050 tluIa,
389 1967 525 2064 aliique
564 1969 735 2064 superius
776 1967 961 2040 enunciati
1004 1967 1321 2041 Praedecessores
1363 1968 1493 2042 Nostri
1528 1968 1565 2040 in
1608 1969 1750 2066 singulis

260 2117 390 2166 eorum
418 2093 545 2178 literis,
576 2093 729 2177 indulta,
760 2091 965 2190 privilegia,
995 2095 1289 2188 praerogativas,
1321 2091 1591 2188 exemptiones,
1621 2111 1659 2166 et
1677 2117 1750 2188 gra-

260 2217 331 2290 tias
358 2217 480 2290 eidem
509 2217 720 2303 Auditorio,
750 2216 922 2314 illiusque
950 2216 1207 2302 Auditoribus,
1229 2231 1268 2288 et
1287 2217 1645 2291 Locumtenentibus
1661 2217 1751 2289 attri-

261 2342 351 2414 buta
379 2344 700 2426 concernentibus,
730 2341 928 2428 voluimus,
956 2366 1000 2414 ac
1029 2344 1237 2437 respective
1266 2339 1465 2414 voluerunt
1492 2366 1567 2415 non
1597 2343 1748 2422 obstare,

261 2467 456 2541 contrariis
488 2469 796 2564 quibuscumque.

343 2591 525 2666 Volumus
566 2609 704 2678 autern,
734 2592 837 2688 quod
878 2592 1043 2688 ipsarum
1078 2591 1333 2687 praesentium
1369 2597 1613 2689 transumptis
1649 2592 1748 2665 etiam

260 2717 452 2813 impressis
490 2742 600 2792 manu
642 2716 795 2792 alicuius
828 2739 876 2790 ex
918 2717 1082 2791 Notariis
1114 2717 1201 2790 dicti
1233 2716 1419 2792 Auditorii
1456 2719 1683 2814 subscriptis,
1714 2734 1750 2789 et

261 2843 382 2940 sigillo
411 2829 527 2938 ipsius
547 2842 732 2916 Auditorii
752 2843 910 2928 munitis,
932 2843 1065 2916 eadem
1085 2865 1241 2938 prorsus
1261 2840 1353 2914 fides
1371 2841 1407 2914 in
1427 2842 1573 2926 iudicio,
1595 2861 1634 2916 et
1655 2861 1749 2917 extra

260 2967 349 3042 illud
375 2968 609 3056 adhibeatur,
640 2993 738 3064 quae
767 2969 857 3063 ipsis
884 2968 1144 3064 praesentibus
1177 2966 1417 3066 originalibus
1453 2967 1690 3042 adhiberetur
1719 2969 1747 3039 si

261 3093 383 3168 forent
411 3092 598 3167 exhibitae
624 3091 684 3166 vel
712 3107 901 3166 ostensae.

342 3217 441 3292 Nulli
467 3243 562 3316 ergo
590 3217 740 3290 omnino
768 3217 958 3290 hominum
977 3215 1087 3290 liceat
1105 3216 1200 3292 hanc
1218 3215 1394 3314 paginam
1419 3217 1644 3292 Nostrarum
1665 3219 1748 3292 Con-

259 3343 519 3428 firmationum,
536 3343 861 3438 approbationum,
882 3340 1093 3414 defectuum
1113 3340 1370 3437 suppletionis,
1392 3343 1650 3428 restitutionis,
1669 3344 1747 3416 rein·

259 3469 491 3567 tegrationis,
517 3467 717 3563 praecepti,
739 3467 1033 3552 concessionum,
1055 3466 1293 3553 indultorum,
1315 3466 1555 3564 elargitionis‚
1582 3469 1745 3548 mandati,

259 3595 411 3678 decreti,
433 3593 701 3690 derogationis.
727 3610 767 3666 et
793 3591 997 3666 voluntatis
1026 3592 1236 3689 infringere,
1268 3589 1326 3664 vel
1353 3592 1398 3677 ei,
1429 3617 1523 3665 ausu
1549 3594 1746 3675 temerario,

259 3721 458 3800 contraire;
488 3721 518 3790 si
547 3719 631 3814 quis
659 3734 784 3790 autern
814 3717 884 3790 hoc
912 3733 1098 3791 attentare
1126 3717 1433 3812 praesumpserit,
1464 3717 1749 3816 indignationem

259 3844 539 3938 Omnipotentis
571 3844 651 3926 Dei,
683 3868 725 3916 ac
757 3843 957 3916 Beatorum
989 3843 1085 3914 Petri
1114 3856 1153 3914 et
1180 3841 1281 3916 Pauli
1309 3843 1581 3938 Apostolorum
1609 3845 1686 3916 eius
1713 3869 1751 3916 se

259 3970 405 4042 noverit
432 3968 677 4041 incursurum.

339 4092 479 4164 Datum
509 4092 665 4179 Romae,
695 4091 796 4187 apud
826 4091 1000 4166 Sanctam
1030 4091 1185 4182 Mariam
1217 4090 1410 4176 Maiorem,
1442 4087 1555 4168 Anno
1593 4093 1748 4166 lucarna-

256 4216 366 4290 tionis
408 4215 627 4290 Dominicae
670 4215 869 4290 Millesimo
915 4215 1250 4313 septingentesimo
1293 4215 1531 4312 sexagesimo
1573 4218 1746 4304 secund0,

257 4356 366 4413 sexto
396 4339 586 4414 Kalendas
615 4341 793 4438 Augusti,
824 4339 1062 4416 Pontificatus
1092 4339 1222 4412 Nostri
1250 4340 1364 4412 Anno
1392 4337 1544 4434 Quinto

418 4537 461 4615 C.
493 4533 642 4614 Card.¹¹⁸
671 4537 953 4615 Pro-Datarius.
1191 4539 1238 4616 N.
1270 4539 1381 4616 Card.
1413 4541 1648 4614 Antonellus.

568 4719 660 4794 Visa

363 4845 423 4918 De
453 4844 567 4919 Curia
595 4845 620 4922 l.
652 4845 853 4918 Manassei.

258 5039 594 5136 Lwffimm

334 5291 555 5388 Registrata
585 5291 620 5364 in
649 5291 855 5366 Secretaria
886 5294 1071 5369 Brevium.
