3720 5914
783 351 876 411 Silero
894 351 917 410 J
921 351 949 410 V
1557 349 1613 410 213

106 537 405 634 Quintodecimo
432 543 614 620 kalendas
632 545 843 620 decembris
863 543 1103 619 Pontificatus
1126 545 1244 619 nostri
1272 547 1386 618 Anno
1416 544 1613 619 undecimo

108 681 377 742 concessarum
404 685 444 745 et
471 669 508 743 in
536 685 730 766 posterum
760 671 832 746 sub
858 670 991 744 eadem
1019 669 1078 744 vel
1103 669 1235 766 quavis
1263 669 1335 744 alia
1363 671 1452 744 data
1479 693 1613 743 conce-

109 791 321 866 dendarum
349 809 389 869 et
417 795 678 870 extensionum
706 819 750 868 ac
778 793 1087 869 revalidationum
1116 819 1182 868 seu
1212 794 1459 870 mutationum
1498 793 1612 868 colla·

111 917 255 992 tionum
288 919 507 994 earumdem
539 919 570 994 si
599 943 695 1014 quas
727 943 796 1016 per
824 943 894 994 uos
922 920 958 993 in
989 934 1103 994 antea
1129 919 1209 994 fieri
1236 919 1474 1017 contingeret
1504 943 1613 992 acce-

109 1058 263 1138 ptarent
289 1045 537 1132 assecutione,
558 1060 664 1120 motu
687 1045 843 1143 proprio
870 1045 1135 1132 concessimus,
1162 1060 1275 1142 prout
1292 1045 1329 1118 in
1358 1046 1497 1120 nostris
1525 1045 1612 1117 inde

110 1165 291 1244 confectis
326 1168 472 1258 litteris,
504 1195 665 1266 quarum
690 1185 861 1246 tenorem
898 1169 1138 1267 presentibus
1175 1168 1304 1244 haberi
1330 1168 1505 1244 volumus
1541 1191 1612 1264 pro
1695 1171 1700 1180 '

110 1318 306 1389 expresso,
337 1293 485 1392 plenius
515 1296 739 1370 continetur.

193 1417 292 1492 Cum
328 1435 467 1506 autem,
507 1420 603 1494 sicut
638 1419 870 1516 experientia
903 1419 1036 1494 efficax
1072 1444 1196 1494 rerum
1233 1419 1416 1518 magistra
1459 1419 1613 1500 demon-

110 1559 221 1632 strat,
250 1544 301 1618 ad
336 1545 466 1620 sedem
503 1546 713 1640 predictam
745 1546 793 1618 de
830 1546 1013 1619 universis
1040 1542 1170 1618 mundi
1196 1544 1367 1640 partibus
1396 1543 1614 1618 deserantur

110 1695 225 1744 cause
258 1668 294 1745 iu
323 1693 479 1744 numero
506 1670 662 1766 copioso
689 1685 729 1746 et
760 1670 796 1744 in
823 1668 968 1744 illarum
996 1669 1186 1744 audientia
1217 1683 1257 1744 et
1292 1666 1483 1744 decisione
1512 1667 1614 1741 mini·

109 1793 343 1890 strandaque
380 1793 518 1870 iustitia
552 1793 824 1870 confluentibus
851 1810 1056 1892 propterea
1092 1795 1142 1868 ad
1178 1795 1308 1868 sedem
1339 1796 1458 1891 ipsam
1488 1791 1613 1868 dilecti

110 1917 170 1994 suti
201 1917 412 2017 Collegium
431 1919 659 1993 Auditorum
689 1943 889 1994 causarum
917 1917 1036 1994 nostri
1055 1919 1150 1994 sacri
1170 1916 1299 1992 Palatii
1319 1917 1613 2013 Capellanorum

109 2068 154 2117 ac
180 2067 357 2116 verorum
386 2059 426 2117 et
452 2041 745 2118 indubitatorum
774 2059 988 2118 nostrorum
1016 2059 1056 2118 et
1082 2043 1290 2140 apostolice
1327 2042 1429 2117 sedis
1467 2040 1614 2138 prefate

109 2166 344 2241 familiarium
363 2183 403 2241 et
420 2168 681 2242 continuorum
699 2165 966 2262 comensalium
994 2168 1191 2243 submissis
1220 2167 1400 2252 humeris,
1421 2164 1614 2240 indefesso

109 2291 247 2370 animo,
268 2289 375 2366 firma
393 2294 602 2368 constantia
620 2309 661 2367 et
678 2317 843 2388 operosa
861 2291 1065 2391 diligentia,
1085 2317 1224 2390 graves
1241 2291 1446 2366 admodum
1466 2308 1506 2365 et
1524 2313 1613 2366 con-

109 2417 236 2490 tinuos
265 2417 413 2492 labores
441 2415 644 2512 perferunt,
676 2419 860 2514 uobisque
878 2433 918 2492 et
937 2418 1035 2492 dicte
1061 2419 1152 2504 sedi,
1175 2419 1210 2491 in
1238 2440 1387 2512 eaque
1415 2413 1613 2510 potissima

109 2565 268 2616 onerum
286 2540 525 2637 apostolatus
544 2541 674 2616 officiis
689 2565 778 2637 pars
791 2567 878 2618 esse
893 2542 1108 2626 dinoscitur,
1129 2541 1329 2641 suffragari
1353 2565 1428 2615 non
1447 2555 1610 2624 cessant,

111 2667 384 2764 Romanusque
399 2667 569 2742 Pontifex
585 2691 654 2764 per
667 2691 734 2742 eos
750 2693 947 2742 causarum
961 2669 1096 2742 merita
1110 2667 1245 2754 videat,
1261 2666 1451 2741 examinet
1465 2684 1504 2740 et
1518 2665 1615 2740 deci·

110 2793 186 2877 dat,
218 2816 264 2866 ac
290 2806 497 2890 propterea
515 2815 591 2866 non
610 2790 741 2868 minori
761 2791 1002 2889 prerogativa
1020 2792 1096 2866 sint
1113 2792 1218 2890 digni
1237 2817 1316 2890 qua
1334 2779 1393 2867 alii
1412 2790 1614 2866 familiares

108 2915 228 2990 nostri
247 2916 312 3012 qui
338 2915 375 2989 in
393 2915 475 2990 aliis
495 2939 536 2990 se
555 2931 732 2991 exercent
751 2916 953 3012 obsequiis,
976 2940 1047 2992 nos
1066 2919 1260 3014 cupientes
1280 2917 1465 3014 prefatum
1487 2913 1613 2989 Colle-

109 3041 213 3139 gium
242 3041 470 3116 Auditorum
497 3067 541 3116 ac
567 3041 878 3116 Locatenentium
905 3041 1126 3116 eorumdem
1154 3043 1218 3138 qui
1244 3043 1323 3116 veri
1350 3057 1389 3115 et
1416 3039 1613 3114 indubitati

107 3165 307 3240 familiares
345 3167 463 3240 nostri
499 3166 663 3241 continui
699 3165 973 3240 commensales
1008 3165 1176 3241 existunt
1208 3181 1247 3240 et
1274 3190 1374 3263 quos
1390 3163 1497 3239 'tales
1525 3188 1612 3238 esse

109 3291 347 3367 decemimus
378 3315 448 3388 per
478 3307 689 3388 presentes,
720 3305 864 3364 tautum
898 3289 1020 3388 magis
1052 3289 1155 3364 sedis
1186 3290 1330 3388 prefate
1362 3285 1612 3364 munificentia

108 3413 291 3490 extollere
318 3430 358 3490 et
387 3413 632 3511 amplioribus
659 3414 849 3489 favoribus
882 3416 1071 3512 prosequi,
1094 3431 1237 3510 quanto
1264 3413 1453 3510 exquisita
1480 3435 1612 3486 eorum

108 3540 394 3637 circumspectio
412 3555 452 3615 et
470 3538 663 3626 industria,
681 3541 850 3614 eminens
873 3538 1028 3614 scientia
1051 3539 1269 3624 litterarum,
1292 3540 1397 3613 firma
1416 3534 1613 3635 integritas

108 3681 149 3740 et
169 3679 349 3740 constans
377 3665 511 3740 iudicio
538 3661 627 3768 (sic)
644 3665 741 3738 circa
760 3687 884 3738 rerum
903 3665 1220 3762 negotiorumque
1238 3665 1453 3746 varietates,
1475 3661 1611 3757 quibus

107 3789 313 3885 premimur
340 3790 377 3864 in
404 3788 624 3865 universalis
653 3788 822 3864 Ecclesie
849 3788 1041 3887 regimine,
1071 3787 1274 3885 reipublice
1299 3787 1498 3862 christiane
1517 3783 1611 3860 salu·

107 3915 211 3990 brior
237 3929 279 3988 et
306 3914 431 3990 utilior
452 3939 539 3989 esse
567 3914 783 3999 dinoscitur,
1448 4003 1456 4020 ι

189 4055 295 4114 motu
311 4039 477 4136 proprio,
495 4065 570 4114 non
584 4039 634 4112 ad
648 4038 816 4135 ipsorum
832 4037 1062 4112 Auditorum
1082 4055 1148 4112 aut
1168 4038 1323 4112 alterius
1342 4061 1413 4134 pro
1431 4037 1487 4110 eis
1505 4034 1614 4110 nobis

108 4189 227 4261 super
244 4163 315 4238 hoc
334 4165 460 4240 oblate
480 4163 669 4261 petitionis
688 4161 913 4250 instantiam,
945 4165 1014 4237 sed
1041 4161 1090 4238 de
1118 4178 1249 4238 nostra
1266 4185 1372 4236 mera
1390 4158 1614 4236 liberalitate

106 4303 148 4364 et
175 4289 370 4364 voluntate
397 4314 442 4363 ac
469 4315 518 4362 ex
544 4303 646 4364 certa
675 4302 804 4362 nostra
831 4286 997 4375 scientia,
1023 4288 1295 4384 premissorum
1313 4284 1614 4361 consideratione

107 4413 260 4510 impulsi
286 4429 326 4488 et
357 4414 393 4487 in
425 4413 589 4508 aliquam
618 4389 773 4488 suorum
802 4411 973 4486 laborum
1000 4427 1041 4487 et
1071 4413 1289 4486 meritorum
1326 4431 1612 4506 recompensam

106 4565 153 4614 ac
172 4562 242 4634 pro
261 4537 407 4613 illorum
435 4536 472 4612 in
491 4561 560 4612 nos
579 4553 618 4612 et
635 4537 844 4632 predictam
877 4537 1007 4610 sedem
1036 4535 1278 4614 benemeritis
1307 4535 1399 4610 satis
1428 4535 1551 4608 facere
1573 4547 1613 4606 et

106 4661 322 4762 gratificare
350 4662 598 4762 intendentes,
613 4685 837 4760 ¹eorumque
865 4660 978 4734 fidem
1005 4677 1045 4736 et
1070 4661 1333 4736 auctoritatem
1355 4657 1537 4735 extollere
1564 4655 1615 4730 ad

107 4804 281 4863 nostrum
308 4803 347 4862 et
375 4789 494 4884 ipsius
522 4787 624 4863 sedis
647 4787 825 4862 decorem
844 4803 883 4860 et
901 4785 1052 4859 laudem
1072 4787 1276 4882 cupientes,
1299 4785 1614 4882 predecessorum

106 4928 325 4988 nostrorum
358 4911 565 4986 Alexandri
600 4910 645 4999 V,
673 4910 849 4986 lobannis
878 4909 1016 4997 XXIII,
1049 4911 1202 4984 Martini
1230 4910 1276 4995 V,
1308 4909 1469 5006 Eugenii
1496 4906 1547 4980 IV
1575 4922 1615 4982 et

107 5035 211 5113 Pauli
239 5037 271 5112 II
290 5037 460 5136 vestigiis
476 5036 704 5124 inherentes,
725 5035 963 5110 decernimus
986 5051 1027 5109 et
1044 5035 1290 5121 declaramus,
1311 5033 1479 5130 prefatos
1498 5031 1614 5106 Audi·

105 5181 212 5238 tores
239 5177 280 5237 et
308 5162 585 5236 Locatenentes
613 5185 755 5249 eorum,
784 5161 959 5238 omnibus
981 5177 1020 5234 et
1048 5159 1204 5259 singulis
1223 5157 1488 5258 prerogativis,
1509 5170 1616 5230 ante·

104 5287 306 5364 lationibus
325 5301 366 5361 et
378 5285 543 5374 indultis,
560 5285 669 5360 dictis
688 5286 827 5358 nostris
842 5283 1082 5360 famiIiaribus
1102 5284 1314 5379 descriptis,
1336 5297 1513 5377 utsupra
1532 5301 1616 5352 con·

104 5413 225 5488 cessis
242 5427 282 5487 et
296 5410 582 5508 quomodolibet
596 5408 857 5497 concedendis,
875 5409 1125 5506 pariformiter
1140 5409 1194 5482 uti
1212 5423 1251 5482 et
1269 5406 1439 5506 gaudere
1458 5406 1614 5507 debere,
