3748 5914
256 246 313 306 264
895 243 1032 313 So'eculo
1051 252 1083 312 X
1091 253 1138 313 VI

259 424 410 499 Oddoni
438 443 477 500 et
505 428 642 502 Ioanne
671 430 719 502 de
755 431 909 504 Antona
936 429 1175 504 familiaribus
1203 427 1427 525 Lugdunen.
1465 445 1504 502 et
1531 429 1754 504 Anconitan.

256 550 474 626 dioeceseos
503 554 675 642 testibus,
705 553 754 628 ad
780 556 966 651 premissa
993 556 1135 628 vocatis
1165 553 1376 651 specialiter
1402 568 1517 650 atque
1545 555 1699 651 rogatis.

337 679 387 750 Et
414 703 489 776 ego
517 679 575 756 lo:
606 680 718 754 lulius
734 680 782 754 de
808 679 929 766 Cesis,
954 681 1122 755 Clericus
1152 679 1316 754 narnien.
1338 679 1432 754 dioc.
1453 679 1655 779 Ar[chivii]
1678 681 1754 756 Ro:

258 802 335 876 Cu:
366 805 536 900 scriptor,
567 807 656 902 quia
684 808 880 904 premissis
907 807 1079 880 omnibus
1107 822 1148 880 et
1174 805 1341 904 singulis,
1373 805 1463 878 dum
1500 806 1553 879 sic
1588 820 1630 878 ut
1671 831 1756 903 pre-

257 929 414 1002 mittitur
440 929 572 1004 fierent
598 947 637 1006 et
664 948 869 1029 agerentur
896 957 970 1006 una
998 956 1082 1006 cum
1110 931 1379 1028 prenominatis
1406 930 1566 1005 testibus
1595 931 1753 1017 interlui,

257 1053 343 1129 ideo
370 1056 441 1130 hoc
467 1080 624 1151 presens
653 1057 839 1154 publicum
868 1056 1002 1130 exinde
1029 1057 1239 1132 consectum
1276 1078 1387 1129 manu
1421 1054 1541 1129 aliena
1576 1056 1758 1152 scriptum

256 1181 554 1269 instrumentum,
584 1183 788 1278 subscripsi
815 1198 855 1256 et
882 1182 1075 1278 publicavi,
1106 1183 1142 1255 in
1169 1180 1281 1256 fidem
1301 1181 1569 1279 premissorum
1598 1197 1758 1280 rogatus

258 1319 297 1378 et
323 1304 535 1402 requisitus

392 1485 516 1558 Locus
545 1485 640 1584 signi

432 1609 589 1686 Notarii.

969 1891 1054 1968 151.

263 2052 423 2128 Clemens
441 2052 524 2127 VII
535 2053 568 2148 (ι
580 2073 625 2146 52
634 2073 724 2144 3-15
732 2053 796 2148 34)
813 2051 966 2124 ordinat
980 2060 1023 2124 nt
1038 2050 1228 2124 audientia
1246 2075 1445 2124 causarum
1458 2051 1617 2148 qualibet
1633 2050 1761 2126 hebda-

338 2177 450 2251 maa'a
472 2176 526 2250 bis
539 2175 614 2266 fiat
637 2177 678 2250 in
706 2175 866 2261 Palatia,
896 2188 1021 2274 nempe
1048 2175 1175 2248 diebus
1200 2175 1311 2250 lunae
1327 2184 1364 2249 ct
1387 2175 1529 2250 venna
1555 2176 1591 2249 si
1603 2177 1765 2272 fleerint

337 2301 498 2388 zimiiici,
520 2310 555 2373 et
571 2309 627 2374 ter
653 2301 693 2372 in
719 2300 883 2374 domibus
902 2301 1086 2399 propriae
1113 2299 1348 2374 habitationis
1377 2298 1615 2376 Auditorum.

338 2458 452 2530 (Atreu.
471 2455 559 2528 Rom,
582 2454 882 2529 «Ordinationes»,
897 2460 985 2530 part.
1004 2455 1031 2528 I,
1048 2471 1082 2514 n.
1102 2453 1203 2527 XVI).

1573 2595 1654 2656 Sine
1673 2597 1760 2658 data.

338 2741 555 2838 Cupientes,
579 2739 780 2815 auxiliante
801 2739 897 2826 Deo,
919 2739 1030 2813 saluti
1050 2739 1165 2814 Urbis
1183 2740 1381 2835 providere
1401 2757 1439 2814 et
1457 2766 1588 2816 omnes
1608 2767 1760 2830 causas,

256 2870 394 2965 quibus
421 2866 634 2964 pestilentia
662 2867 697 2938 in
726 2865 806 2940 dies
826 2867 1025 2962 proserpit,
1047 2864 1190 2952 tollere,
1210 2891 1253 2939 ac
1280 2865 1505 2964 litigantium
1524 2868 1763 2942 indemnitati

258 2993 463 3079 consulere,
494 2991 755 3087 motuproprio
783 3007 854 3064 etc.
885 2989 1042 3063 Dilectis
1071 2988 1154 3063 filiis
1182 2990 1326 3064 decano
1353 3006 1392 3063 et
1414 3016 1610 3064 causarum
1630 2993 1762 3090 palatii

255 3117 452 3216 apostolici
480 3113 952 3211 auditoribusillorumque
980 3113 1289 3201 locatenentibus,
1307 3141 1366 3236 ⁸ne
1389 3115 1425 3188 in
1454 3116 1589 3190 eodem
1617 3118 1762 3213 palatio

256 3243 403 3340 publice
432 3242 565 3315 diebus
584 3239 736 3313 statutis
755 3240 804 3312 ad
832 3265 967 3312 causas
986 3238 1193 3313 audiendas
1221 3256 1260 3313 et
1286 3241 1366 3313 iura
1387 3240 1579 3314 reddenda
1597 3241 1762 3316 sedeant

258 3369 484 3455 inhibemus;
524 3382 573 3452 et,
609 3365 855 3450 nihilominus,
894 3364 1037 3438 eisdem
1075 3365 1297 3438 mandamus
1330 3367 1434 3462 quod
1467 3365 1622 3464 singulis
1656 3365 1759 3454 lune,

258 3492 429 3566 mercurii
457 3507 495 3565 et
514 3491 662 3564 veneris
691 3490 823 3563 diebus
852 3489 1012 3562 iuridicis
1040 3489 1077 3561 in
1105 3471 1277 3563 domibus
1303 3489 1575 3564 habitationum
1604 3516 1760 3565 suarum

257 3617 496 3715 singulariter
522 3615 711 3714 litigantes
731 3629 807 3688 tam
827 3614 876 3686 ad
895 3613 1137 3688 terminorum
1157 3615 1471 3702 observationem,
1493 3640 1606 3711 quam
1626 3642 1763 3690 causa-

258 3767 338 3816 rum
353 3739 635 3814 instructionem
650 3739 871 3826 admittant;
891 3756 931 3811 et
949 3738 985 3810 in
1005 3737 1106 3812 dicto
1124 3736 1264 3834 palatio
1283 3739 1455 3813 omnibus
1470 3739 1603 3814 diebus
1617 3739 1705 3814 lune
1724 3759 1763 3814 et

256 3867 415 3951 veneris,
444 3865 503 3939 vel
531 3865 651 3938 altero
679 3864 824 3937 illorum
853 3879 1009 3946 tantum,
1040 3863 1071 3936 si
1099 3862 1153 3936 eis
1181 3863 1378 3951 videbitur,
1407 3865 1471 3960 qui
1498 3864 1590 3938 alias
1617 3865 1761 3939 iuridici

257 3991 403 4078 suerint,
426 3991 692 4064 convenientes
722 3989 770 4061 de
799 4012 914 4073 more,
936 4012 1070 4061 causas
1097 3987 1195 4060 inter
1222 4013 1263 4061 se
1291 3989 1456 4062 referant
1482 4005 1521 4062 et
1549 3988 1760 4066 resolvant:

257 4142 301 4190 ac
329 4116 464 4189 deinde
483 4114 519 4189 in
539 4117 712 4189 domibus
740 4113 882 4186 eisdem
902 4113 1074 4187 omnibus
1094 4112 1225 4187 diebus
1244 4113 1419 4209 predictis
1447 4115 1550 4188 iuxta
1569 4116 1762 4190 coaudito·

258 4266 339 4315 rum
358 4255 446 4314 vota
465 4239 680 4335 expediant,
701 4237 871 4335 partibus
893 4237 1071 4310 iustitiam
1099 4236 1414 4312 administrantes.
1437 4237 1680 4312 Presentibus
1711 4238 1760 4312 ad

258 4382 428 4439 nostrum
456 4363 730 4460 beneplacitum
760 4363 956 4436 dumtaxat
984 4361 1184 4438 duraturis.
1208 4362 1293 4437 Non
1322 4363 1560 4439 obstantibus
1580 4365 1761 4438 constitu·

257 4491 420 4565 tionibus
457 4506 496 4565 et
523 4489 831 4574 ordinationibus,
858 4513 902 4561 ac
928 4487 1056 4583 palatii
1084 4486 1241 4583 predicti
1270 4490 1421 4562 statutis
1448 4506 1487 4563 et
1514 4489 1760 4562 consuetudi-

258 4618 377 4700 nibus,
407 4615 615 4688 iuramento
643 4616 755 4688 etiam
785 4611 992 4687 roboratis:
1022 4613 1232 4710 ceterisque
1260 4611 1296 4686 in
1329 4615 1553 4688 contrarium
1590 4614 1759 4687 iacienti-

257 4742 328 4816 bus
356 4740 665 4836 quibuscumque.

339 4864 476 4940 Placet.
506 4865 538 4938 I.
