3748 5914
792 310 905 370 Pauto
923 310 982 371 III
1579 313 1634 372 287

217 503 413 601 Raynaldo
727 503 906 578 dionisius
930 504 1135 578 saulchardi
1160 503 1283 580 Subtus
1306 504 1342 580 d.
1366 506 1540 582 desiderii
1569 508 1634 581 de-

808 629 917 702 niseti

687 781 695 858 q
726 753 956 828 Guillermus
985 755 1169 830 Monsson
1199 755 1373 832 Subt¹¹³d
1400 756 1451 831 lo.
1483 757 1633 832 Martini

686 861 694 964 l
726 877 939 952 Ludovicus
967 881 1060 954 bure
1087 879 1210 955 Subt¹¹⁸
1225 883 1260 956 d.
1282 883 1436 977 pompei
1455 882 1583 956 lustini

216 817 402 891 leronimo

215 1059 423 1132 Executum
451 1057 518 1130 luit
546 1071 588 1129 ut
617 1081 733 1152 snpra
760 1056 892 1130 diebus
927 1060 983 1144 18,
1022 1083 1077 1149 19,
1112 1082 1160 1132 20
1189 1076 1228 1132 et
1259 1084 1299 1132 21
1336 1074 1375 1133 et
1406 1084 1450 1132 22
1492 1061 1632 1133 mensis

133 1183 285 1256 ianuarii
320 1203 417 1276 1537
448 1198 579 1254 contra
608 1183 773 1255 notarios
802 1206 916 1278 supra
945 1183 1096 1256 scrittos
1117 1183 1194 1282 (sic)
1224 1182 1446 1281 principales
1467 1185 1632 1257 notarios

133 1322 331 1402 presentes
358 1307 394 1378 in
424 1305 527 1380 Urbe
555 1322 595 1380 et
623 1307 925 1404 sustitutostsic)
958 1308 1188 1381 notariorum
1219 1309 1429 1382 absentium
1467 1333 1536 1404 per
1573 1332 1650 1418 me⁸

134 1429 156 1502 s.
187 1431 290 1504 Vaca
312 1431 356 1529 (?)
385 1429 428 1506 C.
459 1430 495 1503 ff.

843 1749 928 1828 160.

134 1907 279 1980 Paulus
307 1908 380 1981 m
398 1933 561 1982 concessa
588 1909 833 1983 Auditorum
865 1938 889 1984 a
909 1889 1006 1984 latu
1025 1912 1080 1998 rr,
1101 1911 1220 1984 tem
1238 1912 1285 1984 X
1299 1919 1335 1984 et
1354 1908 1528 1984 clamante
1556 1913 1640 1987 ur]

205 2032 410 2132 pn‘uiltgia
437 2031 644 2128 confirmat,
681 2033 809 2132 hisque
834 2035 1041 2134 privilegia
1069 2035 1428 2129 Referendorzbrum
1456 2036 1566 2110 addit
1590 2063 1634 2110 ac

211 2159 343 2230 statuit
360 2157 573 2256 pniu‘legt'rs
599 2159 827 2232 Auditorum
863 2185 935 2234 non
961 2172 1069 2258 posse
1104 2160 1285 2258 derogari
1317 2161 1393 2234 uisi
1426 2162 1631 2235 eorumdem

213 2282 442 2356 Auditorum
467 2283 523 2356 ud
543 2283 589 2356 id
601 2295 798 2383 expressus
815 2286 1006 2360 accesserat
1020 2311 1199 2362 assensus.

212 2437 327 2509 (Arcu.
345 2435 433 2510 Ron,
457 2435 674 2510 ‹Przuttegia
686 2463 713 2512 ι,
731 2442 808 2498 tona
827 2439 856 2512 I,
870 2445 959 2514 part.
977 2439 1005 2510 I,
1023 2458 1056 2500 n.
1075 2438 1266 2515 XXXVII).

1189 2605 1266 2679 1537,
1285 2606 1415 2679 augusti
1437 2605 1480 2680 17,
1498 2608 1630 2668 Romae.

213 2747 348 2820 Paulus
378 2746 444 2842 Pp.
473 2747 532 2828 ΙΙΙ.
562 2748 627 2821 Ad
654 2764 877 2844 perpetuam
908 2751 960 2824 rei
988 2749 1219 2834 memoriam,
1249 2749 1415 2824 Romani
1439 2749 1632 2846 Pontzfiars

131 2881 296 2946 cosusueta
309 2871 522 2969 benegnitas,
543 2897 590 2948 ea
607 2898 706 2970 quae
725 2898 794 2970 per
813 2875 1130 2950 Praedecessores
1145 2900 1246 2959 suos,
1262 2877 1484 2972 praesertim
1499 2901 1631 2972 perso·
1687 2907 1691 2915 ·

132 3021 263 3071 narum
292 2997 372 3084 sibi,
402 3011 442 3072 et
459 2997 703 3094 Apostolicae
722 2998 811 3074 Sedi
830 2999 1028 3075 continuos
1046 2999 1196 3076 labores
1214 2999 1507 3095 impendentium
1531 3026 1628 3076 com·

132 3121 296 3206 modum,
326 3135 366 3194 et
393 3121 590 3196 utilitatem
617 3125 881 3198 concernentia
908 3147 1089 3198 concessa
1116 3138 1214 3209 sunt,
1241 3139 1283 3197 ut
1309 3124 1416 3197 firma
1443 3140 1630 3220 perpetuo

130 3262 169 3318 et
197 3245 336 3320 illibata
364 3246 580 3342 persistant,
611 3246 770 3323 libenter
797 3251 996 3345 approbat,
1025 3265 1138 3346 prout
1165 3249 1201 3323 in
1231 3248 1395 3322 Domino
1434 3249 1632 3325 salubriter

132 3371 313 3467 conspicit
331 3371 523 3466 expedire.

213 3495 368 3570 Dudum
386 3496 572 3592 siquidem
591 3495 651 3572 iel.
670 3521 743 3571 rec.
765 3495 877 3568 lulius
897 3495 939 3581 ll,
957 3493 1036 3568 Leo
1056 3493 1095 3568 X
1114 3509 1153 3568 et
1173 3494 1349 3570 Clemens
1369 3495 1449 3584 Vll,
1470 3497 1630 3572 Romani

132 3621 327 3698 Pontifices
356 3622 670 3718 praedecessores
699 3621 825 3707 nostri,
847 3617 991 3694 dilectis
1028 3618 1110 3693 filiis
1146 3646 1343 3694 causarum
1373 3622 1500 3696 Palatii
1536 3647 1631 3718 apo-

131 3747 251 3822 stolici
286 3747 543 3834 Auditoribus,
583 3763 623 3821 et
658 3773 789 3820 eorum
822 3745 1139 3820 Locatenentibus
1177 3761 1265 3820 tunc
1292 3763 1332 3821 et
1359 3771 1429 3843 pro
1458 3763 1630 3844 tempore

129 3871 378 3947 existentibus
397 3886 436 3946 et
453 3897 586 3946 eorum
607 3870 778 3970 Collegio
797 3871 947 3945 diversa
973 3870 1171 3968 privilegia
1198 3873 1473 3960 concessiones,
1503 3897 1631 3946 exem-

129 3999 290 4095 ptiones,
318 3995 587 4072 antelationum
606 3997 901 4094 praerogativas,
920 3993 1130 4082 facultates,
1149 3997 1302 4094 gratias,
1323 4010 1363 4070 et
1381 3997 1524 4072 indulta
1542 4013 1630 4072 tunc

128 4144 315 4218 expressa
340 4121 507 4218 gratiose
539 4135 817 4207 concesserunt,
854 4135 895 4194 et
930 4122 1201 4215 approbarunt.
1232 4121 1314 4195 Nos
1343 4122 1509 4220 dignum,
1540 4122 1629 4217 quin

128 4248 256 4344 potius
278 4245 445 4320 debitum
467 4261 675 4333 censentes,
700 4247 821 4320 dictos
844 4243 1051 4318 Auditores
1084 4261 1123 4318 et
1151 4241 1436 4332 Locatenentes,
1468 4248 1531 4342 qui
1558 4271 1628 4343 pro

127 4372 277 4470 publica
306 4371 464 4446 utilitate
493 4371 660 4467 quotidie
688 4384 728 4446 et
753 4370 985 4444 incessanter
1012 4367 1218 4468 invigilant,
1246 4385 1286 4444 et
1313 4371 1349 4442 in
1381 4371 1519 4446 iustitia
1545 4397 1626 4468 per·

103 4477 109 4490 ¹
128 4499 232 4572 sonis
257 4496 308 4570 ad
336 4495 474 4570 Sedem
502 4497 622 4591 ipsam
642 4519 688 4568 ex
707 4497 881 4570 omnibus
899 4493 1028 4566 mundi
1046 4493 1216 4589 partibus
1234 4495 1506 4571 confluentibus
1524 4496 1630 4570 mini-

129 4620 295 4707 stranda,
327 4621 529 4694 immensos
556 4620 705 4695 labores
734 4619 931 4707 sustinent,
961 4644 1032 4715 pro
1060 4618 1278 4694 eorumdem
1307 4620 1476 4696 laborum
1505 4647 1629 4696 remu-

128 4747 334 4831 neratione,
364 4743 510 4818 illorum
539 4745 775 4844 exigentibus
803 4745 954 4832 meritis,
984 4759 1023 4818 et
1051 4760 1093 4816 ut
1120 4745 1354 4819 commodius
1383 4769 1424 4818 se
1460 4744 1561 4820 alere
1589 4761 1629 4820 et

128 4884 344 4946 sustentare
373 4868 534 4956 valeant,
564 4895 638 4943 non
667 4870 872 4944 minoribus
900 4867 1032 4966 gratiis
1066 4885 1105 4942 et
1137 4871 1425 4966 praerogativis,
1454 4895 1569 4966 quam
1605 4897 1628 4944 a

128 4995 236 5069 dictis
266 4993 622 5066 Praedecessoribus
658 4993 795 5067 nostris
833 5006 1085 5088 reportarunt,
1123 5017 1190 5066 eos
1227 4994 1407 5088 prosequi
1443 4995 1625 5080 volentes,

130 5121 238 5193 Motu
269 5116 431 5214 proprio,
462 5141 536 5192 non
564 5116 613 5190 ad
640 5118 807 5214 ipsorum
841 5115 1081 5201 Auditorum,
1117 5142 1183 5190 seu
1222 5117 1530 5192 Locatenentium
1568 5117 1627 5192 vel

128 5245 284 5318 aliorum
314 5267 384 5339 pro
401 5242 457 5317 eis
477 5242 584 5318 nobis
613 5265 728 5338 super
756 5241 827 5316 hoc
854 5241 1004 5315 oblatae
1032 5241 1222 5338 petitionis
1250 5242 1474 5332 instantiam,
1491 5243 1560 5318 sed
1579 5244 1628 5318 de

129 5383 259 5443 nostra
295 5391 399 5441 mera
436 5366 658 5442 liberalitate
695 5381 734 5442 et
760 5391 808 5440 ex
834 5382 937 5440 certa
966 5381 1096 5441 nostra
1124 5367 1288 5454 scientia,
1327 5367 1452 5442 omnia
1479 5383 1518 5442 et
1553 5368 1627 5444 sin-
