3720 5914
657 321 778 381 Cnlr'sto
796 319 855 381 III
868 354 885 364 -
905 321 968 380 Pio
986 322 1027 382 II
1535 325 1587 383 157

88 514 249 590 rebelles
278 514 491 588 huiusmodi
520 541 588 612 per
606 540 802 590 censuram
822 513 1112 590 ecclesiasticam
1135 515 1273 590 totiens
1292 517 1468 612 quotiens
1491 541 1588 613 opus

86 641 200 715 suerit
236 642 513 736 compescendo
545 657 583 714 et
624 642 927 716 excomunicatos
965 641 1111 736 publice
1145 642 1365 716 nunciando.
1405 640 1588 716 Volentes

86 781 128 840 et
146 766 356 862 apostolica
383 767 607 840 auctoritate
636 765 893 852 decernentes,
915 765 1043 840 tibiae
1070 767 1349 840 successoribus
1373 767 1446 841 tuis
1475 791 1589 865 super

89 891 265 965 omnibus
308 907 348 963 et
402 891 557 988 singulis
608 891 802 987 premissis
843 906 1107 988 perpetuatanr
1157 915 1243 965 esse
1283 891 1586 966 iurisdictionem.

90 1015 432 1090 Constitutionibus
476 1031 516 1089 et
553 1015 849 1090 ordinationibus
889 1014 1115 1112 apostolicis,
1146 1015 1357 1112 ceterisque
1395 1015 1588 1090 contrariis

91 1163 166 1213 non
191 1141 432 1214 obstantibus
461 1140 773 1237 quibuscumque.
793 1183 819 1195 -
838 1139 928 1213 Fiat
953 1142 1202 1239 motuproprzo
1229 1148 1264 1212 et
1287 1141 1341 1214 ita
1368 1141 1589 1214 mandamus

14 1350 15 1369 χ
92 1264 140 1339 Α.
170 1307 196 1319 -
223 1262 406 1338 Volentes
442 1289 486 1337 ac
514 1264 738 1340 auctoritate
766 1265 974 1361 apostolica
995 1265 1241 1339 decernentes
1268 1265 1373 1361 quod
1401 1267 1588 1363 presentis

14 1379 15 1388 ¹
90 1390 373 1486 supplicationis
401 1389 482 1464 sola
514 1391 708 1487 signatura
728 1389 895 1476 sufficiat,
916 1391 1061 1487 absque
1088 1391 1160 1464 alia
1177 1391 1384 1464 litterarum
1412 1391 1587 1487 apostoli-

90 1540 215 1588 carum
250 1513 498 1589 confectione.
528 1559 554 1569 -
582 1514 673 1588 Fiat
708 1515 756 1589 A.

809 1900 893 2016 89.Ι

87 2096 180 2170 Pius
207 2098 259 2172 II
279 2095 542 2200 (1458·1464)
570 2098 815 2174 Auditoribus
842 2099 960 2174 Rotae
979 2101 1275 2198 procudendum
1297 2103 1454 2176 concedit
1478 2113 1589 2200 super
1676 2091 1679 2097 ¹

166 2221 388 2320 Apostolicz's
416 2221 700 2296 Subdiacom'bus
726 2225 1081 2320 supranumerariis.

167 2395 284 2466 (Axcu.
304 2395 391 2463 Ros..
415 2395 629 2468 ‹Prabr'legia
641 2420 668 2462 »,
686 2400 763 2455 tom.
782 2395 809 2466 I,
825 2402 913 2472 part.
932 2396 960 2469 I,
979 2413 1010 2456 n.
1031 2397 1101 2470 XI).

1139 2569 1219 2640 1458,
1238 2572 1378 2631 octobris
1397 2571 1438 2642 19,
1458 2571 1590 2639 Romae,

170 2767 258 2840 Pius
293 2768 506 2865 episcopus,
530 2793 662 2842 servus
691 2794 885 2843 servorum
915 2771 997 2846 Dei.
1019 2772 1082 2844 Ad
1110 2790 1333 2870 perpetuam
1366 2776 1418 2848 rei
1446 2801 1589 2849 memo-

89 2891 193 2966 riam.
209 2891 418 2964 ·Rcmusnus
446 2892 624 2980 Pontifex
651 2893 688 2965 in
715 2895 891 2966 eminenti
918 2894 1071 2990 specula
1098 2897 1322 2971 constitutus
1345 2899 1394 2971 ad
1413 2899 1589 2972 decorem

88 3015 163 3089 Dei
190 3015 324 3089 ordine
351 3017 517 3112 quodam
547 3017 694 3115 singula
720 3017 885 3117 dirigens
914 3045 958 3092 ac
985 3019 1213 3094 distribuens
1232 3037 1272 3094 et
1299 3022 1467 3120 singulos
1487 3024 1590 3097 iuxta

86 3140 222 3214 merita
252 3139 441 3228 efferrens,
473 3141 503 3214 si
532 3165 811 3238 nonnumquam
839 3143 985 3240 aliquos
1018 3143 1162 3218 extollit
1193 3161 1232 3219 et
1259 3145 1342 3220 illos
1370 3147 1450 3220 aliis
1489 3147 1590 3221 sedis

84 3265 294 3361 apostolice
324 3263 555 3339 Officialibus
574 3282 763 3365 aggregat
791 3293 834 3342 ac
863 3270 1094 3365 superaddit,
1126 3271 1286 3344 circaea
1310 3287 1434 3345 tamen
1463 3273 1590 3348 decer·

86 3391 139 3463 nit
164 3389 398 3474 etdeclarat.
420 3407 532 3487 prout
559 3416 684 3465 rerum
713 3409 752 3466 et
779 3392 941 3489 qualitas
969 3410 1180 3492 temporum
1209 3397 1325 3495 exigit
1352 3415 1392 3470 et
1420 3397 1585 3494 requirit,

86 3531 204 3612 prout
231 3516 301 3589 sibi
329 3514 514 3590 videbitur
541 3517 576 3590 in
606 3517 756 3591 domino
784 3518 974 3614 expedire.

168 3639 269 3714 Sane
298 3662 418 3736 nuper
444 3665 491 3714 ex
519 3639 794 3739 fidedignorum
823 3642 1003 3717 relatione
1023 3644 1282 3732 intelleximus
1305 3647 1504 3722 nonnullos
1523 3675 1592 3747 per

88 3764 383 3838 Predecessores
397 3781 548 3839 nostros
562 3782 677 3862 atque
693 3793 763 3840 nos
778 3785 866 3864 post
880 3768 1177 3864 assumptionem
1198 3788 1367 3845 nostram
1386 3773 1435 3846 ad
1455 3777 1590 3847 summi

86 3889 325 3985 apostolatus
351 3891 496 3988 apicem
526 3889 561 3962 in
590 3907 743 3966 nostros
771 3908 809 3966 et
838 3891 935 3967 dicte
958 3892 1340 3982 sedisSubdiaconos
1358 3913 1534 3994 receptos
1552 3915 1591 3972 et

86 4015 246 4089 aliorum
266 4038 422 4088 numero
449 4030 490 4088 et
516 4015 708 4090 consortio
737 4033 970 4115 aggregatos
990 4017 1104 4092 luisse
1123 4035 1239 4115 atque
1258 4019 1347 4096 lore.
1379 4021 1438 4094 Ne
1461 4039 1587 4098 autem

89 4137 185 4213 tales
206 4139 258 4212 sic
283 4139 433 4236 recepti,
454 4154 631 4235 pretextu
659 4141 884 4237 receptionis
912 4157 952 4214 et
969 4145 1254 4242 aggregationis
1283 4145 1495 4226 huiusmodi
1523 4165 1589 4222 aut

88 4262 287 4338 cuiuslibet
304 4265 593 4350 consuetudinis
615 4268 843 4361 pretendant
857 4293 898 4340 se
913 4284 1069 4365 propter
1084 4271 1336 4365 receptionem
1352 4286 1392 4344 et
1405 4295 1589 4372 aggrega-

86 4390 229 4464 tionem
247 4387 458 4462 huiusmodi
483 4388 628 4463 dilectis
656 4389 738 4464 filiis
759 4389 973 4486 Capellanis
1001 4395 1141 4467 nostris
1167 4421 1211 4468 ac
1239 4419 1434 4468 causarum
1463 4398 1589 4494 palatii

84 4513 283 4610 apostolici
311 4513 568 4603 Auditoribus,
598 4514 684 4588 viris
721 4517 954 4614 gravissimis
988 4533 1102 4614 atque
1139 4520 1363 4595 doctissimis
1402 4525 1476 4620 qui,
1505 4525 1588 4600 loco

85 4639 217 4722 nostri,
235 4639 416 4712 universis
431 4639 479 4711 ad
495 4639 632 4714 dictam
647 4641 776 4714 sedem
792 4643 1070 4718 recurrentibus
1086 4645 1262 4719 iustitiam
1277 4649 1538 4724 administrant
1552 4668 1591 4724 et

85 4787 203 4837 onera
230 4763 506 4860 quamplurima
534 4764 727 4861 perferunt
746 4783 785 4840 et
804 4767 990 4854 interdurn
1010 4770 1121 4842 etiam
1142 4787 1272 4844 noctes
1291 4771 1432 4849 ducunt
1452 4777 1589 4850 insom-

87 4912 193 4984 pnes‚
233 4889 269 4961 in
306 4887 451 4986 capella
487 4903 526 4962 et
554 4905 756 4987 conspectu
787 4892 925 4964 nostris
967 4893 1026 4965 vel
1055 4893 1208 4968 ubilibet
1235 4896 1348 4970 etiarn
1377 4901 1590 4995 processio-

85 5015 195 5088 nibus
229 5029 269 5087 et
304 5013 384 5086 aliis
416 5013 507 5087 locis
546 5014 846 5110 quibuscumque
878 5014 1058 5100 sedendo,
1094 5018 1230 5093 stando
1268 5021 1326 5094 vel
1356 5023 1589 5101 incendendo

81 5139 317 5234 prioritatem
359 5163 426 5211 seu
466 5138 773 5235 preeminentiam
815 5141 954 5215 habere
1005 5167 1071 5215 seu
1113 5143 1311 5220 vendicare
1356 5167 1586 5244 presumant,

85 5263 177 5351 Nos,
206 5265 509 5362 quibuscumque
538 5266 839 5340 contentionibus
868 5291 942 5362 que
970 5291 1017 5339 ex
1044 5267 1125 5352 hoc,
1147 5285 1319 5365 tempore
1348 5275 1586 5367 procedente,

81 5392 234 5465 evenire
263 5405 304 5464 et
331 5389 465 5462 exoriri
494 5407 652 5486 possent
680 5391 931 5487 quantocitius
949 5391 1101 5466 obviare
1130 5407 1168 5466 et
1191 5393 1317 5468 decori
1336 5421 1380 5470 ac
1399 5399 1587 5474 honestati
