3684 5920
715 340 874 413 Gregorio
893 339 924 397 X
933 339 976 398 VI

102 441 601 452 *Η

805 722 896 801 551.

101 891 194 964 Cum
223 890 349 963 nullus
376 890 486 962 datus
504 888 644 982 fuisset
678 911 860 960 successor
887 885 936 958 R.
968 883 1015 957 P.
1046 881 1098 958 D.
1130 883 1404 980 Rivademyra,
1433 882 1598 980 hispano,

179 1014 289 1111 Papo
315 1016 392 1088 eius
416 1014 533 1086 locum
559 1013 669 1085 libere
697 1010 846 1104 coufirt,
875 1008 1069 1081 declarans
1097 1019 1217 1082 tamen
1243 1009 1386 1080 nullom
1413 1007 1545 1080 exinde
1564 1032 1600 1078 se

177 1140 349 1213 iuducere
376 1140 463 1212 uelle
498 1138 762 1211 innovationem
798 1136 921 1233 quood
952 1135 1231 1208 nominationem
1268 1133 1495 1206 Auditorum
1528 1143 1600 1228 pro

178 1265 320 1337 coronis
347 1263 633 1362 Hispaniarum.

178 1418 294 1486 (Anca.
312 1418 399 1490 Ron,
424 1417 550 1476 «Liber
569 1415 795 1488 iuramenti»,
811 1421 889 1488 pag.
902 1412 968 1486 32).

602 1633 675 1706 Die
706 1640 753 1706 26
783 1633 950 1730 Augusti
984 1635 1094 1724 1844.

181 1793 309 1888 Quum
338 1793 386 1867 ad
415 1795 510 1867 hanc
539 1818 659 1890 usque
687 1793 785 1866 diem
815 1818 926 1866 nemo
955 1791 1140 1866 inlocum
1177 1793 1261 1864 Rmi
1290 1793 1328 1866 P.
1361 1793 1408 1867 D.
1439 1790 1602 1866 Rivade-

97 1945 215 2015 neyra
256 1920 367 1993 fuerit
408 1921 650 2016 subrogatus,
694 1918 835 1992 SSmus
867 1918 913 1992 D.
945 1917 990 1992 N.
1024 1941 1069 1990 ne
1096 1917 1246 2014 longius
1283 1917 1376 1990 haec
1413 1917 1525 1990 sedes
1567 1917 1602 1988 in

99 2046 136 2120 S.
171 2045 371 2117 Auditorio
400 2061 561 2127 vacaret,
591 2043 640 2117 ad
669 2065 751 2116 eam
773 2043 976 2116 nominavit
997 2042 1042 2116 R.
1061 2042 1097 2116 P.
1117 2041 1164 2116 D.
1182 2042 1439 2115 Alexandrum
1460 2041 1601 2138 Magni,

98 2195 185 2242 cum
213 2193 393 2264 expressa
421 2186 546 2242 tamen
575 2169 825 2242 declaratione
854 2167 958 2264 quod
986 2191 1053 2261 per
1080 2166 1291 2239 huiusmodi
1312 2167 1604 2240 nominationem

100 2294 147 2366 nil
178 2295 394 2367 innovatum
414 2310 613 2367 censeatur
631 2294 758 2390 quoad
777 2291 1067 2367 nominationem
1093 2292 1320 2364 Auditorum
1341 2291 1378 2366 S.
1401 2292 1445 2366 R.
1469 2292 1513 2366 R.
1534 2315 1605 2386 pro

101 2421 240 2517 Regno
270 2419 548 2514 Hispaniarum,
579 2417 893 2515 quandocumque
931 2434 1143 2513 temporum
1180 2415 1281 2490 vices
1323 2416 1446 2488 sinant
1483 2432 1524 2489 ut
1559 2441 1606 2488 ea

99 2545 225 2619 locum
253 2545 392 2618 habere
420 2545 560 2640 possit:
590 2568 658 2617 ceu
693 2559 841 2618 constat
875 2567 923 2618 ex
952 2540 1137 2638 Epistolio
1166 2541 1394 2615 Authentico
1431 2541 1607 2614 Eminen-

100 2670 236 2742 tisslmi
265 2668 341 2742 Viri
368 2670 417 2742 ab
445 2668 690 2742 intimioribus
720 2669 885 2766 negociis
903 2668 1035 2740 Status
1053 2667 1156 2764 quod
1175 2668 1212 2739 in
1233 2667 1412 2741 Decanali
1431 2665 1607 2739 Archivio

99 2810 332 2868 asservatur.

807 3091 897 3172 552.

618 3255 746 3328 Obitus
777 3255 958 3353 Gregorii
982 3257 1020 3330 Χ
1035 3255 1097 3331 Vl.

184 3409 301 3482 (Ancu.
320 3407 406 3476 Ros..
431 3408 556 3467 «Liber
574 3409 607 3467 S.
626 3409 741 3482 Rotae,
760 3425 791 3468 u.
811 3410 877 3484 4»,
891 3417 972 3484 pag.
992 3409 1173 3483 roa-405).

720 3633 731 3679 1
767 3607 858 3680 lunii
893 3611 1002 3699 1846.

189 3769 260 3842 Die
291 3774 339 3841 26
369 3770 455 3842 maii
484 3769 617 3841 Ssmus
646 3769 743 3841 solet
773 3767 979 3841 Ecclesiam
1003 3767 1106 3841 adire
1127 3769 1165 3842 S.
1187 3768 1343 3865 Philippi
1365 3767 1453 3842 Neri
1474 3772 1610 3842 dictam

102 3895 144 3970 S.
176 3893 313 3967 Maria
339 3895 379 3967 in
417 3892 604 3967 Vollicello
641 3919 715 3990 seu
746 3893 876 3966 Chiesa
907 3917 1036 3980 nuovo,
1073 3917 1220 3968 summo
1258 3919 1367 3968 mane
1402 3895 1609 3967 nuntiatum

102 4035 177 4106 est,
208 4019 359 4092 Ssrnum
387 4044 460 4093 non
490 4020 586 4093 bene
615 4045 657 4094 se
685 4020 834 4102 habere,
865 4019 1027 4114 ideoque
1055 4017 1168 4092 domo
1187 4042 1261 4092 non
1281 4021 1478 4094 exiturum.
1501 4019 1612 4092 Levis

102 4159 234 4218 autem
262 4144 746 4230 morbusexistimabatur;
775 4169 824 4218 eo
850 4143 954 4239 quod
982 4144 1004 4215 ii
1033 4143 1097 4241 qui
1124 4144 1221 4218 circa
1249 4146 1371 4240 ipsum
1399 4160 1508 4218 erant
1532 4169 1611 4217 rem

103 4269 344 4344 dissimulare
373 4294 494 4364 usque
522 4271 570 4342 ad
597 4284 809 4342 extremum
838 4267 907 4342 nisi
937 4283 1035 4341 sunt.
1066 4270 1196 4364 ltaque
1226 4271 1296 4343 hoc
1325 4293 1434 4343 mane
1463 4269 1613 4342 nuncia·

104 4411 188 4466 tum
216 4410 286 4480 est,
316 4394 425 4490 quasi
452 4419 499 4466 ex
537 4395 776 4488 improvviso,
808 4419 894 4466 eum
931 4394 1070 4466 obiisse
1107 4394 1200 4467 hora
1235 4394 1490 4468 decimatertia
1529 4418 1611 4466 cum

104 4516 272 4602 dimidio,
304 4517 442 4591 scilicet
470 4518 566 4590 inter
595 4542 731 4591 nonam
760 4532 800 4590 et
827 4518 1010 4590 decimam
1040 4516 1171 4592 horam
1195 4520 1428 4593 matutinam.
1457 4517 1613 4591 Summo

105 4665 231 4726 mane,
261 4668 345 4715 cum
372 4645 535 4715 animum
555 4641 633 4715 fere
661 4641 814 4728 efflaret,
846 4643 1063 4715 mandatum
1083 4659 1143 4716 est
1163 4659 1250 4717 tunc
1270 4643 1420 4716 demum
1439 4661 1614 4717 assuetas

106 4791 244 4864 preces
273 4769 309 4840 in
338 4768 516 4841 Ecclesiis
545 4767 621 4840 fieri
650 4791 721 4862 pro
749 4766 925 4858 Pontifice
951 4766 1115 4858 infirmo.

194 4891 386 4965 Hesterna
413 4893 483 4976 die,
515 4917 591 4988 quo
620 4891 679 4965 die
707 4892 843 4966 festum
872 4891 942 4963 fuit
969 4891 1040 4964 hoc
1068 4915 1167 4966 anno
1196 4892 1439 4967 Pentecostes
1458 4918 1528 4990 pro
1548 4919 1616 4967 sua

106 5017 313 5091 devotione
342 5017 510 5091 Pontifex
537 5016 782 5090 Sacramenta
818 5016 1000 5113 suscepit;
1030 5041 1128 5111 quae
1165 5019 1194 5090 si
1232 5020 1379 5093 occasio
1416 5020 1505 5091 data
1542 5041 1616 5091 non

108 5157 227 5228 esset,
258 5139 489 5214 familiarium
518 5142 657 5215 incuria
685 5161 724 5215 et
753 5167 900 5215 summo
934 5141 1062 5238 populi
1096 5142 1273 5216 scandalo
1309 5145 1455 5240 absque
1488 5143 1617 5216 Sacra-

108 5267 249 5340 mentis
272 5266 477 5342 obiisset
499 5263 609 5359 Quae
629 5266 860 5341 familiarium
879 5265 960 5340 eius
978 5266 1117 5364 agendi
1137 5267 1339 5341 methodus
1357 5292 1445 5341 vere
1464 5269 1617 5367 indigna

113 5391 209 5465 Urbi
237 5391 318 5464 visa
346 5407 417 5464 est.
