3684 5920
261 293 320 354 640
909 295 1046 355 soeculo
1065 295 1149 355 XIX

269 488 428 586 fragium
457 489 630 576 tribuere,
654 513 699 562 ea
718 490 954 586 potissimum
976 491 1129 577 ratione,
1151 490 1240 585 quia
1258 507 1344 565 acta
1362 492 1486 566 omnia
1505 491 1756 587 praecedentia

265 638 402 688 causae
432 614 728 710 propositionem
758 639 884 690 coram
911 641 958 688 eo
987 632 1180 714 geruntur,
1211 616 1264 688 ita
1290 632 1332 689 ut
1360 617 1396 688 in
1416 617 1570 690 ferendo
1589 614 1755 711 suffragio

267 739 372 813 facile
400 740 448 812 sit
476 741 556 814 eius
583 739 746 812 animum
775 742 811 813 in
839 741 999 836 gratiam
1028 739 1182 813 alicuius
1219 765 1267 814 ex
1304 739 1535 838 litigantibus
1571 742 1753 836 occupari;

266 863 471 959 quinimmo
499 885 538 936 et
565 864 653 936 illud
680 864 781 937 haud
808 863 954 938 difficile
974 865 1022 938 sit
1041 866 1191 940 evenire
1210 864 1314 962 quod
1342 867 1375 938 in
1406 864 1646 940 extendenda
1673 865 1755 937 deci·

266 987 370 1063 sione
399 989 477 1062 suis
505 989 630 1084 potius
658 989 861 1063 rationibus
891 989 1030 1063 serviat
1057 1015 1170 1084 quam
1198 990 1242 1064 iis
1261 990 1297 1060 in
1317 991 1450 1063 ceteris
1469 991 1567 1062 votis
1585 990 1755 1084 expositis
1823 1075 1824 1082 ἵ

265 1130 305 1186 et
330 1113 545 1188 enucleatis,
579 1114 753 1210 Denique
788 1131 827 1186 et
864 1114 954 1188 illud
984 1114 1141 1188 Summo
1179 1114 1344 1188 Pontifici
1381 1113 1660 1209 exponendum,
1687 1114 1756 1187 Tri·

265 1238 376 1313 bunal
405 1239 503 1311 malo
530 1239 653 1312 animo
682 1239 813 1312 tulisse
841 1238 945 1335 quod
986 1241 1022 1311 in
1051 1239 1219 1336 praefato
1262 1237 1395 1313 Edicto
1422 1238 1494 1311 diei
1539 1261 1557 1332 5
1603 1239 1756 1312 octobris

264 1367 410 1459 absque
439 1363 552 1437 Sacri
577 1364 694 1448 titulo,
726 1364 795 1438 sibi
824 1364 872 1438 de
900 1389 1005 1438 more
1025 1363 1163 1450 debit0,
1186 1381 1441 1460 nuncupatum
1460 1362 1538 1446 fuit,
1560 1387 1639 1458 quo
1660 1364 1756 1436 titulo

264 1514 307 1562 se
335 1489 560 1562 honoratum
588 1489 744 1586 agnovit
770 1491 807 1561 in
835 1490 970 1562 ceteris
998 1489 1145 1586 legibus
1174 1490 1405 1564 Edictalibus
1432 1490 1567 1586 quovis
1597 1506 1757 1584 tempore

264 1613 349 1686 latis
375 1616 425 1687 ab
454 1614 557 1686 Eritis
583 1613 790 1706 aSecretis
810 1614 951 1689 Status.
981 1657 998 1670 -
1029 1613 1256 1688 Huiusmodi
1283 1614 1458 1687 instantia
1478 1629 1519 1685 ut
1538 1615 1698 1709 primum
1715 1615 1756 1687 ab

250 1734 310 1812 ¹R.
343 1737 380 1812 P.
414 1739 460 1812 D.
492 1738 539 1812 de
569 1739 712 1812 Cursiis
741 1738 892 1812 redacta
920 1739 997 1826 fuit,
1028 1739 1108 1834 ipse
1137 1764 1290 1835 quoque
1319 1740 1475 1812 Summo
1496 1739 1665 1812 Pontifici
1682 1764 1755 1812 eam

265 1881 442 1958 porrexit.

970 2109 1061 2188 531.

264 2255 313 2326 ln
340 2255 581 2327 executionem
608 2254 772 2327 edictalis
798 2254 890 2351 legis
917 2254 993 2326 diei
1013 2275 1039 2348 5
1066 2251 1216 2326 octobris
1249 2255 1342 2348 1831
1377 2252 1532 2325 iubentes
1567 2261 1603 2325 et
1636 2276 1756 2324 causae

345 2380 542 2453 Ponentem
568 2381 608 2452 in
635 2381 756 2452 coum's
787 2381 890 2464 ferre
927 2386 1056 2465 volum,
1082 2379 1211 2476 primo
1253 2403 1452 2452 causarum
1487 2375 1690 2475 propositio
1729 2383 1759 2446 el

344 2505 516 2578 resolute'o
542 2532 623 2578 cum
653 2515 731 2578 voto
758 2531 820 2579 seu
852 2503 1040 2602 suffragio
1069 2503 1243 2576 Ponentis
1269 2503 1384 2576 locum
1411 2501 1526 2576 habet.

343 2659 459 2731 (Aaou
477 2657 565 2730 Rom,
590 2657 779 2717 «Dorium
800 2657 975 2717 Comerole
987 2661 1022 2728 ·).

680 2859 809 2930 Lunae
840 2882 882 2930 21
918 2855 1144 2931 Novembris
1179 2859 1290 2949 1831.

345 3107 560 3200 Antequam
588 3128 679 3177 vero
707 3119 1009 3199 proponerentur
1036 3127 1173 3176 causae
1207 3127 1306 3198 quae
1342 3101 1522 3176 hodierna
1558 3102 1620 3177 die
1657 3117 1756 3174 erant

261 3230 503 3315 dirimendae,
533 3229 706 3324 quaestio
743 3228 934 3323 exagitata
962 3244 1021 3300 est
1049 3253 1072 3300 a
1101 3226 1282 3309 Patribus,
1313 3250 1401 3298 num
1435 3227 1621 3300 servanda
1658 3240 1756 3298 esset

260 3355 321 3430 lex
349 3354 517 3429 edictalis
544 3353 618 3426 diei
649 3375 667 3445 5
699 3353 864 3426 octobris
883 3377 1003 3448 nuper
1021 3351 1139 3447 elapsi
1159 3351 1286 3447 quoad
1309 3352 1572 3445 praestitutam
1600 3351 1755 3424 cuiusvis

263 3506 401 3556 causae
427 3480 654 3554 decisionem
682 3503 765 3550 cum
797 3476 973 3551 Ponentis
1001 3476 1190 3574 suffragio,
1221 3475 1399 3548 Nonnulli
1436 3501 1484 3550 ex
1521 3475 1692 3550 Patribus
1722 3475 1755 3547 in

260 3633 307 3682 ea
334 3607 437 3680 fuere
467 3605 665 3690 sententia,
695 3604 798 3700 quod
829 3602 1018 3698 pendente
1046 3601 1167 3674 adhuc
1196 3601 1374 3674 instantia
1410 3627 1432 3675 a
1468 3600 1586 3674 Sacro
1619 3600 1755 3675 Ordine

263 3734 459 3830 proposita
488 3731 643 3804 Summo
672 3727 848 3814 Pontifici,
880 3728 927 3800 de
956 3750 1032 3823 qua
1061 3726 1096 3799 in
1124 3727 1362 3801 antecedenti
1400 3727 1501 3800 Rota
1528 3751 1654 3800 sermo
1683 3727 1750 3806 fuit,

262 3882 378 3953 super
406 3853 616 3927 huiusmodi
644 3851 741 3949 legis
769 3851 935 3933 articulo,
966 3849 1066 3925 nulla
1093 3851 1230 3924 idcirco
1257 3851 1354 3925 illius
1382 3850 1477 3948 legis
1513 3851 1640 3947 quoad
1678 3875 1751 3922 eam

262 3980 547 4077 dispositionem
576 3979 672 4052 ratio
700 3977 873 4050 habenda
908 3993 1022 4063 esset,
1053 3991 1091 4049 et
1127 3976 1284 4072 antiqua
1326 3975 1470 4049 Rotalis
1511 3977 1640 4070 praxis
1668 3975 1754 4047 foret

262 4104 471 4180 servanda:
500 4101 574 4174 Alii
601 4117 740 4187 autem,
762 4127 783 4174 e
803 4101 1000 4185 contrario,
1023 4101 1284 4186 defendebant,
1306 4125 1390 4174 eam
1410 4098 1619 4174 Edictalem
1638 4100 1751 4198 legem

260 4254 349 4304 esse
376 4227 548 4322 protinus
577 4227 805 4310 sectandam,
835 4251 882 4300 eo
910 4227 997 4322 quia
1016 4224 1281 4300 adnotationes
1299 4249 1398 4322 quae
1416 4251 1440 4298 a
1471 4224 1528 4298 ius
1553 4224 1752 4298 dicentibus

262 4354 342 4427 fieri
369 4349 492 4426 solent
521 4351 675 4446 Principi
705 4375 819 4446 super
846 4351 1006 4424 utilitate
1035 4351 1092 4424 vel
1121 4349 1317 4423 inutilitate
1345 4349 1500 4423 alicuius
1526 4350 1629 4423 latae
1654 4348 1749 4445 legis,

262 4477 364 4551 nullo
392 4475 506 4550 modo
535 4476 756 4572 praepedire
784 4474 843 4550 vel
864 4479 1098 4571 suspendere
1117 4474 1244 4549 valent
1263 4475 1359 4549 illius
1377 4475 1471 4572 legis
1490 4474 1749 4551 executionem.

261 4604 376 4699 idque
403 4626 451 4676 eo
479 4601 600 4697 magis
637 4600 672 4674 in
700 4603 891 4697 praesenti
928 4601 1093 4674 themate
1121 4601 1291 4674 obtinere
1320 4601 1457 4676 debere
1484 4600 1750 4682 contendebant

262 4755 347 4802 cum
376 4753 437 4801 res
466 4727 514 4798 sit
541 4725 588 4798 de
618 4725 766 4823 legibus
794 4750 957 4822 praxeos
985 4751 1083 4822 quae
1113 4725 1182 4798 nisi
1209 4724 1422 4821 expeditam
1443 4725 1656 4798 obtinerent
1672 4743 1750 4794 exe-

262 4850 450 4926 cntionem
479 4874 617 4946 magna
646 4850 729 4923 hinc
756 4849 916 4922 oriretur
944 4849 1160 4924 iudiciorum
1181 4849 1360 4922 confusio
1382 4849 1421 4921 In
1442 4848 1511 4920 hac
1530 4848 1655 4943 itaque
1673 4865 1747 4918 sen-

170 5052 171 5055 ,
263 4977 461 5050 tentiarum
490 4974 739 5069 discrepantia
766 5000 850 5048 cum
879 4972 1007 5071 plures
1033 4989 1164 5049 essent
1196 4999 1352 5048 numero
1390 4972 1520 5046 Patres
1557 4973 1620 5068 qui
1655 4985 1746 5042 tene·

261 5104 353 5178 bant
381 5100 596 5197 suffragium
627 5097 803 5174 Ponentis
831 5100 1101 5194 exquirendum
1131 5099 1282 5174 omnino
1310 5122 1398 5172 esse
1418 5097 1453 5170 in
1473 5097 1605 5192 quovis
1624 5115 1744 5168 causae

262 5226 461 5312 decisione,
493 5225 578 5298 ideo
608 5223 773 5296 Ponente
802 5248 955 5319 quoque
984 5223 1227 5321 suffragante,
1256 5221 1476 5318 propositae
1512 5243 1556 5293 ac
1587 5215 1744 5292 definitae

262 5351 412 5424 fuerunt
439 5365 643 5444 sequentes
671 5373 827 5424 causae:
857 5369 927 5424 etc.
