3720 5914
233 321 285 380 148
867 318 1004 378 Saeculo
1022 317 1056 378 X
1063 317 1092 377 V

312 516 394 588 Nos
411 515 661 599 attendentes,
681 537 754 586 non
774 513 895 586 minus
912 513 1051 587 nostris
1070 511 1261 610 obsequiis
1275 510 1469 586 intendere
1488 511 1552 608 qui
1570 509 1728 584 assiduis

229 642 418 716 laboribus
437 640 652 714 insistentes
679 639 729 712 ad
758 637 945 736 publicam
973 636 1170 712 utilitatem
1198 637 1278 710 vice
1306 651 1437 710 nostra
1463 636 1640 709 iustitiam
1667 636 1728 708 ad·

231 767 451 852 ministrant,
481 788 593 860 quam
622 763 749 860 quiin
778 761 925 858 palacio
962 764 1100 837 nostris
1128 763 1282 859 privatis
1314 763 1492 856 insistunt
1528 761 1726 856 obsequiis,

230 894 412 987 quodque
439 891 509 986 ipsi
537 890 755 974 Auditores‚
788 885 1009 984 Cappellani
1036 891 1153 962 nostri
1181 888 1260 960 veri
1287 888 1503 972 existentes,
1530 886 1566 959 in
1589 885 1730 982 capella

195 1019 196 1022 ’
232 1015 439 1112 apostolica
468 1015 573 1088 nobis
602 1013 638 1086 in
667 1012 877 1086 divinorum
906 1010 1154 1086 celebratione
1183 1011 1409 1098 deserviunt,
1440 1010 1612 1108 quamvis
1630 1010 1667 1083 hi
1695 1010 1729 1082 in

230 1139 442 1236 apostolico
469 1137 614 1235 palacio
639 1161 713 1211 non
732 1137 933 1210 comedant
950 1162 994 1210 ac
1017 1151 1305 1222 commorentur,
1327 1137 1422 1210 sicut
1438 1135 1645 1232 antiquitus
1664 1161 1731 1210 eos

231 1265 442 1360 accepimus
470 1262 601 1337 solitos
630 1262 862 1346 commorari,
884 1260 921 1332 id
949 1260 1048 1334 circo
1066 1287 1114 1333 ex
1142 1259 1336 1334 voluntate
1356 1275 1484 1333 nostra
1508 1284 1729 1335 concessum

231 1389 301 1465 illis
320 1388 468 1463 videtur
495 1389 652 1461 seorsim
681 1385 850 1460 habitare
870 1403 911 1458 ut
938 1385 1089 1460 faciliori
1116 1386 1166 1458 ad
1193 1411 1260 1459 eos
1277 1400 1444 1482 ,patente
1462 1386 1563 1460 aditu
1584 1385 1730 1459 liberio-

232 1541 294 1588 res
312 1531 428 1610 atque
446 1511 703 1608 expediciores
724 1513 796 1584 sint
824 1511 861 1584 in
879 1509 1102 1607 exequenda
1120 1511 1271 1596 iustitia,
1292 1511 1526 1584 decernimus
1545 1525 1586 1584 et
1607 1511 1730 1584 decla-

230 1665 367 1723 ramus,
399 1662 466 1712 eos
489 1661 575 1712 esse
604 1659 714 1710 veros
739 1635 968 1731 apostolicos
995 1633 1205 1721 familiares,
1234 1637 1431 1708 continuos
1459 1633 1731 1708 commensales

234 1764 313 1838 sine
335 1763 482 1836 fictione
510 1762 644 1857 aliqua,
676 1761 744 1834 sed
782 1785 872 1833 vere
899 1761 934 1832 in
964 1759 1163 1834 familiares
1192 1777 1365 1856 receptos
1402 1774 1441 1832 et
1467 1760 1516 1832 ad
1549 1759 1732 1857 obsequia

230 1888 437 1985 apostolica
466 1887 678 1982 deputatos,
708 1910 752 1959 ac
784 1899 994 1959 ceterorum
1023 1883 1252 1958 familiarium
1289 1883 1580 1981 apostolicorum
1618 1886 1731 1958 conti-

232 2037 390 2088 nuorum
418 2013 453 2084 in
482 2011 626 2108 palacio
645 2010 953 2083 commorantium
981 2011 1083 2082 etin
1112 2007 1329 2083 cancellaria
1357 2009 1564 2106 apostolica
1592 2008 1733 2083 descri-

231 2153 382 2234 ptorum
411 2160 477 2208 seu
506 2134 836 2208 describendorum
866 2157 1021 2206 numero
1049 2150 1296 2230 aggregatos.

313 2262 363 2336 Et
391 2258 644 2333 nichilominus
663 2259 712 2332 ad
731 2282 879 2332 omnem
899 2258 1156 2356 ambiguitatis
1184 2259 1398 2353 scrupulum
1418 2257 1731 2332 summovendum

231 2383 314 2459 illos
342 2385 378 2457 in
404 2382 635 2480 apostolicos
662 2407 773 2456 veros
803 2382 1002 2456 familiares
1021 2382 1249 2456 domesticos
1268 2398 1307 2456 et
1325 2383 1522 2456 continuos
1541 2407 1732 2456 commen-

189 2509 191 2512 ’
233 2510 332 2583 sales
359 2534 429 2605 per
465 2491 661 2605 presentes
698 2507 908 2603 recipimus,
939 2507 1166 2605 deputamus
1193 2532 1237 2581 ac
1264 2507 1508 2582 inscribimus.
1548 2505 1731 2582 Volentes

232 2636 327 2708 hanc
355 2651 483 2708 nostre
508 2632 768 2728 descriptionis
793 2634 829 2704 in
866 2631 967 2705 libris
996 2630 1213 2705 cancellarie
1241 2631 1470 2706 familiarium
1498 2633 1731 2728 presentium

230 2775 295 2832 aut
323 2783 585 2832 successorum
613 2772 828 2831 nostrorum
855 2757 974 2830 vicem
994 2773 1179 2854 perpetuo
1197 2757 1378 2843 obtinere,
1396 2757 1447 2830 ita
1466 2774 1508 2830 ut
1526 2782 1731 2854 numquam
1756 2817 1761 2830 .

231 2886 286 2958 eis
314 2882 523 2958 fictionibus
551 2897 589 2956 et
616 2880 756 2955 fraudis
784 2906 828 2954 ac
856 2879 941 2956 ficte
969 2899 1008 2956 et
1040 2906 1114 2955 non
1151 2907 1241 2956 vere
1269 2881 1523 2956 familiaritatis
1557 2885 1731 2978 exceptio

234 3008 354 3104 possit
382 3009 533 3104 opponi.

312 3132 571 3206 Decernentes
601 3155 752 3228 quoque
783 3156 827 3204 ac
846 3131 1091 3217 declarantes
1113 3132 1286 3206 omnibus
1311 3131 1570 3228 prerogativis,
1592 3129 1732 3204 antela-

232 3259 403 3344 tionibuS,
433 3256 728 3353 exceptionibus,
751 3255 963 3354 privilegiis,
985 3255 1149 3346 indultis,
1178 3257 1481 3330 concessionibus
1504 3273 1543 3330 et
1562 3254 1732 3329 declara-

232 3383 409 3470 cionibus,
456 3381 633 3478 predictis
682 3381 922 3455 familiaribus
969 3383 1107 3456 nostris
1154 3381 1349 3477 descriptis
1381 3397 1447 3455 aut
1474 3371 1731 3455 describendis

232 3508 421 3581 concessis
440 3507 561 3579 autin
581 3521 773 3601 posterum
795 3505 1056 3590 concedendis,
1076 3506 1242 3602 prefatos
1261 3506 1467 3580 Auditores
1486 3507 1555 3580 frui
1574 3521 1614 3579 et
1636 3531 1731 3604 gau-

232 3634 323 3706 dere
351 3657 478 3729 posse,
508 3631 724 3728 quinymmo
752 3630 834 3704 illos
862 3630 899 3703 in
928 3630 1078 3728 regulis,
1099 3656 1169 3726 pro
1188 3629 1296 3705 dietis
1315 3629 1554 3705 familiaribus
1572 3630 1732 3705 edendis

231 3773 271 3831 et
297 3757 334 3828 in
360 3755 564 3854 privilegiis
596 3756 687 3851 ipsis
714 3754 952 3828 familiaribus
981 3756 1168 3830 concessis
1195 3771 1261 3828 aut
1280 3755 1539 3856 concedendis,
1569 3755 1730 3852 appella·

232 3885 332 3955 tione
361 3905 535 3954 verorum
563 3879 794 3954 familiarium
822 3881 1081 3955 continuorum
1101 3880 1403 3955 commensalium
1423 3881 1558 3953 includi
1577 3898 1616 3953 et
1634 3905 1731 3955 com-

232 4005 414 4104 prehendi
442 4005 591 4088 debere,
622 4021 815 4100 tamquam
845 4007 876 4078 si
904 4005 951 4079 de
978 4005 1070 4101 ipsis
1094 4005 1310 4079 nominatim
1340 4006 1484 4079 mencio
1502 4005 1609 4080 fieret
1637 4030 1731 4101 qua-

232 4156 393 4227 cumque
420 4132 633 4203 exclusione
661 4146 701 4203 et
732 4131 953 4225 exceptione
980 4147 1046 4204 aut
1064 4128 1313 4204 declaratione
1340 4129 1465 4204 forsan
1490 4129 1624 4216 fienda,
1646 4157 1730 4204 cum

232 4281 307 4329 non
336 4269 613 4329 commorantes
641 4255 677 4326 in
708 4254 853 4350 palacio
882 4254 989 4351 quasi
1018 4253 1215 4328 familiares
1244 4279 1318 4328 non
1347 4271 1580 4340 censeantur,
1606 4281 1629 4328 a
1657 4280 1734 4350 qua

230 4381 453 4476 exceptione
489 4395 555 4452 aut
581 4379 834 4453 declaratione
862 4380 931 4475 ipsi
961 4379 1178 4466 auditores,
1208 4396 1400 4475 tamquam
1429 4382 1506 4452 veri
1533 4379 1732 4454 familiares

230 4507 447 4589 existentes,
479 4529 629 4600 semper
656 4504 730 4576 sint
756 4529 800 4577 ac
828 4504 1083 4602 intelligantur
1111 4505 1268 4600 excepti.

312 4629 468 4726 Insuper
496 4646 538 4701 ut
564 4628 652 4702 dicti
681 4630 886 4703 Auditores
913 4654 958 4703 ac
985 4655 1116 4703 eorum
1148 4629 1406 4704 locatenentes
1439 4631 1502 4725 qui
1540 4631 1656 4703 nostri
1691 4646 1732 4702 et

231 4753 328 4827 dicte
357 4753 458 4828 sedis
487 4753 565 4826 veri
593 4753 801 4840 familiares,
827 4778 871 4826 ac
891 4753 1086 4826 domestici
1114 4753 1278 4828 continui
1305 4755 1575 4828 commensales
1595 4769 1634 4827 et
1652 4755 1731 4826 veri

231 4879 407 4965 existunt,
447 4905 493 4953 eo
535 4878 656 4976 magis
698 4904 769 4975 pro
810 4878 1076 4952 conservandis
1117 4879 1260 4952 iusticie
1301 4879 1496 4977 gressibus
1537 4878 1733 4954 elaborent

230 5030 353 5101 eoque
381 5004 558 5078 libencius
587 5029 784 5077 causarum
805 5027 899 5099 quas
927 5028 1052 5078 coram
1082 5004 1172 5100 ipsis
1191 5005 1288 5076 inter
1309 5004 1478 5077 diversas
1498 5021 1626 5100 partes
1646 5029 1731 5078 ven-

230 5129 326 5203 tilari
354 5129 553 5226 contigerit
580 5129 830 5203 decisionibus
857 5154 990 5202 vacare
1010 5129 1159 5225 possint
1177 5145 1216 5202 et
1237 5144 1381 5217 vacent,
1404 5155 1480 5225 quo
1500 5130 1733 5203 uberioribus

230 5254 418 5328 favoribus
445 5269 485 5326 et
511 5253 641 5352 gratiis
670 5279 739 5350 per
766 5277 835 5326 nos
854 5269 893 5327 et
920 5253 1056 5362 dictam
1086 5255 1216 5326 sedem
1235 5278 1365 5327 eorum
1394 5278 1576 5350 personas
1604 5279 1734 5350 prose·

230 5379 295 5476 qui
323 5380 586 5475 conspexerint
613 5395 654 5451 et
680 5404 703 5451 a
730 5377 848 5450 litium
878 5379 1014 5475 quibus
1045 5377 1137 5453 alias
1174 5378 1422 5452 verisimiliter
1456 5379 1732 5475 implicarentur
