3686 5916
711 323 879 382 Clemente
897 321 988 383 XIII
1540 323 1596 382 565

99 515 243 588 <etin
272 516 359 612 ogni
388 540 479 589 caso
506 514 713 588 dichiarare
742 515 810 588 che
838 514 872 588 la
901 531 1217 613 contemporanea
1246 515 1487 588 ammissione
1525 539 1599 590 non

99 640 246 738 <tolga
273 641 306 714 al
336 640 456 736 primo
485 639 679 736 provvisto
707 639 744 712 la
771 640 1004 736 precedenza
1032 640 1093 715 del
1123 639 1307 714 Possesso
1330 640 1399 714 che
1423 664 1492 735 per
1510 641 1599 739 ogni

97 765 296 862 «ragione
323 763 375 863 gli
404 780 576 861 compete
580 821 1122 840 .........
1178 753 1189 841 ⁴.
1249 821 1597 841 ......

255 1049 357 1134 Illriri,
388 1075 410 1123 e
440 1051 524 1122 Rriii
553 1049 713 1148 Signori,

177 1193 227 1266 Di
255 1195 354 1268 buon
382 1193 507 1267 animo
536 1173 700 1290 Monsig'.
732 1192 929 1268 Riminaldi
958 1195 988 1268 si
1018 1195 1177 1270 sarebbe
1205 1194 1423 1291 dispensato
1452 1193 1599 1301 dall'as-

91 1341 246 1390 sumere
274 1317 474 1413 questione
503 1316 637 1391 alcuna
654 1318 692 1390 di
711 1319 973 1414 preeminenza
991 1341 1062 1392 con
1082 1317 1244 1416 Monsig.
1267 1317 1372 1391 111ῶο
1389 1343 1411 1391 e
1431 1319 1529 1392 Rriio
1549 1319 1597 1391 de

88 1441 242 1528 Zelada,
275 1442 422 1515 Prelato
452 1441 636 1516 d'infinito
665 1443 811 1530 merito,
841 1470 863 1516 e
892 1468 961 1517 suo
990 1443 1221 1540 deguissimo
1250 1441 1419 1540 Collega,
1452 1469 1493 1518 se
1523 1467 1596 1516 non

90 1566 122 1638 si
153 1582 325 1640 trovasse
354 1593 376 1640 a
410 1566 466 1639 cio
499 1567 693 1666 obbligato
729 1593 803 1640 non
832 1583 939 1644 tanto
970 1566 1069 1641 dalla
1098 1568 1211 1641 rarita
1248 1565 1308 1642 del
1344 1593 1433 1642 caso
1466 1567 1597 1642 affatto

89 1716 219 1766 nuovo
247 1718 268 1765 e
296 1694 369 1766 mai
397 1719 464 1788 per
492 1708 634 1790 quanto
662 1695 824 1789 sappiasi
864 1695 990 1769 deciso
1025 1693 1086 1767 dal
1125 1693 1163 1769 S.
1199 1692 1402 1767 Tribunale
1438 1693 1474 1767 in
1503 1693 1596 1766 tanti

90 1816 208 1890 secoli
235 1818 304 1891 che
332 1834 454 1903 conta,
476 1819 575 1892 onde
604 1819 672 1890 che
699 1817 795 1891 deve
815 1818 892 1892 iare
912 1834 1014 1892 stato
1033 1844 1103 1915 per
1120 1818 1156 1892 le
1185 1820 1308 1892 future
1328 1819 1594 1903 controversie,

90 1957 237 2038 quanto
265 1968 287 2016 e
315 1942 432 2016 molto
460 1942 522 2039 piu
552 1942 938 2040 dall'indispensabile
976 1944 1117 2018 dovere
1145 1941 1280 2041 ch'egli
1316 1943 1488 2040 professa
1524 1941 1597 2016 alla

90 2067 214 2140 carica
241 2067 277 2141 di
306 2065 472 2142 Votante
501 2067 537 2140 di
567 2066 781 2165 Segnatura
810 2069 847 2141 di
876 2068 1012 2143 Grazia
1040 2071 1089 2142 da
1116 2069 1167 2142 lui
1199 2085 1385 2164 occupato
1413 2066 1488 2141 fino
1523 2066 1596 2140 alla

91 2215 160 2264 sua
191 2192 431 2288 promozione
458 2191 726 2266 all'Uditorato
755 2194 792 2266 di
820 2194 920 2267 Rota
981 2251 1591 2269 ..........

803 2513 893 2592 456.

95 2655 271 2746 Quaestio
298 2631 576 2755 praecedentiae
612 2656 870 2731 Riminolelnm
908 2657 1005 2730 inter
1040 2666 1076 2732 et
1102 2656 1281 2731 Zeladam
1321 2656 1432 2732 lenias
1456 2657 1595 2753 favone

174 2780 382 2857 resolvitur.

174 2936 287 3006 (Auen.
307 2935 393 3011 Ror,
418 2935 544 2996 «Liber
562 2936 596 2996 S.
615 2937 719 2996 Rotae
737 2938 801 3008 2»,
816 2943 895 3012 pag.
914 2938 1003 3010 477).

389 3121 462 3194 Die
497 3145 554 3212 19·
585 3095 820 3196 Novembris
841 3122 1009 3196 eiusdem
1039 3121 1126 3195 anni
1156 3122 1246 3221 (175
1279 3122 1305 3218 ).

93 3278 191 3353 Cum
223 3281 272 3355 ad
308 3281 404 3355 hanc
438 3283 576 3356 Rotam
610 3283 767 3357 remissa
803 3283 936 3356 fuisset
972 3282 1138 3356 definitio
1175 3282 1463 3378 praecedentiae
1497 3282 1594 3357 inter

175 3404 272 3481 duos
292 3406 433 3482 electos
449 3409 572 3481 Rotae
587 3408 806 3495 AuditoreS,
827 3409 873 3482 R.
898 3407 936 3481 P.
958 3408 1006 3483 D.
1028 3406 1215 3494 Zeladam,
1236 3423 1276 3482 et
1295 3408 1339 3483 R.
1359 3409 1396 3482 P.
1415 3407 1464 3483 D.
1481 3407 1595 3481 Rimi-

174 3529 337 3620 naldum,
354 3533 527 3607 omnibus
542 3532 739 3628 exquisitis
754 3531 952 3630 suffragiis,
970 3557 1014 3607 ea
1030 3530 1242 3606 adiudicata
1256 3531 1325 3605 suit
1343 3532 1389 3604 R.
1408 3531 1446 3606 P.
1465 3531 1515 3606 D.
1531 3531 1595 3604 Ze

172 3655 269 3740 lada,
290 3658 432 3754 quippe
452 3657 515 3752 qui
535 3655 699 3731 Litteras
727 3639 894 3753 ApR-cas,
926 3683 992 3731 seu
1021 3673 1165 3732 motum
1193 3659 1387 3755 proprium
1407 3681 1476 3753 per
1495 3657 1594 3730 diem

173 3797 261 3855 ante
285 3782 502 3878 expeditum
531 3783 762 3867 exhibuerat,
783 3784 958 3879 adeoque
986 3807 1033 3857 ex
1061 3784 1217 3881 vulgato
1249 3783 1457 3856 axiomate:
1480 3783 1594 3879 prior

172 3907 213 3978 in
241 3915 398 4006 tempore
421 3909 610 4006 patierin
637 3909 731 3996 inre,
761 3909 864 3982 visus
893 3925 954 3982 est
981 3909 1251 4006 praeferendus

701 4279 706 4291 ·
797 4239 888 4320 457.

95 4380 296 4455 Andriores
322 4383 450 4468 Rotae,
481 4382 613 4456 ntenelo
640 4383 808 4470 arbitria,
837 4382 908 4456 sni
922 4383 968 4457 ab
991 4382 1166 4458 Clemente
1190 4383 1307 4456 XIII
1318 4383 1451 4456 trz'bnto
1470 4383 1593 4456 Motu-

168 4507 325 4604 poprie
351 4507 446 4582 edito
480 4507 554 4582 kal.
585 4507 736 4581 octobris
769 4507 865 4581 anni
888 4529 985 4606 1759
1023 4509 1140 4608 (cetius
1176 4517 1279 4582 tenor
1315 4507 1407 4580 iacet
1432 4507 1593 4601 inferens

172 4631 237 4704 snb
266 4655 300 4708 n.
332 4638 426 4728 467)
453 4642 489 4706 et
514 4634 633 4707 Rotae
659 4633 822 4730 antiquis
858 4632 1173 4707 consecetndinibns
1208 4632 1442 4718 inhaerendo,
1473 4633 1599 4730 quoad

54 4802 62 4844 .
173 4765 293 4830 votnm
321 4757 497 4830 ponente
523 4765 693 4831 statuant
717 4757 818 4854 qnod
850 4757 922 4830 ‹in
942 4758 1066 4833 causis
1084 4757 1255 4831 videndis
1274 4758 1323 4830 ab
1341 4758 1515 4831 omnibus
1533 4756 1594 4830 vel

180 4881 349 4979 «vigore
377 4881 649 4956 commissionis
679 4882 851 4980 signatae
879 4906 992 4956 mauu
1021 4881 1131 4970 Semi,
1153 4882 1212 4955 vel
1239 4906 1287 4955 ex
1308 4883 1470 4955 Partium
1490 4907 1593 4956 com·

180 5007 417 5101 <promisso
447 5005 506 5080 vel
535 5032 582 5080 ex
611 5007 794 5102 rescripto
824 5006 907 5081 Sac.
937 5006 1161 5093 Tribunalis,
1183 5007 1242 5080 vel
1262 5006 1414 5081 demum
1436 5031 1484 5080 ex
1502 5022 1593 5080 voto

181 5131 254 5203 <in
289 5129 370 5204 aliis
405 5130 667 5206 Tribunalibus
704 5133 783 5204 sive
821 5131 1190 5230 Congregationibus
1219 5133 1410 5227 requisito,
1443 5132 1592 5206 Causae

181 5255 367 5328 ‹Ponens
395 5257 432 5329 in
460 5256 609 5351 aequali
636 5258 834 5330 dumtaxat
863 5257 1147 5356 suffragantium
1169 5281 1327 5331 numero
1346 5274 1476 5332 votum
1495 5257 1594 5332 serre

181 5409 199 5452 ‹
219 5381 368 5469 debeat,
399 5406 472 5455 non
501 5398 628 5457 autem
657 5383 692 5456 in
713 5408 869 5457 numero
889 5383 1040 5482 dispari,
1058 5409 1104 5458 ne
1124 5382 1287 5480 alioquin
1306 5383 1448 5480 paritas
1467 5382 1594 5458 suffra-
