<?xml version="1.0" encoding="UTF-8"?>
<!DOCTYPE html PUBLIC "-//W3C//DTD XHTML 1.0 Transitional//EN"
    "http://www.w3.org/TR/xhtml1/DTD/xhtml1-transitional.dtd">
<html xmlns="http://www.w3.org/1999/xhtml" xml:lang="en" lang="en">
 <head>
  <title>
</title>
<meta http-equiv="Content-Type" content="text/html;charset=utf-8" />
  <meta name='ocr-system' content='tesseract 3.04.00' />
  <meta name='ocr-capabilities' content='ocr_page ocr_carea ocr_par ocr_line ocrx_word'/>
</head>
<body>
  <div class='ocr_page' id='page_1' title='image "./capellanipapaee00cercgoog_0458.png"; bbox 0 0 3720 5916; ppageno 0'>
   <div class='ocr_carea' id='block_1_1' title="bbox 188 251 1159 358">
    <p class='ocr_par' dir='ltr' id='par_1_1' title="bbox 188 251 1159 358">
     <span class='ocr_line' id='line_1_1' title="bbox 188 251 1159 358; baseline 0.002 -2"><span class='ocrx_word' id='word_1_1' title='bbox 188 251 192 260; x_wconf 88' lang='lat'><em>·</em></span> <span class='ocrx_word' id='word_1_2' title='bbox 266 299 321 357; x_wconf 72' lang='lat'>111</span> <span class='ocrx_word' id='word_1_3' title='bbox 897 299 1034 358; x_wconf 83' lang='lat' dir='ltr'>Saeculo</span> <span class='ocrx_word' id='word_1_4' title='bbox 1053 297 1159 358; x_wconf 86' lang='lat' dir='ltr'><em>XVII</em></span> 
     </span>
    </p>
   </div>
   <div class='ocr_carea' id='block_1_2' title="bbox 262 490 1831 818">
    <p class='ocr_par' dir='ltr' id='par_1_2' title="bbox 262 443 1831 818">
     <span class='ocr_line' id='line_1_2' title="bbox 262 490 1744 591; baseline 0 -30"><span class='ocrx_word' id='word_1_5' title='bbox 262 505 410 563; x_wconf 87' lang='lat' dir='ltr'>toratus</span> <span class='ocrx_word' id='word_1_6' title='bbox 438 515 506 586; x_wconf 89' lang='lat' dir='ltr'>per</span> <span class='ocrx_word' id='word_1_7' title='bbox 535 505 695 565; x_wconf 90' lang='lat' dir='ltr'>mortem</span> <span class='ocrx_word' id='word_1_8' title='bbox 729 490 789 564; x_wconf 89' lang='lat' dir='ltr'>vel</span> <span class='ocrx_word' id='word_1_9' title='bbox 818 492 1105 588; x_wconf 83' lang='lat' dir='ltr'>promotionem,</span> <span class='ocrx_word' id='word_1_10' title='bbox 1136 493 1205 568; x_wconf 90' lang='lat' dir='ltr'>sed</span> <span class='ocrx_word' id='word_1_11' title='bbox 1239 492 1277 564; x_wconf 90' lang='lat' dir='ltr'>in</span> <span class='ocrx_word' id='word_1_12' title='bbox 1314 493 1432 568; x_wconf 82' lang='lat' dir='ltr'>forma</span> <span class='ocrx_word' id='word_1_13' title='bbox 1468 493 1744 591; x_wconf 83' lang='lat' dir='ltr'>Resignationis,</span> 
     </span>
     <span class='ocr_line' id='line_1_3' title="bbox 262 614 1831 713; baseline -0.002 -25"><span class='ocrx_word' id='word_1_14' title='bbox 262 630 375 710; x_wconf 91' lang='lat' dir='ltr'>prout</span> <span class='ocrx_word' id='word_1_15' title='bbox 416 615 590 703; x_wconf 83' lang='lat' dir='ltr'>debebat,</span> <span class='ocrx_word' id='word_1_16' title='bbox 631 616 719 688; x_wconf 90' lang='lat' dir='ltr'>dum</span> <span class='ocrx_word' id='word_1_17' title='bbox 757 614 871 690; x_wconf 88' lang='lat' dir='ltr'>fiebat</span> <span class='ocrx_word' id='word_1_18' title='bbox 907 617 957 690; x_wconf 88' lang='lat' dir='ltr'>ad</span> <span class='ocrx_word' id='word_1_19' title='bbox 994 639 1117 691; x_wconf 86' lang='lat' dir='ltr'>meam</span> <span class='ocrx_word' id='word_1_20' title='bbox 1158 633 1198 692; x_wconf 87' lang='lat' dir='ltr'>et</span> <span class='ocrx_word' id='word_1_21' title='bbox 1236 617 1422 692; x_wconf 86' lang='lat' dir='ltr'>Avunculi</span> <span class='ocrx_word' id='word_1_22' title='bbox 1460 617 1533 692; x_wconf 88' lang='lat' dir='ltr'>mei</span> <span class='ocrx_word' id='word_1_23' title='bbox 1573 617 1745 713; x_wconf 86' lang='lat' dir='ltr'>supplica·</span> <span class='ocrx_word' id='word_1_24' title='bbox 1830 639 1831 660; x_wconf 60' lang='lat'>1</span> 
     </span>
     <span class='ocr_line' id='line_1_4' title="bbox 263 753 415 818; baseline 0.013 -9"><span class='ocrx_word' id='word_1_25' title='bbox 263 753 415 818; x_wconf 81' lang='lat' dir='ltr'>nonem,</span> 
     </span>
    </p>
   </div>
   <div class='ocr_carea' id='block_1_3' title="bbox 972 935 1062 1014">
    <p class='ocr_par' dir='ltr' id='par_1_3' title="bbox 972 935 1062 1014">
     <span class='ocr_line' id='line_1_5' title="bbox 972 935 1062 1014; baseline 0.011 -1"><span class='ocrx_word' id='word_1_26' title='bbox 972 935 1062 1014; x_wconf 78' lang='lat'>312.</span> 
     </span>
    </p>
   </div>
   <div class='ocr_carea' id='block_1_4' title="bbox 262 1075 1831 1290">
    <p class='ocr_par' dir='ltr' id='par_1_4' title="bbox 262 1075 1831 1290">
     <span class='ocr_line' id='line_1_6' title="bbox 262 1075 1831 1180; baseline 0.002 -32"><span class='ocrx_word' id='word_1_27' title='bbox 262 1075 400 1152; x_wconf 70' lang='lat' dir='ltr'>Electae</span> <span class='ocrx_word' id='word_1_28' title='bbox 429 1077 618 1152; x_wconf 84' lang='lat' dir='ltr'>Clementis</span> <span class='ocrx_word' id='word_1_29' title='bbox 646 1080 692 1154; x_wconf 89' lang='lat' dir='ltr'><em>X</em></span> <span class='ocrx_word' id='word_1_30' title='bbox 715 1079 782 1178; x_wconf 85' lang='lat' dir='ltr'>qui</span> <span class='ocrx_word' id='word_1_31' title='bbox 812 1075 852 1152; x_wconf 83' lang='lat' dir='ltr'>iu</span> <span class='ocrx_word' id='word_1_32' title='bbox 886 1105 994 1154; x_wconf 88' lang='lat' dir='ltr'>suum</span> <span class='ocrx_word' id='word_1_33' title='bbox 1015 1081 1252 1176; x_wconf 83' lang='lat' dir='ltr'><em>familiarem</em></span> <span class='ocrx_word' id='word_1_34' title='bbox 1287 1083 1488 1180; x_wconf 78' lang='lat' dir='ltr'><em>assumpsit</em></span> <span class='ocrx_word' id='word_1_35' title='bbox 1523 1079 1745 1154; x_wconf 78' lang='lat' dir='ltr'>Cardiualem</span> <span class='ocrx_word' id='word_1_36' title='bbox 1830 1119 1831 1176; x_wconf 73' lang='lat'>3</span> 
     </span>
     <span class='ocr_line' id='line_1_7' title="bbox 343 1202 1831 1290; baseline 0.007 -16"><span class='ocrx_word' id='word_1_37' title='bbox 343 1202 573 1290; x_wconf 85' lang='lat' dir='ltr'>Paulatium,</span> <span class='ocrx_word' id='word_1_38' title='bbox 603 1204 689 1277; x_wconf 90' lang='lat' dir='ltr'>olim</span> <span class='ocrx_word' id='word_1_39' title='bbox 717 1206 834 1280; x_wconf 84' lang='lat' dir='ltr'>Rotae</span> <span class='ocrx_word' id='word_1_40' title='bbox 862 1204 1093 1281; x_wconf 79' lang='lat' dir='ltr'>Aude‘torem.</span> <span class='ocrx_word' id='word_1_41' title='bbox 1830 1209 1831 1246; x_wconf 70' lang='lat'>³</span> 
     </span>
    </p>
   </div>
   <div class='ocr_carea' id='block_1_5' title="bbox 341 1357 1113 1434">
    <p class='ocr_par' dir='ltr' id='par_1_5' title="bbox 341 1357 1113 1434">
     <span class='ocr_line' id='line_1_8' title="bbox 341 1357 1113 1434; baseline 0.004 -17"><span class='ocrx_word' id='word_1_42' title='bbox 341 1359 456 1431; x_wconf 84' lang='lat' dir='ltr'>(Ancn.</span> <span class='ocrx_word' id='word_1_43' title='bbox 475 1357 562 1426; x_wconf 72' lang='lat' dir='ltr'>Rom,</span> <span class='ocrx_word' id='word_1_44' title='bbox 587 1357 778 1418; x_wconf 84' lang='lat' dir='ltr'>‹Diartum</span> <span class='ocrx_word' id='word_1_45' title='bbox 797 1358 907 1418; x_wconf 82' lang='lat' dir='ltr'>larabi</span> <span class='ocrx_word' id='word_1_46' title='bbox 924 1359 1064 1419; x_wconf 84' lang='lat' dir='ltr'>Emerix</span> <span class='ocrx_word' id='word_1_47' title='bbox 1076 1363 1113 1434; x_wconf 88' lang='lat'>›).</span> 
     </span>
    </p>
   </div>
   <div class='ocr_carea' id='block_1_6' title="bbox 262 1544 1831 1970">
    <p class='ocr_par' dir='ltr' id='par_1_6' title="bbox 262 1544 1831 1970">
     <span class='ocr_line' id='line_1_9' title="bbox 692 1544 1320 1642; baseline 0.003 -26"><span class='ocrx_word' id='word_1_48' title='bbox 692 1545 764 1616; x_wconf 89' lang='lat' dir='ltr'>Die</span> <span class='ocrx_word' id='word_1_49' title='bbox 794 1544 928 1618; x_wconf 87' lang='lat' dir='ltr'>Martis</span> <span class='ocrx_word' id='word_1_50' title='bbox 958 1567 1006 1634; x_wconf 90' lang='lat'>29</span> <span class='ocrx_word' id='word_1_51' title='bbox 1036 1544 1177 1642; x_wconf 87' lang='lat' dir='ltr'>Aprilis</span> <span class='ocrx_word' id='word_1_52' title='bbox 1212 1550 1320 1638; x_wconf 88' lang='lat'>1670.</span> 
     </span>
     <span class='ocr_line' id='line_1_10' title="bbox 344 1685 1747 1785; baseline -0.004 -23"><span class='ocrx_word' id='word_1_53' title='bbox 344 1693 404 1782; x_wconf 87' lang='lat'>58.</span> <span class='ocrx_word' id='word_1_54' title='bbox 436 1685 520 1762; x_wconf 90' lang='lat' dir='ltr'>Hac</span> <span class='ocrx_word' id='word_1_55' title='bbox 548 1686 607 1761; x_wconf 90' lang='lat' dir='ltr'>die</span> <span class='ocrx_word' id='word_1_56' title='bbox 635 1702 724 1784; x_wconf 91' lang='lat' dir='ltr'>post</span> <span class='ocrx_word' id='word_1_57' title='bbox 742 1687 940 1785; x_wconf 89' lang='lat' dir='ltr'>prandium</span> <span class='ocrx_word' id='word_1_58' title='bbox 958 1688 1026 1762; x_wconf 86' lang='lat' dir='ltr'>luit</span> <span class='ocrx_word' id='word_1_59' title='bbox 1044 1703 1261 1784; x_wconf 87' lang='lat' dir='ltr'>assumptus</span> <span class='ocrx_word' id='word_1_60' title='bbox 1280 1687 1328 1760; x_wconf 91' lang='lat' dir='ltr'>ad</span> <span class='ocrx_word' id='word_1_61' title='bbox 1347 1687 1542 1763; x_wconf 89' lang='lat' dir='ltr'>Summum</span> <span class='ocrx_word' id='word_1_62' title='bbox 1563 1686 1747 1763; x_wconf 87' lang='lat' dir='ltr'>Pontifica-</span> 
     </span>
     <span class='ocr_line' id='line_1_11' title="bbox 262 1811 1831 1970; baseline -0.003 -83"><span class='ocrx_word' id='word_1_63' title='bbox 262 1831 342 1888; x_wconf 91' lang='lat' dir='ltr'>tum</span> <span class='ocrx_word' id='word_1_64' title='bbox 371 1813 489 1886; x_wconf 75' lang='lat' dir='ltr'>Emus</span> <span class='ocrx_word' id='word_1_65' title='bbox 516 1837 559 1886; x_wconf 87' lang='lat' dir='ltr'>ac</span> <span class='ocrx_word' id='word_1_66' title='bbox 589 1813 708 1884; x_wconf 79' lang='lat' dir='ltr'>Rmus</span> <span class='ocrx_word' id='word_1_67' title='bbox 738 1811 787 1887; x_wconf 88' lang='lat' dir='ltr'>D.</span> <span class='ocrx_word' id='word_1_68' title='bbox 818 1811 1030 1888; x_wconf 86' lang='lat' dir='ltr'>Cardinalis</span> <span class='ocrx_word' id='word_1_69' title='bbox 1050 1812 1217 1886; x_wconf 80' lang='lat' dir='ltr'>Alterius</span> <span class='ocrx_word' id='word_1_70' title='bbox 1235 1813 1299 1909; x_wconf 93' lang='lat' dir='ltr'>qui</span> <span class='ocrx_word' id='word_1_71' title='bbox 1319 1813 1497 1908; x_wconf 89' lang='lat' dir='ltr'>imposuit</span> <span class='ocrx_word' id='word_1_72' title='bbox 1525 1815 1594 1888; x_wconf 90' lang='lat' dir='ltr'>sibi</span> <span class='ocrx_word' id='word_1_73' title='bbox 1622 1831 1746 1886; x_wconf 89' lang='lat' dir='ltr'>nomen</span> <span class='ocrx_word' id='word_1_74' title='bbox 1830 1917 1831 1970; x_wconf 81' lang='lat'>1</span> 
     </span>
    </p>
   </div>
   <div class='ocr_carea' id='block_1_7' title="bbox 263 1936 1831 2158">
    <p class='ocr_par' dir='ltr' id='par_1_7' title="bbox 263 1936 1831 2158">
     <span class='ocr_line' id='line_1_12' title="bbox 263 1936 1831 2034; baseline -0.001 -21"><span class='ocrx_word' id='word_1_75' title='bbox 263 1938 441 2014; x_wconf 85' lang='lat' dir='ltr'>Clemens</span> <span class='ocrx_word' id='word_1_76' title='bbox 460 1937 499 2011; x_wconf 91' lang='lat' dir='ltr'>X</span> <span class='ocrx_word' id='word_1_77' title='bbox 526 1952 566 2011; x_wconf 90' lang='lat' dir='ltr'>et</span> <span class='ocrx_word' id='word_1_78' title='bbox 593 1936 720 2011; x_wconf 87' lang='lat' dir='ltr'>statim</span> <span class='ocrx_word' id='word_1_79' title='bbox 747 1937 972 2034; x_wconf 86' lang='lat' dir='ltr'>adprobavit</span> <span class='ocrx_word' id='word_1_80' title='bbox 998 1938 1034 2011; x_wconf 93' lang='lat' dir='ltr'>in</span> <span class='ocrx_word' id='word_1_81' title='bbox 1063 1939 1144 2012; x_wconf 90' lang='lat' dir='ltr'>eius</span> <span class='ocrx_word' id='word_1_82' title='bbox 1173 1937 1365 2012; x_wconf 87' lang='lat' dir='ltr'>Familiam</span> <span class='ocrx_word' id='word_1_83' title='bbox 1397 1938 1533 2010; x_wconf 80' lang='lat' dir='ltr'>Erisum</span> <span class='ocrx_word' id='word_1_84' title='bbox 1553 1955 1592 2013; x_wconf 91' lang='lat' dir='ltr'>et</span> <span class='ocrx_word' id='word_1_85' title='bbox 1619 1939 1745 2011; x_wconf 80' lang='lat' dir='ltr'>anun</span> <span class='ocrx_word' id='word_1_86' title='bbox 1830 1977 1831 2012; x_wconf 81' lang='lat'>1</span> 
     </span>
     <span class='ocr_line' id='line_1_13' title="bbox 263 2060 1831 2158; baseline -0.003 -20"><span class='ocrx_word' id='word_1_87' title='bbox 263 2062 498 2139; x_wconf 88' lang='lat' dir='ltr'>Cardinalem</span> <span class='ocrx_word' id='word_1_88' title='bbox 528 2061 736 2136; x_wconf 88' lang='lat' dir='ltr'>Paulutium</span> <span class='ocrx_word' id='word_1_89' title='bbox 765 2060 891 2158; x_wconf 91' lang='lat' dir='ltr'>quiin</span> <span class='ocrx_word' id='word_1_90' title='bbox 923 2079 1117 2158; x_wconf 90' lang='lat' dir='ltr'>posterum</span> <span class='ocrx_word' id='word_1_91' title='bbox 1137 2063 1330 2138; x_wconf 89' lang='lat' dir='ltr'>vocabitur</span> <span class='ocrx_word' id='word_1_92' title='bbox 1350 2061 1559 2138; x_wconf 88' lang='lat' dir='ltr'>Cardinalis</span> <span class='ocrx_word' id='word_1_93' title='bbox 1578 2062 1745 2136; x_wconf 86' lang='lat' dir='ltr'>Alterius.</span> <span class='ocrx_word' id='word_1_94' title='bbox 1830 2063 1831 2066; x_wconf 70' lang='grc'>’</span> 
     </span>
    </p>
   </div>
   <div class='ocr_carea' id='block_1_8' title="bbox 969 2348 1060 2426">
    <p class='ocr_par' dir='ltr' id='par_1_8' title="bbox 969 2348 1060 2426">
     <span class='ocr_line' id='line_1_14' title="bbox 969 2348 1060 2426; baseline 0.011 -1"><span class='ocrx_word' id='word_1_95' title='bbox 969 2348 1060 2426; x_wconf 86' lang='grc'><strong>313.</strong></span> 
     </span>
    </p>
   </div>
   <div class='ocr_carea' id='block_1_9' title="bbox 265 2491 1751 2592">
    <p class='ocr_par' dir='ltr' id='par_1_9' title="bbox 265 2443 1831 2632">
     <span class='ocr_line' id='line_1_15' title="bbox 265 2491 1751 2592; baseline -0.004 -27"><span class='ocrx_word' id='word_1_96' title='bbox 265 2491 396 2565; x_wconf 87' lang='lat' dir='ltr'>Oratio</span> <span class='ocrx_word' id='word_1_97' title='bbox 421 2493 462 2565; x_wconf 90' lang='lat' dir='ltr'>iu</span> <span class='ocrx_word' id='word_1_98' title='bbox 493 2501 674 2591; x_wconf 78' lang='lat' dir='ltr'>apertura</span> <span class='ocrx_word' id='word_1_99' title='bbox 701 2492 819 2566; x_wconf 82' lang='lat' dir='ltr'>Rotae</span> <span class='ocrx_word' id='word_1_100' title='bbox 837 2504 913 2592; x_wconf 78' lang='lat' dir='ltr'>per</span> <span class='ocrx_word' id='word_1_101' title='bbox 938 2501 1092 2567; x_wconf 85' lang='lat' dir='ltr'>turnum</span> <span class='ocrx_word' id='word_1_102' title='bbox 1127 2493 1172 2566; x_wconf 90' lang='lat' dir='ltr'>ab</span> <span class='ocrx_word' id='word_1_103' title='bbox 1208 2493 1371 2568; x_wconf 82' lang='lat' dir='ltr'>omue&#39;bus</span> <span class='ocrx_word' id='word_1_104' title='bbox 1402 2491 1647 2566; x_wconf 84' lang='lat' dir='ltr'>Auditoribus</span> <span class='ocrx_word' id='word_1_105' title='bbox 1667 2491 1751 2586; x_wconf 79' lang='lat' dir='ltr'>fieri</span> 
     </span>
    </p>
   </div>
   <div class='ocr_carea' id='block_1_10' title="bbox 340 2615 1831 2839">
    <p class='ocr_par' dir='ltr' id='par_1_10' title="bbox 324 2607 1831 2839">
     <span class='ocr_line' id='line_1_16' title="bbox 340 2615 1831 2717; baseline 0.003 -26.958"><span class='ocrx_word' id='word_1_106' title='bbox 340 2616 492 2705; x_wconf 81' lang='lat' dir='ltr'>debebat,</span> <span class='ocrx_word' id='word_1_107' title='bbox 522 2625 665 2714; x_wconf 78' lang='lat' dir='ltr'>excepto</span> <span class='ocrx_word' id='word_1_108' title='bbox 693 2625 813 2692; x_wconf 87' lang='lat' dir='ltr'>tameu</span> <span class='ocrx_word' id='word_1_109' title='bbox 831 2618 983 2692; x_wconf 86' lang='lat' dir='ltr'>Decano</span> <span class='ocrx_word' id='word_1_110' title='bbox 1003 2627 1161 2717; x_wconf 76' lang='lat' dir='ltr'>propter</span> <span class='ocrx_word' id='word_1_111' title='bbox 1187 2619 1457 2692; x_wconf 83' lang='lat' dir='ltr'>oratiaruulam</span> <span class='ocrx_word' id='word_1_112' title='bbox 1474 2615 1750 2715; x_wconf 85' lang='lat' dir='ltr'>quamfaciebat</span> <span class='ocrx_word' id='word_1_113' title='bbox 1830 2639 1831 2694; x_wconf 80' lang='lat'>1</span> 
     </span>
     <span class='ocr_line' id='line_1_17' title="bbox 341 2741 1265 2839; baseline 0.002 -26"><span class='ocrx_word' id='word_1_114' title='bbox 341 2741 381 2814; x_wconf 87' lang='lat' dir='ltr'>iu</span> <span class='ocrx_word' id='word_1_115' title='bbox 404 2741 530 2839; x_wconf 77' lang='lat' dir='ltr'>pruno</span> <span class='ocrx_word' id='word_1_116' title='bbox 556 2767 698 2815; x_wconf 86' lang='lat' dir='ltr'>accessu</span> <span class='ocrx_word' id='word_1_117' title='bbox 726 2742 843 2816; x_wconf 86' lang='lat' dir='ltr'>Rotae</span> <span class='ocrx_word' id='word_1_118' title='bbox 870 2741 926 2815; x_wconf 88' lang='lat' dir='ltr'>ad</span> <span class='ocrx_word' id='word_1_119' title='bbox 947 2765 1077 2815; x_wconf 80' lang='lat' dir='ltr'>novum</span> <span class='ocrx_word' id='word_1_120' title='bbox 1106 2741 1265 2839; x_wconf 79' lang='lat' dir='ltr'>Papam.</span> 
     </span>
    </p>
   </div>
   <div class='ocr_carea' id='block_1_11' title="bbox 344 2895 1115 2970">
    <p class='ocr_par' dir='ltr' id='par_1_11' title="bbox 344 2895 1115 2970">
     <span class='ocr_line' id='line_1_18' title="bbox 344 2895 1115 2970; baseline 0 -15"><span class='ocrx_word' id='word_1_121' title='bbox 344 2897 460 2968; x_wconf 78' lang='lat' dir='ltr'>(Auen.</span> <span class='ocrx_word' id='word_1_122' title='bbox 478 2895 566 2970; x_wconf 76' lang='lat' dir='ltr'>Rau,</span> <span class='ocrx_word' id='word_1_123' title='bbox 590 2895 780 2956; x_wconf 80' lang='lat' dir='ltr'>«Dr&#39;arium</span> <span class='ocrx_word' id='word_1_124' title='bbox 798 2895 911 2956; x_wconf 75' lang='lat' dir='ltr'>Jacoar·</span> <span class='ocrx_word' id='word_1_125' title='bbox 926 2895 1066 2956; x_wconf 80' lang='lat' dir='ltr'>Emere&#39;x</span> <span class='ocrx_word' id='word_1_126' title='bbox 1078 2897 1115 2969; x_wconf 84' lang='lat'>»).</span> 
     </span>
    </p>
   </div>
   <div class='ocr_carea' id='block_1_12' title="bbox 718 3079 1299 3173">
    <p class='ocr_par' dir='ltr' id='par_1_12' title="bbox 718 3079 1299 3173">
     <span class='ocr_line' id='line_1_19' title="bbox 718 3079 1299 3173; baseline 0 -21"><span class='ocrx_word' id='word_1_127' title='bbox 718 3079 893 3153; x_wconf 86' lang='lat' dir='ltr'>Mercurii</span> <span class='ocrx_word' id='word_1_128' title='bbox 928 3106 939 3152; x_wconf 99' lang='lat'>1</span> <span class='ocrx_word' id='word_1_129' title='bbox 976 3080 1154 3154; x_wconf 88' lang='lat' dir='ltr'>Octobris</span> <span class='ocrx_word' id='word_1_130' title='bbox 1189 3086 1299 3173; x_wconf 90' lang='lat'>1670.</span> 
     </span>
    </p>
   </div>
   <div class='ocr_carea' id='block_1_13' title="bbox 259 3221 1831 4070">
    <p class='ocr_par' dir='ltr' id='par_1_13' title="bbox 259 3221 1831 4070">
     <span class='ocr_line' id='line_1_20' title="bbox 343 3221 1747 3318; baseline -0.003 -20"><span class='ocrx_word' id='word_1_131' title='bbox 343 3231 365 3298; x_wconf 99' lang='lat'>6</span> <span class='ocrx_word' id='word_1_132' title='bbox 371 3248 404 3317; x_wconf 83' lang='lat'>3.</span> <span class='ocrx_word' id='word_1_133' title='bbox 435 3223 661 3297; x_wconf 85' lang='lat' dir='ltr'>Terminatis</span> <span class='ocrx_word' id='word_1_134' title='bbox 679 3221 780 3296; x_wconf 81' lang='lat' dir='ltr'>seriis</span> <span class='ocrx_word' id='word_1_135' title='bbox 808 3223 1049 3318; x_wconf 83' lang='lat' dir='ltr'>generalibus</span> <span class='ocrx_word' id='word_1_136' title='bbox 1069 3223 1136 3295; x_wconf 85' lang='lat' dir='ltr'>luit</span> <span class='ocrx_word' id='word_1_137' title='bbox 1163 3238 1296 3318; x_wconf 78' lang='lat' dir='ltr'>aperta</span> <span class='ocrx_word' id='word_1_138' title='bbox 1316 3223 1416 3296; x_wconf 84' lang='lat' dir='ltr'>Rota</span> <span class='ocrx_word' id='word_1_139' title='bbox 1434 3223 1470 3294; x_wconf 95' lang='lat' dir='ltr'>in</span> <span class='ocrx_word' id='word_1_140' title='bbox 1496 3221 1637 3299; x_wconf 90' lang='lat' dir='ltr'>Palatio</span> <span class='ocrx_word' id='word_1_141' title='bbox 1655 3222 1747 3296; x_wconf 90' lang='lat' dir='ltr'>Vati·</span> 
     </span>
     <span class='ocr_line' id='line_1_21' title="bbox 262 3344 1831 3444; baseline 0.003 -22"><span class='ocrx_word' id='word_1_142' title='bbox 262 3373 356 3424; x_wconf 91' lang='lat' dir='ltr'>cano</span> <span class='ocrx_word' id='word_1_143' title='bbox 384 3366 423 3422; x_wconf 91' lang='lat' dir='ltr'>et</span> <span class='ocrx_word' id='word_1_144' title='bbox 451 3348 617 3444; x_wconf 87' lang='lat' dir='ltr'>equitavi</span> <span class='ocrx_word' id='word_1_145' title='bbox 645 3344 754 3420; x_wconf 92' lang='lat' dir='ltr'>simul</span> <span class='ocrx_word' id='word_1_146' title='bbox 783 3371 866 3419; x_wconf 91' lang='lat' dir='ltr'>cum</span> <span class='ocrx_word' id='word_1_147' title='bbox 906 3348 949 3422; x_wconf 91' lang='lat' dir='ltr'>R.</span> <span class='ocrx_word' id='word_1_148' title='bbox 996 3348 1033 3422; x_wconf 90' lang='lat' dir='ltr'>P.</span> <span class='ocrx_word' id='word_1_149' title='bbox 1074 3346 1122 3422; x_wconf 92' lang='lat' dir='ltr'>D.</span> <span class='ocrx_word' id='word_1_150' title='bbox 1163 3371 1248 3421; x_wconf 90' lang='lat' dir='ltr'>meo</span> <span class='ocrx_word' id='word_1_151' title='bbox 1277 3345 1516 3433; x_wconf 87' lang='lat' dir='ltr'>Vicecomite,</span> <span class='ocrx_word' id='word_1_152' title='bbox 1550 3349 1748 3444; x_wconf 87' lang='lat' dir='ltr'>auditoque</span> <span class='ocrx_word' id='word_1_153' title='bbox 1830 3423 1831 3426; x_wconf 74' lang='grc'>,</span> 
     </span>
     <span class='ocr_line' id='line_1_22' title="bbox 262 3471 1747 3570; baseline -0.004 -20"><span class='ocrx_word' id='word_1_154' title='bbox 262 3478 379 3550; x_wconf 87' lang='lat' dir='ltr'>Sacro</span> <span class='ocrx_word' id='word_1_155' title='bbox 406 3489 446 3547; x_wconf 90' lang='lat' dir='ltr'>et</span> <span class='ocrx_word' id='word_1_156' title='bbox 473 3473 579 3547; x_wconf 90' lang='lat' dir='ltr'>lectis</span> <span class='ocrx_word' id='word_1_157' title='bbox 608 3471 726 3546; x_wconf 89' lang='lat' dir='ltr'>solitis</span> <span class='ocrx_word' id='word_1_158' title='bbox 755 3471 1096 3548; x_wconf 88' lang='lat' dir='ltr'>Constitutionibus</span> <span class='ocrx_word' id='word_1_159' title='bbox 1124 3471 1365 3570; x_wconf 86' lang='lat' dir='ltr'>Apostolicis,</span> <span class='ocrx_word' id='word_1_160' title='bbox 1395 3472 1506 3546; x_wconf 85' lang='lat' dir='ltr'>habui</span> <span class='ocrx_word' id='word_1_161' title='bbox 1547 3475 1747 3548; x_wconf 90' lang='lat' dir='ltr'>orationem</span> 
     </span>
     <span class='ocr_line' id='line_1_23' title="bbox 261 3595 1748 3698; baseline -0.003 -25"><span class='ocrx_word' id='word_1_162' title='bbox 261 3625 359 3698; x_wconf 87' lang='lat' dir='ltr'>quae</span> <span class='ocrx_word' id='word_1_163' title='bbox 388 3598 465 3671; x_wconf 86' lang='lat' dir='ltr'>fieri</span> <span class='ocrx_word' id='word_1_164' title='bbox 493 3598 656 3672; x_wconf 90' lang='lat' dir='ltr'>debebat</span> <span class='ocrx_word' id='word_1_165' title='bbox 682 3621 705 3670; x_wconf 84' lang='lat' dir='ltr'>a</span> <span class='ocrx_word' id='word_1_166' title='bbox 733 3597 779 3670; x_wconf 94' lang='lat' dir='ltr'>R.</span> <span class='ocrx_word' id='word_1_167' title='bbox 810 3597 848 3670; x_wconf 89' lang='lat' dir='ltr'>P.</span> <span class='ocrx_word' id='word_1_168' title='bbox 881 3595 927 3672; x_wconf 89' lang='lat' dir='ltr'>D.</span> <span class='ocrx_word' id='word_1_169' title='bbox 963 3622 1049 3672; x_wconf 88' lang='lat' dir='ltr'>meo</span> <span class='ocrx_word' id='word_1_170' title='bbox 1079 3597 1315 3695; x_wconf 88' lang='lat' dir='ltr'>Bevilacqua,</span> <span class='ocrx_word' id='word_1_171' title='bbox 1345 3599 1397 3671; x_wconf 89' lang='lat' dir='ltr'>sic</span> <span class='ocrx_word' id='word_1_172' title='bbox 1430 3616 1588 3697; x_wconf 83' lang='lat' dir='ltr'>rogatus</span> <span class='ocrx_word' id='word_1_173' title='bbox 1625 3601 1672 3672; x_wconf 90' lang='lat' dir='ltr'>ab</span> <span class='ocrx_word' id='word_1_174' title='bbox 1706 3621 1748 3670; x_wconf 90' lang='lat' dir='ltr'>eo</span> 
     </span>
     <span class='ocr_line' id='line_1_24' title="bbox 260 3721 1831 3826; baseline -0.003 -28"><span class='ocrx_word' id='word_1_175' title='bbox 260 3727 309 3798; x_wconf 93' lang='lat' dir='ltr'>ad</span> <span class='ocrx_word' id='word_1_176' title='bbox 347 3749 459 3820; x_wconf 88' lang='lat' dir='ltr'>quem</span> <span class='ocrx_word' id='word_1_177' title='bbox 500 3725 709 3820; x_wconf 85' lang='lat' dir='ltr'>spectabat,</span> <span class='ocrx_word' id='word_1_178' title='bbox 753 3747 836 3796; x_wconf 88' lang='lat' dir='ltr'>cum</span> <span class='ocrx_word' id='word_1_179' title='bbox 873 3747 1006 3797; x_wconf 88' lang='lat' dir='ltr'>omnes</span> <span class='ocrx_word' id='word_1_180' title='bbox 1042 3748 1111 3819; x_wconf 90' lang='lat' dir='ltr'>per</span> <span class='ocrx_word' id='word_1_181' title='bbox 1151 3724 1320 3797; x_wconf 88' lang='lat' dir='ltr'>Turnum</span> <span class='ocrx_word' id='word_1_182' title='bbox 1349 3721 1446 3797; x_wconf 90' lang='lat' dir='ltr'>illam</span> <span class='ocrx_word' id='word_1_183' title='bbox 1476 3749 1546 3798; x_wconf 88' lang='lat' dir='ltr'>suo</span> <span class='ocrx_word' id='word_1_184' title='bbox 1584 3741 1747 3820; x_wconf 88' lang='lat' dir='ltr'>tempore</span> <span class='ocrx_word' id='word_1_185' title='bbox 1830 3811 1831 3826; x_wconf 70' lang='lat'><strong>.</strong></span> 
     </span>
     <span class='ocr_line' id='line_1_25' title="bbox 259 3846 1831 3948; baseline 0.003 -26"><span class='ocrx_word' id='word_1_186' title='bbox 259 3849 487 3934; x_wconf 88' lang='lat' dir='ltr'>habuissent,</span> <span class='ocrx_word' id='word_1_187' title='bbox 519 3863 558 3920; x_wconf 88' lang='lat' dir='ltr'>et</span> <span class='ocrx_word' id='word_1_188' title='bbox 586 3847 763 3920; x_wconf 90' lang='lat' dir='ltr'>Decanus</span> <span class='ocrx_word' id='word_1_189' title='bbox 790 3848 839 3921; x_wconf 92' lang='lat' dir='ltr'>ab</span> <span class='ocrx_word' id='word_1_190' title='bbox 867 3846 937 3948; x_wconf 86' lang='lat' dir='ltr'>hoc</span> <span class='ocrx_word' id='word_1_191' title='bbox 964 3872 1080 3921; x_wconf 90' lang='lat' dir='ltr'>onere</span> <span class='ocrx_word' id='word_1_192' title='bbox 1107 3846 1285 3922; x_wconf 89' lang='lat' dir='ltr'>liberetur</span> <span class='ocrx_word' id='word_1_193' title='bbox 1303 3863 1459 3943; x_wconf 91' lang='lat' dir='ltr'>propter</span> <span class='ocrx_word' id='word_1_194' title='bbox 1486 3849 1747 3922; x_wconf 89' lang='lat' dir='ltr'>oratiunculam</span> <span class='ocrx_word' id='word_1_195' title='bbox 1830 3883 1831 3926; x_wconf 55' lang='grc' dir='ltr'><strong>ς</strong></span> 
     </span>
     <span class='ocr_line' id='line_1_26' title="bbox 261 3971 1534 4070; baseline -0.002 -23"><span class='ocrx_word' id='word_1_196' title='bbox 261 3997 373 4070; x_wconf 90' lang='lat' dir='ltr'>quam</span> <span class='ocrx_word' id='word_1_197' title='bbox 403 3973 489 4047; x_wconf 87' lang='lat' dir='ltr'>lacit</span> <span class='ocrx_word' id='word_1_198' title='bbox 516 3973 552 4045; x_wconf 92' lang='lat' dir='ltr'>in</span> <span class='ocrx_word' id='word_1_199' title='bbox 580 3973 701 4069; x_wconf 92' lang='lat' dir='ltr'>primo</span> <span class='ocrx_word' id='word_1_200' title='bbox 729 3997 883 4045; x_wconf 85' lang='lat' dir='ltr'>accessu</span> <span class='ocrx_word' id='word_1_201' title='bbox 913 3973 1037 4046; x_wconf 87' lang='lat' dir='ltr'>Rotae</span> <span class='ocrx_word' id='word_1_202' title='bbox 1064 3972 1114 4046; x_wconf 88' lang='lat' dir='ltr'>ad</span> <span class='ocrx_word' id='word_1_203' title='bbox 1142 3996 1279 4045; x_wconf 91' lang='lat' dir='ltr'>novum</span> <span class='ocrx_word' id='word_1_204' title='bbox 1310 3971 1534 4047; x_wconf 88' lang='lat' dir='ltr'>Pontificem.</span> 
     </span>
    </p>
   </div>
   <div class='ocr_carea' id='block_1_14' title="bbox 965 4251 1055 4330">
    <p class='ocr_par' dir='ltr' id='par_1_14' title="bbox 965 4251 1055 4330">
     <span class='ocr_line' id='line_1_27' title="bbox 965 4251 1055 4330; baseline 0.022 -2"><span class='ocrx_word' id='word_1_205' title='bbox 965 4251 1055 4330; x_wconf 84' lang='grc'><strong>314.</strong></span> 
     </span>
    </p>
   </div>
   <div class='ocr_carea' id='block_1_15' title="bbox 268 4395 1831 4742">
    <p class='ocr_par' dir='ltr' id='par_1_15' title="bbox 268 4383 1831 4742">
     <span class='ocr_line' id='line_1_28' title="bbox 268 4395 1744 4499; baseline 0.003 -28"><span class='ocrx_word' id='word_1_206' title='bbox 268 4398 338 4472; x_wconf 82' lang='lat' dir='ltr'>Ubi</span> <span class='ocrx_word' id='word_1_207' title='bbox 357 4423 467 4470; x_wconf 87' lang='lat' dir='ltr'>causa</span> <span class='ocrx_word' id='word_1_208' title='bbox 485 4395 664 4493; x_wconf 80' lang='lat' dir='ltr'>quaedam</span> <span class='ocrx_word' id='word_1_209' title='bbox 683 4422 775 4492; x_wconf 84' lang='lat' dir='ltr'>quae</span> <span class='ocrx_word' id='word_1_210' title='bbox 793 4396 917 4492; x_wconf 57' lang='lat' dir='ltr'>vagore</span> <span class='ocrx_word' id='word_1_211' title='bbox 931 4397 1119 4492; x_wconf 79' lang='lat' dir='ltr'>generalis</span> <span class='ocrx_word' id='word_1_212' title='bbox 1132 4398 1399 4494; x_wconf 76' lang='lat' dir='ltr'>subrogationis</span> <span class='ocrx_word' id='word_1_213' title='bbox 1411 4409 1604 4499; x_wconf 81' lang='lat' dir='ltr'>spectasset</span> <span class='ocrx_word' id='word_1_214' title='bbox 1614 4402 1669 4474; x_wconf 88' lang='lat' dir='ltr'>ad</span> <span class='ocrx_word' id='word_1_215' title='bbox 1681 4427 1744 4473; x_wconf 86' lang='lat' dir='ltr'>cer·</span> 
     </span>
     <span class='ocr_line' id='line_1_29' title="bbox 340 4521 1749 4620; baseline 0.003 -26"><span class='ocrx_word' id='word_1_216' title='bbox 340 4532 417 4595; x_wconf 86' lang='lat' dir='ltr'>tum</span> <span class='ocrx_word' id='word_1_217' title='bbox 443 4521 635 4618; x_wconf 86' lang='lat' dir='ltr'>quemdam</span> <span class='ocrx_word' id='word_1_218' title='bbox 663 4521 891 4606; x_wconf 76' lang='lat' dir='ltr'>Auditorum,</span> <span class='ocrx_word' id='word_1_219' title='bbox 922 4521 967 4594; x_wconf 87' lang='lat' dir='ltr'>ab</span> <span class='ocrx_word' id='word_1_220' title='bbox 994 4522 1068 4595; x_wconf 77' lang='lat' dir='ltr'>also</span> <span class='ocrx_word' id='word_1_221' title='bbox 1087 4525 1252 4620; x_wconf 78' lang='lat' dir='ltr'>proponi</span> <span class='ocrx_word' id='word_1_222' title='bbox 1266 4523 1481 4620; x_wconf 77' lang='lat' dir='ltr'>coua&#39;gisset,</span> <span class='ocrx_word' id='word_1_223' title='bbox 1500 4549 1572 4597; x_wconf 88' lang='lat' dir='ltr'>uon</span> <span class='ocrx_word' id='word_1_224' title='bbox 1591 4524 1675 4598; x_wconf 80' lang='lat' dir='ltr'>huz’c</span> <span class='ocrx_word' id='word_1_225' title='bbox 1690 4523 1749 4598; x_wconf 86' lang='lat' dir='ltr'>sed</span> 
     </span>
     <span class='ocr_line' id='line_1_30' title="bbox 340 4645 1831 4742; baseline 0.002 -24"><span class='ocrx_word' id='word_1_226' title='bbox 340 4647 400 4719; x_wconf 84' lang='lat' dir='ltr'>illi</span> <span class='ocrx_word' id='word_1_227' title='bbox 414 4654 495 4718; x_wconf 88' lang='lat' dir='ltr'>uota</span> <span class='ocrx_word' id='word_1_228' title='bbox 514 4645 841 4742; x_wconf 87' lang='lat' dir='ltr'>correspousalium</span> <span class='ocrx_word' id='word_1_229' title='bbox 860 4645 1104 4718; x_wconf 82' lang='lat' dir='ltr'>tradebantur</span> <span class='ocrx_word' id='word_1_230' title='bbox 1120 4656 1164 4717; x_wconf 89' lang='lat' dir='ltr'>ut</span> <span class='ocrx_word' id='word_1_231' title='bbox 1178 4671 1226 4719; x_wconf 89' lang='lat' dir='ltr'>ex</span> <span class='ocrx_word' id='word_1_232' title='bbox 1244 4649 1296 4718; x_wconf 87' lang='lat' dir='ltr'>eis</span> <span class='ocrx_word' id='word_1_233' title='bbox 1308 4646 1518 4720; x_wconf 76' lang='lat' dir='ltr'>decisionem</span> <span class='ocrx_word' id='word_1_234' title='bbox 1532 4651 1742 4723; x_wconf 81' lang='lat' dir='ltr'>extenderet.</span> <span class='ocrx_word' id='word_1_235' title='bbox 1830 4657 1831 4704; x_wconf 66' lang='lat' dir='ltr'>l</span> 
     </span>
    </p>
   </div>
   <div class='ocr_carea' id='block_1_16' title="bbox 343 4797 1109 4872">
    <p class='ocr_par' dir='ltr' id='par_1_16' title="bbox 343 4797 1109 4872">
     <span class='ocr_line' id='line_1_31' title="bbox 343 4797 1109 4872; baseline -0.005 -14"><span class='ocrx_word' id='word_1_236' title='bbox 343 4801 458 4872; x_wconf 75' lang='lat' dir='ltr'>(Auen.</span> <span class='ocrx_word' id='word_1_237' title='bbox 476 4799 563 4872; x_wconf 76' lang='lat' dir='ltr'>Ros,</span> <span class='ocrx_word' id='word_1_238' title='bbox 587 4797 776 4857; x_wconf 78' lang='lat' dir='ltr'>‹Diarium</span> <span class='ocrx_word' id='word_1_239' title='bbox 796 4799 907 4856; x_wconf 86' lang='lat' dir='ltr'>Iacobi</span> <span class='ocrx_word' id='word_1_240' title='bbox 922 4797 1063 4858; x_wconf 86' lang='lat' dir='ltr'>Emerix</span> <span class='ocrx_word' id='word_1_241' title='bbox 1074 4801 1109 4872; x_wconf 83' lang='lat'>»).</span> 
     </span>
    </p>
   </div>
   <div class='ocr_carea' id='block_1_17' title="bbox 714 4963 1288 5060">
    <p class='ocr_par' dir='ltr' id='par_1_17' title="bbox 714 4963 1288 5060">
     <span class='ocr_line' id='line_1_32' title="bbox 714 4963 1288 5060; baseline 0.01 -26"><span class='ocrx_word' id='word_1_242' title='bbox 714 4963 842 5035; x_wconf 86' lang='lat' dir='ltr'>Lunae</span> <span class='ocrx_word' id='word_1_243' title='bbox 876 4969 920 5036; x_wconf 88' lang='lat'>16</span> <span class='ocrx_word' id='word_1_244' title='bbox 952 4965 1142 5039; x_wconf 89' lang='lat' dir='ltr'>Februarii</span> <span class='ocrx_word' id='word_1_245' title='bbox 1177 4973 1288 5060; x_wconf 91' lang='lat'>1671.</span> 
     </span>
    </p>
   </div>
   <div class='ocr_carea' id='block_1_18' title="bbox 260 5104 1831 5456">
    <p class='ocr_par' dir='ltr' id='par_1_18' title="bbox 260 5104 1831 5456">
     <span class='ocr_line' id='line_1_33' title="bbox 343 5104 1741 5207; baseline 0.008 -32"><span class='ocrx_word' id='word_1_246' title='bbox 343 5108 403 5194; x_wconf 89' lang='lat'>69.</span> <span class='ocrx_word' id='word_1_247' title='bbox 434 5104 474 5176; x_wconf 97' lang='lat' dir='ltr'>ln</span> <span class='ocrx_word' id='word_1_248' title='bbox 501 5129 615 5177; x_wconf 87' lang='lat' dir='ltr'>causa</span> <span class='ocrx_word' id='word_1_249' title='bbox 643 5105 932 5179; x_wconf 80' lang='lat' dir='ltr'>deez&#39;comruissi</span> <span class='ocrx_word' id='word_1_250' title='bbox 965 5107 1009 5180; x_wconf 89' lang='lat' dir='ltr'>de</span> <span class='ocrx_word' id='word_1_251' title='bbox 1041 5108 1179 5204; x_wconf 73' lang='lat' dir='ltr'>spuis,</span> <span class='ocrx_word' id='word_1_252' title='bbox 1217 5110 1411 5206; x_wconf 86' lang='lat' dir='ltr'>proposita</span> <span class='ocrx_word' id='word_1_253' title='bbox 1447 5137 1518 5207; x_wconf 91' lang='lat' dir='ltr'>per</span> <span class='ocrx_word' id='word_1_254' title='bbox 1554 5112 1599 5188; x_wconf 93' lang='lat' dir='ltr'>R.</span> <span class='ocrx_word' id='word_1_255' title='bbox 1631 5113 1670 5188; x_wconf 90' lang='lat' dir='ltr'>P.</span> <span class='ocrx_word' id='word_1_256' title='bbox 1700 5111 1741 5184; x_wconf 92' lang='lat' dir='ltr'>D.</span> 
     </span>
     <span class='ocr_line' id='line_1_34' title="bbox 260 5226 1831 5346; baseline 0.007 -48"><span class='ocrx_word' id='word_1_257' title='bbox 260 5226 414 5324; x_wconf 85' lang='lat' dir='ltr'>Tayam,</span> <span class='ocrx_word' id='word_1_258' title='bbox 444 5229 593 5302; x_wconf 86' lang='lat' dir='ltr'>luerunt</span> <span class='ocrx_word' id='word_1_259' title='bbox 621 5230 758 5303; x_wconf 91' lang='lat' dir='ltr'>tradita</span> <span class='ocrx_word' id='word_1_260' title='bbox 785 5245 875 5304; x_wconf 88' lang='lat' dir='ltr'>vota</span> <span class='ocrx_word' id='word_1_261' title='bbox 904 5232 947 5306; x_wconf 93' lang='lat' dir='ltr'>R.</span> <span class='ocrx_word' id='word_1_262' title='bbox 980 5231 1018 5305; x_wconf 92' lang='lat' dir='ltr'>P.</span> <span class='ocrx_word' id='word_1_263' title='bbox 1051 5233 1098 5308; x_wconf 96' lang='lat' dir='ltr'>D.</span> <span class='ocrx_word' id='word_1_264' title='bbox 1129 5257 1214 5306; x_wconf 91' lang='lat' dir='ltr'>meo</span> <span class='ocrx_word' id='word_1_265' title='bbox 1243 5234 1479 5322; x_wconf 90' lang='lat' dir='ltr'>Rondanino,</span> <span class='ocrx_word' id='word_1_266' title='bbox 1500 5237 1588 5332; x_wconf 90' lang='lat' dir='ltr'>quia</span> <span class='ocrx_word' id='word_1_267' title='bbox 1614 5237 1676 5312; x_wconf 88' lang='lat' dir='ltr'>illa</span> <span class='ocrx_word' id='word_1_268' title='bbox 1699 5234 1742 5310; x_wconf 91' lang='lat' dir='ltr'>ad</span> <span class='ocrx_word' id='word_1_269' title='bbox 1830 5259 1831 5346; x_wconf 29' lang='grc' dir='ltr'>ζ</span> 
     </span>
     <span class='ocr_line' id='line_1_35' title="bbox 260 5352 1831 5456; baseline 0.006 -31"><span class='ocrx_word' id='word_1_270' title='bbox 260 5352 382 5448; x_wconf 91' lang='lat' dir='ltr'>ipsum</span> <span class='ocrx_word' id='word_1_271' title='bbox 411 5355 609 5448; x_wconf 88' lang='lat' dir='ltr'>spectabat</span> <span class='ocrx_word' id='word_1_272' title='bbox 634 5355 766 5452; x_wconf 86' lang='lat' dir='ltr'>vigore</span> <span class='ocrx_word' id='word_1_273' title='bbox 794 5354 980 5452; x_wconf 86' lang='lat' dir='ltr'>generalis</span> <span class='ocrx_word' id='word_1_274' title='bbox 1000 5357 1278 5456; x_wconf 86' lang='lat' dir='ltr'>subrogationis</span> <span class='ocrx_word' id='word_1_275' title='bbox 1306 5358 1341 5433; x_wconf 93' lang='lat' dir='ltr'>in</span> <span class='ocrx_word' id='word_1_276' title='bbox 1362 5358 1484 5433; x_wconf 91' lang='lat' dir='ltr'>locum</span> <span class='ocrx_word' id='word_1_277' title='bbox 1518 5361 1600 5436; x_wconf 78' lang='lat' dir='ltr'>Eriri</span> <span class='ocrx_word' id='word_1_278' title='bbox 1633 5361 1739 5436; x_wconf 89' lang='lat' dir='ltr'>Cerri.</span> <span class='ocrx_word' id='word_1_279' title='bbox 1830 5359 1831 5448; x_wconf 79' lang='lat'><em>]</em></span> 
     </span>
    </p>
   </div>
   <div class='ocr_carea' id='block_1_19' title="bbox 0 0 1864 5916">
    <p class='ocr_par' dir='ltr' id='par_1_19' title="bbox 0 0 1864 5916">
     <span class='ocr_line' id='line_1_36' title="bbox 0 0 1864 5916; baseline 0 1"><span class='ocrx_word' id='word_1_280' title='bbox 0 0 1864 5916; x_wconf 95' lang='lat' dir='ltr'> </span> 
     </span>
    </p>
   </div>
  </div>
 </body>
</html>
