3708 5918
234 341 303 402 114-
754 315 758 322 ¹
875 341 1013 402 Soecuto
1032 341 1102 403 XV

232 536 422 612 Auditore
458 537 568 612 luerit
595 554 804 621 accusatus,
836 534 1011 611 salarium
1048 563 1156 611 suum
1194 539 1340 634 perdat,
1378 540 1428 613 ad
1450 539 1726 637 expeditionem

230 685 300 758 per
318 662 478 736 eundem
497 662 732 749 Auditorem,
751 661 986 736 nihilominus
1014 662 1307 760 compellendus.
1330 665 1380 737 Et
1399 661 1645 754 nihilominus,
1667 667 1727 762 qui

232 786 326 861 infra
362 785 484 860 dictos
526 811 677 861 menses
714 809 788 860 non
825 786 953 860 habita
988 811 1012 860 a
1048 788 1166 871 nobis,
1205 787 1265 861 vel
1297 786 1382 884 ipso
1405 787 1728 876 Vicecancellario,

233 910 373 985 maiore
402 911 579 986 dilatione
615 911 808 1008 temporis,
849 937 1001 985 causam
1037 911 1216 1009 expedire
1248 913 1528 1011 contempserit,
1566 940 1614 988 ex
1645 929 1732 988 tunc

234 1035 522 1110 iurisdictionem
560 1036 717 1123 amittat,
748 1051 788 1109 et
821 1061 936 1109 causa
972 1035 1079 1110 alteri
1111 1035 1284 1110 Auditori
1312 1037 1577 1126 committatur,
1614 1053 1653 1112 et
1684 1039 1733 1112 ab

235 1160 408 1258 ingressu
439 1160 561 1234 Rotae
589 1160 846 1257 suspendatur
863 1185 932 1256 per
960 1185 1140 1235 mensem,
1171 1161 1221 1235 Et
1249 1161 1348 1236 idem
1376 1162 1425 1237 de
1446 1161 1634 1262 judicibus
1653 1163 1734 1236 aliis

236 1299 342 1360 extra
384 1285 521 1358 Rotam
557 1285 805 1382 praecipimus
843 1285 1044 1372 observari,
1084 1285 1219 1382 quibus
1257 1288 1288 1360 si
1322 1285 1559 1386 negligentes
1601 1287 1737 1362 luerint

235 1434 370 1484 causas
397 1408 577 1506 expedire
604 1409 699 1482 inlra
734 1408 855 1483 dictos
888 1434 1049 1497 menses,
1088 1409 1237 1508 aliquae
1274 1435 1410 1486 causae
1444 1436 1514 1508 per
1547 1411 1736 1486 trimestre

236 1548 388 1630 tempus
416 1531 628 1608 nullatenus
657 1534 957 1620 committantur;
981 1550 1021 1607 et
1048 1534 1208 1610 siluerit
1234 1553 1365 1610 contra
1392 1535 1542 1622 lactum,
1563 1520 1738 1611 commis-

237 1659 362 1734 siones
391 1657 525 1733 nullius
553 1659 716 1733 existant
744 1660 889 1733 roboris
917 1673 957 1733 et
982 1661 1172 1734 momenti.
1235 1659 1236 1664 ’

315 1785 334 1880 ᾗ
365 1786 424 1858 28.
456 1783 665 1870 Praeterea,
695 1782 784 1879 quia
819 1807 934 1878 saepe
961 1783 1153 1882 contingit,
1188 1785 1292 1881 quod
1324 1783 1471 1860 litterae
1507 1784 1739 1883 apostolicae

236 1909 284 1982 ad
325 1907 601 2004 impediendum
630 1925 770 2004 partes,
800 1921 839 1982 et
865 1931 932 1981 eas
966 1907 1230 1982 involvendum
1259 1909 1450 1984 laboribus
1477 1927 1517 1984 et
1548 1911 1736 2008 expensis,
1796 1965 1804 1980 .
1839 1913 1840 1918 ’

237 2034 382 2131 absque
418 2057 531 2106 causa
567 2031 784 2120 rationabili,
820 2033 856 2105 in
888 2031 1073 2109 bullarum
1108 2049 1147 2108 et
1184 2035 1365 2109 dictarum
1402 2034 1608 2111 litterarum
1644 2060 1740 2134 apo-

239 2158 453 2232 stolicarum
482 2158 644 2256 registro
671 2174 916 2245 arrestantur,
950 2173 989 2232 et
1025 2183 1134 2232 suum
1171 2176 1364 2254 nequeunt
1392 2161 1516 2235 sortiri
1551 2159 1738 2245 ellectum,

238 2283 449 2369 statuimus,
479 2297 520 2356 et
545 2283 658 2358 etiam
686 2282 913 2368 ordinamus,
954 2284 1058 2380 quod
1093 2301 1296 2381 postquam
1323 2283 1447 2359 littera
1477 2300 1662 2360 arrestata
1691 2285 1740 2359 ad

239 2407 463 2484 Auditorem
492 2431 627 2504 causae
654 2407 764 2480 luerit
792 2422 997 2504 reportata,
1024 2407 1124 2482 idem
1144 2409 1308 2483 Auditor
1334 2410 1517 2485 adversae
1549 2410 1646 2507 parti
1664 2423 1741 2483 ter-

240 2533 380 2608 minum
415 2549 503 2607 octo
530 2532 675 2607 dierum
711 2531 932 2631 praefigere,
962 2557 1032 2630 per
1068 2559 1154 2608 eum
1182 2551 1317 2631 postea
1345 2535 1376 2608 si
1403 2535 1580 2632 expediat
1607 2559 1743 2631 proro-

240 2657 419 2756 gandum,
448 2655 542 2731 inlra
568 2681 681 2754 quem
709 2656 758 2730 de
785 2682 855 2731 suo
882 2658 962 2730 iure
998 2673 1037 2731 et
1064 2657 1247 2732 interesse
1275 2683 1400 2734 coram
1427 2659 1527 2733 dicto
1555 2658 1743 2734 Auditore

240 2781 405 2882 legitime
432 2782 582 2869 docere,
611 2798 650 2856 et
677 2781 790 2856 fidem
818 2781 941 2856 lacere
967 2797 1152 2858 teneatur.

319 2910 339 3005 ς
370 2931 429 3000 29·
461 2906 668 2981 Statuimus
696 2908 861 3004 insuper,
891 2922 931 2980 et
957 2907 1071 2981 etiam
1089 2907 1306 2982 ordinamus
1325 2907 1373 2982 ad
1392 2910 1622 3005 parcendum
1641 2907 1742 2984 labo-

243 3032 344 3107 ribus
373 3047 412 3106 et
448 3033 625 3128 expensis
661 3031 914 3128 quorumlibet
941 3028 1176 3128 litigantium,
1207 3033 1311 3129 quod
1348 3057 1485 3108 causae
1521 3057 1637 3130 super
1665 3034 1743 3132 qui-

242 3157 373 3232 busvis
401 3155 598 3232 'beneficiis
629 3153 901 3243 ecclesiasticis,
942 3155 1196 3232 soecularibus
1223 3171 1262 3230 et
1297 3157 1544 3257 regularibus,
1581 3181 1742 3256 quorum

243 3281 395 3369 fructus,
425 3279 607 3367 redditus,
625 3296 664 3354 et
700 3295 909 3378 proventus
937 3281 1134 3378 sexaginta
1160 3282 1387 3356 florenorum
1419 3283 1500 3357 auri
1536 3283 1743 3358 secundum

243 3431 478 3482 communem
506 3405 816 3492 aestimationem,
839 3404 1003 3480 valorem
1030 3429 1194 3480 annuum
1222 3432 1296 3482 non
1324 3409 1521 3496 excedunt,
1550 3407 1590 3483 S.
1621 3408 1667 3484 R.
1699 3407 1742 3481 E.

244 3530 491 3607 cardinalibus
529 3528 739 3604 nullatenus
768 3529 1058 3618 committantur,
1089 3547 1128 3606 et
1154 3532 1437 3608 commissiones
1455 3533 1530 3609 sint
1557 3531 1691 3621 nullae,
1715 3532 1745 3604 si

245 3656 355 3731 luerit
382 3654 662 3730 contrafactum.

324 3782 343 3877 §
373 3803 433 3872 30.
464 3777 514 3852 Et
532 3779 711 3874 quoniam
739 3777 876 3852 srustra
903 3779 1068 3855 serentur
1096 3781 1314 3864 sententiae,
1335 3781 1405 3855 nisi
1432 3799 1561 3856 essent
1579 3781 1643 3879 qui
1660 3806 1746 3856 exe-

244 3919 450 4001 querentur
475 3903 640 3990 easdem,
671 3905 773 3976 etin
802 3902 983 3978 habendis
1019 3905 1152 3980 litteris
1189 3905 1500 3981 executorialibus
1528 3907 1600 3980 sub
1632 3904 1743 3991 bulla,

246 4029 475 4125 quandoque
511 4026 670 4101 duorum
699 4027 759 4102 vel
787 4027 898 4102 trium
931 4029 1114 4103 mensium
1142 4028 1341 4104 dilationes
1373 4029 1476 4115 frunt,
1506 4055 1577 4126 pro
1608 4031 1746 4126 quibus

246 4151 488 4250 expediendis
515 4167 715 4226 occurrunt
741 4177 878 4251 graves
906 4178 1096 4252 expensae
1115 4179 1214 4252 quae
1233 4153 1436 4252 aliquando
1454 4156 1503 4229 ad
1521 4156 1744 4253 quindecim,

245 4277 447 4375 aliquando
466 4276 515 4350 ad
535 4276 666 4350 decem
685 4293 724 4352 et
738 4293 825 4352 octo
843 4277 1008 4353 florenos
1026 4280 1245 4366 ascendunt,
1268 4297 1307 4353 et
1326 4281 1460 4354 notarii
1478 4281 1599 4354 dictae
1623 4278 1744 4364 Sedis,

247 4402 310 4500 qui
337 4401 481 4476 illarum
509 4401 673 4476 minutas
701 4402 884 4476 deberent
902 4403 1096 4490 conficere,
1118 4427 1192 4478 non
1221 4403 1428 4492 conficiunt,
1460 4406 1528 4480 sed
1560 4428 1628 4501 per
1655 4430 1746 4478 suos

247 4528 542 4610 abbreviatores,
573 4550 731 4622 quorum
764 4526 877 4625 aliqui
907 4543 995 4601 sunt
1021 4529 1144 4602 minus
1171 4528 1293 4625 periti,
1323 4527 1402 4602 fieri
1420 4529 1569 4616 iaciunt,
1594 4544 1634 4603 et
1662 4555 1744 4602 cum

248 4649 330 4724 illas
366 4651 595 4748 quandoque
634 4675 708 4724 non
740 4653 837 4726 bene
865 4652 1071 4740 conficiant,
1103 4653 1152 4727 ad
1188 4654 1386 4750 peritiores
1422 4670 1575 4752 oportet
1609 4655 1746 4728 habere
1839 4707 1840 4748 3

250 4799 452 4863 recursum,
475 4791 514 4849 et
537 4775 589 4849 sic
618 4789 745 4872 partes
774 4775 877 4872 ipsas
904 4792 1127 4851 executores
1154 4797 1444 4875 prosequentes,
1475 4778 1559 4876 plus
1593 4793 1747 4876 oportet
1839 4757 1840 4770 ἶ

249 4924 451 4996 exponere,
482 4923 595 4996 quam
623 4901 672 4974 ab
699 4900 856 4996 antiquo
875 4917 1096 4976 consuetum
1125 4903 1172 4976 sit
1200 4901 1356 4990 solvere,
1388 4904 1513 5000 etqui
1542 4929 1616 4977 non
1644 4904 1746 4977 labo-

253 5040 347 5109 rant,
378 5023 465 5120 plus
492 5023 617 5098 salarii
652 5025 847 5120 accipiunt,
879 5025 978 5100 unde
1014 5042 1143 5123 partes
1180 5049 1319 5126 magna
1357 5028 1538 5124 temporis
1572 5028 1748 5102 dilatione

250 5149 450 5246 plusquam
492 5149 635 5235 deceat,
666 5165 873 5247 gravantur
900 5148 1090 5225 laboribus
1118 5168 1158 5226 et
1184 5152 1396 5250 sumptibus
1433 5153 1469 5226 in
1501 5179 1630 5227 earum
1658 5178 1746 5249 pro·

253 5273 453 5360 curatione,
485 5271 613 5369 quiin
640 5297 891 5370 expensarum
919 5276 1110 5350 taxatione
1138 5300 1211 5351 non
1235 5277 1399 5364 veniunt,
1431 5302 1501 5351 nos
1529 5279 1578 5351 ad
1605 5279 1748 5352 evitan-

252 5398 341 5472 dam
369 5397 581 5472 huiusmodi
613 5397 957 5486 inconvenientiam,
987 5415 1027 5474 et
1060 5418 1102 5476 ut
1133 5417 1262 5500 partes
1294 5400 1331 5475 in
1364 5403 1609 5498 procurandis
1639 5427 1747 5500 prae-
