3720 5914
249 291 302 351 168
910 290 1048 350 Saeculo
1065 290 1098 349 X
1106 290 1135 350 V

247 485 430 572 briocen,
463 484 679 582 Capelianis
717 489 856 562 nostris
893 503 933 561 et
969 511 1167 561 causarum
1196 485 1326 560 Palatii
1361 484 1558 583 apostolici
1592 483 1755 558 Audito-

243 611 359 697 ribus,
389 625 521 685 tenore
548 611 784 707 presentium
813 614 884 687 sub
915 611 1272 686 excomunicationis
1299 634 1343 686 ac
1363 609 1475 684 etiam
1495 609 1756 706 suspensionis

245 736 294 809 ab
321 733 452 808 officiis
480 735 615 808 vestris
646 759 791 810 necnon
809 735 999 810 beneficiis
1018 733 1291 820 ecclesiasticis,
1312 749 1408 833 quot
1424 734 1612 820 obtinetis,
1630 735 1753 831 penis,

244 883 340 956 quas
368 859 398 931 si
427 883 538 932 secus
564 860 726 934 feceritis
754 858 911 955 quilibet
938 875 1107 934 vestrum
1126 883 1173 932 eo
1201 859 1284 954 ipso
1313 859 1486 946 incurrat,
1508 873 1639 932 tenore
1666 884 1756 954 pre-

246 983 408 1057 sentium
441 983 668 1083 iniungimus
705 1001 744 1059 et
780 985 1014 1069 mandamus,
1050 999 1239 1080 quatenus
1281 983 1419 1058 dilecto
1453 982 1528 1058 lilio
1565 984 1755 1082 Magistro

246 1107 401 1182 Iohanni
436 1107 485 1182 de
523 1107 726 1196 Cesarinis,
758 1109 949 1184 Canonico
984 1109 1142 1183 Basilice
1180 1108 1357 1206 Principis
1394 1109 1667 1204 Apostolorum
1707 1109 1756 1182 de

247 1231 364 1320 Urbe,
395 1233 542 1332 Legum
571 1233 728 1322 doctori,
757 1258 870 1331 quem
903 1233 1046 1308 dudum
1084 1234 1120 1308 in
1155 1235 1322 1308 eiusdem
1361 1233 1490 1308 Palatii
1526 1235 1754 1308 Auditorem

244 1359 426 1454 recipiet
453 1357 599 1432 admitti
626 1383 671 1434 ac
701 1358 874 1458 Collegio
902 1375 943 1433 et
970 1357 1162 1434 consortio
1190 1375 1319 1433 vestro
1355 1359 1559 1457 aggregari
1595 1357 1756 1432 manda-

245 1483 367 1556 vimus
394 1509 559 1580 eumque
586 1484 635 1558 de
663 1486 916 1560 Auditoratus
943 1484 1113 1558 eiusdem
1142 1482 1272 1559 Palatii
1299 1483 1423 1557 officio
1459 1484 1627 1583 gratiose
1664 1507 1759 1578 pro·

246 1607 417 1695 vidimus,
447 1625 586 1705 puncta
614 1634 683 1706 pro
712 1626 860 1685 secreto
889 1611 1059 1684 examine
1087 1609 1190 1682 iuxta
1217 1633 1359 1684 morem
1397 1609 1580 1682 hactenus
1620 1607 1758 1682 obser-

245 1748 375 1807 vatum
402 1756 472 1829 pro
499 1735 560 1808 die
588 1735 681 1808 iovis
709 1735 879 1833 proxime
911 1734 1036 1806 lutura
1063 1733 1271 1831 assignare,
1300 1735 1502 1830 ipsumque
1538 1733 1758 1806 examinare

245 1874 285 1931 et
321 1873 409 1932 ante
443 1859 641 1958 generales
674 1860 890 1935 vacationes
924 1858 1034 1932 indici
1069 1857 1200 1932 solitas
1236 1858 1285 1931 ad
1322 1857 1484 1932 officium
1521 1857 1756 1932 antedictum

247 1983 404 2079 eiusque
438 1983 595 2057 liberum
636 1985 867 2070 exercitium,
909 1985 1011 2057 omni
1048 2008 1204 2080 prorsus
1237 1981 1458 2081 exceptione
1487 1978 1546 2056 vel
1574 1982 1757 2056 dilatione

247 2124 431 2194 cessante,
444 2107 644 2184 admittere
659 2107 831 2184 debeatis
845 2133 929 2182 cum
943 2107 1090 2183 effectu.
1112 2107 1437 2184 Nonobstantibus
1452 2107 1756 2205 quibuscumque

247 2231 460 2330 privilegiis,
491 2233 654 2317 indultis,
685 2250 725 2307 et
760 2233 877 2307 literis
906 2233 1123 2329 apostolicis
1156 2232 1396 2331 generalibus
1430 2232 1491 2306 vel
1527 2230 1757 2329 specialibus

246 2357 354 2430 vobis
381 2371 420 2428 et
446 2373 575 2431 vestro
606 2357 779 2455 Collegio
807 2382 876 2453 per
905 2382 974 2434 nos
1002 2357 1062 2432 vel
1099 2360 1230 2432 sedem
1264 2358 1511 2454 apostolicam
1549 2358 1619 2431 sub
1660 2381 1755 2453 qua-

248 2504 408 2576 cumque
436 2480 556 2557 lorma
583 2482 643 2557 v'el
670 2484 917 2579 expressione
944 2486 1147 2559 verborum
1175 2485 1287 2556 etiam
1317 2498 1422 2558 motu
1442 2483 1549 2556 simili
1572 2507 1655 2556 cum
1676 2483 1754 2556 irri-

248 2591 361 2679 tantis
389 2607 627 2703 appositione
656 2607 796 2682 decreti
824 2624 863 2682 et
889 2607 970 2682 aliis
999 2610 1298 2705 quibuscumque
1335 2607 1598 2682 efficacissimis
1636 2608 1753 2680 etiam

248 2729 502 2827 derogatoriis
530 2730 705 2806 clausulis
732 2731 769 2804 in
797 2757 939 2830 genere
968 2731 1026 2806 vel
1055 2732 1180 2828 specie
1209 2734 1409 2819 concessis,
1431 2733 1544 2806 etiam
1564 2731 1662 2805 side
1683 2730 1755 2804 illis

247 2876 454 2950 eorumque
483 2855 574 2928 totis
602 2857 796 2931 tenoribus
825 2857 873 2930 de
900 2860 1016 2931 verbo
1042 2858 1091 2930 ad
1119 2858 1274 2930 verbum
1295 2858 1468 2932 habenda
1486 2871 1590 2930 esset
1608 2858 1753 2930 mentio

249 2977 420 3076 specialis
447 2997 512 3054 aut
540 2982 611 3054 sub
639 2997 744 3056 certa
780 2981 900 3056 forma
932 2998 971 3056 et
1003 3006 1077 3056 non
1105 2981 1198 3056 alias
1217 2984 1489 3082 derogandum,
1509 2981 1658 3078 quibus,
1679 3006 1753 3077 pro

250 3102 319 3176 hac
351 3104 431 3176 vice
459 3105 665 3190 dumtaxat,
693 3131 741 3179 ex
771 3124 875 3181 certa
913 3106 1067 3180 scientia
1104 3107 1344 3205 derogamus,
1375 3107 1466 3202 ipsis
1494 3105 1586 3180 alias
1616 3106 1651 3178 in
1680 3129 1753 3178 suo

210 3297 212 3301 ,
249 3225 417 3321 plenario
445 3228 581 3302 robore
612 3229 824 3318 duraturis;
854 3231 1065 3326 ceterisque
1094 3231 1289 3305 contrariis
1315 3231 1626 3327 quibuscumque.

331 3349 369 3425 S.
401 3351 450 3426 D.
482 3352 528 3426 N.
559 3355 630 3426 sub
658 3355 825 3429 censuris
854 3371 893 3428 et
920 3355 1028 3450 penis
1055 3355 1114 3428 hic
1132 3355 1282 3429 insertis
1301 3370 1404 3428 motu
1424 3355 1578 3453 proprio
1597 3354 1754 3426 mandat

248 3489 289 3548 et
316 3474 473 3574 iniungit
506 3479 643 3550 vestris
676 3477 965 3575 paternitatibus
1002 3493 1043 3551 ut
1079 3479 1320 3554 incontinenti
1353 3480 1588 3575 exequamini
1625 3481 1751 3551 omnia

248 3600 284 3673 in
313 3601 478 3694 presenti
506 3602 638 3676 cedula
670 3616 847 3678 contenta
885 3619 924 3676 et
959 3604 1121 3702 derogat
1157 3619 1270 3700 prout
1306 3605 1342 3676 in
1378 3629 1423 3676 ea
1457 3605 1678 3678 continetur.
1710 3601 1750 3674 ln

246 3725 439 3822 presentia
467 3725 542 3800 Sue
562 3725 778 3802 Sanctitatis
806 3744 844 3803 et
872 3729 952 3802 eius
981 3729 1029 3802 de
1058 3729 1248 3804 mandato.
1279 3727 1328 3804 B.
1362 3728 1475 3804 Card.
1500 3756 1540 3826 g.
1554 3729 1748 3828 palentan.

960 4063 1045 4144 102.

249 4223 447 4312 Fridericr',
470 4226 713 4324 Imperatoris
732 4228 999 4312 Romanorum,
1019 4229 1180 4328 ept‘slola,
1202 4227 1392 4302 cuiusdam
1418 4250 1549 4300 causae
1568 4224 1745 4298 Brixien.

329 4349 631 4425 commodab'tr'a.

328 4503 444 4577 (Anca.
462 4504 549 4577 Rom,
573 4507 789 4580 «Privilegia
804 4532 828 4580 »,
847 4513 923 4567 tom.
942 4508 969 4582 I,
983 4513 1073 4583 part.
1090 4506 1156 4582 m,
1174 4525 1207 4568 n.
1226 4511 1263 4582 1).

1308 4668 1385 4742 ltus,
1404 4667 1558 4728 februarii
1577 4667 1620 4739 15,
1637 4665 1745 4726 Gretz.

329 4832 460 4931 (verso)
488 4829 775 4906 Venerabilibus
804 4846 844 4904 et
874 4830 1168 4908 Honorabilibus
1197 4833 1293 4906 sacri
1318 4811 1428 4928 apici
1465 4830 1612 4905 Pallacii
1648 4829 1745 4902 ludi-

248 4957 352 5031 cibus
389 4971 428 5030 et
465 4956 564 5030 Rote
597 4955 832 5031 auditoribus
875 4955 1107 5032 Sanctissimi
1148 4939 1224 5033 dm,
1261 4938 1328 5029 rifi.
1363 4981 1462 5053 pape
1502 4954 1744 5053 Cappellanis

248 5082 395 5156 devotis
423 5081 562 5155 nostris
591 5080 747 5155 dilectis.

327 5206 453 5306 (rictus)
473 5204 693 5291 Fridericus,
715 5205 841 5280 divina
862 5205 1012 5280 favente
1033 5205 1239 5294 clementia,
1257 5207 1514 5280 Romanorum
1533 5205 1742 5303 Imperator

248 5356 398 5429 semper
424 5335 635 5431 Augustus.
652 5373 678 5385 -
700 5329 895 5427 Hungarie
925 5329 1113 5405 Dalmatie
1141 5330 1295 5405 Croatie
1324 5329 1384 5406 fel.
1405 5331 1488 5405 Rex
1516 5355 1561 5404 ac
1588 5329 1741 5404 Austrie
