3708 5918
747 295 895 355 Martino
921 295 948 354 V
1545 295 1594 356 111

105 490 224 567 sertim
244 491 280 564 in
300 491 575 565 examinatione
603 513 752 575 causae,
773 490 803 564 si
833 490 931 563 iusta
949 491 1027 577 sibi,
1051 490 1109 565 vel
1138 491 1273 566 iniusta
1298 516 1386 565 esse
1413 491 1594 580 videatur,

106 617 216 690 itaut
243 614 382 689 nullam
410 615 598 712 agendam
627 615 801 688 iniustam
832 639 995 698 causam,
1034 615 1094 689 vel
1130 615 1408 690 defendendam
1435 616 1597 691 scienter

107 739 311 836 suscipiant,
341 740 460 827 etde
488 738 559 813 hoc
588 741 837 812 iuramentum
866 757 1070 834 praestent,
1100 755 1140 814 ct
1175 742 1391 832 observent,
1419 757 1533 837 prout
1559 742 1595 814 in

108 865 205 940 dictis
230 864 561 939 constitutionibus
588 864 711 938 extitit
739 864 938 938 salubriter
964 863 1188 940 ordinatum.

178 992 196 1086 ᾖ
221 1013 279 1062 12.
311 987 482 1063 Caveant
507 1007 677 1064 autema
705 987 944 1081 tumultuosis
973 987 1198 1063 clamoribus
1225 989 1261 1061 in
1289 989 1532 1074 consistoriis,
1557 1006 1597 1064 et

108 1114 307 1202 audientiis,
339 1137 407 1189 nec
435 1139 599 1210 unquam
623 1114 751 1210 plures
779 1111 889 1188 simul
925 1113 1137 1210 loquantur,
1167 1131 1206 1186 et
1242 1115 1362 1188 donec
1390 1115 1602 1240 advocatus

106 1263 324 1336 proponens,
343 1238 402 1313 vel
426 1237 670 1334 respondens,
692 1263 906 1312 sermonem
926 1237 1179 1334 compleverit,
1201 1238 1295 1312 alius
1315 1240 1394 1312 sive
1413 1239 1594 1325 eiusdem,

17 1421 19 1432 .
107 1365 177 1438 sive
211 1363 398 1438 adversae
433 1363 551 1459 partis
588 1362 806 1450 advocatus,
842 1363 1042 1460 quicquam
1079 1361 1204 1436 dicere
1251 1388 1324 1436 non
1365 1381 1593 1460 praesumat.

17 1471 18 1482 ἵ
106 1489 227 1563 Liceat
245 1489 358 1562 etiam
377 1489 610 1584 procuratori
629 1511 765 1562 causae
784 1485 1010 1583 proponenti
1023 1489 1209 1561 advocato
1229 1503 1330 1561 retro
1349 1489 1537 1576 assistere,
1555 1507 1596 1563 ut

106 1613 134 1687 si
149 1613 237 1710 quid
256 1613 380 1687 forsan
394 1609 453 1685 ille
467 1613 646 1698 omiserit,
662 1629 887 1708 procurator
899 1610 948 1684 ad
963 1611 1180 1685 memoriam
1200 1593 1364 1698 revocet,
1375 1628 1415 1686 ct
1429 1614 1594 1688 reducat.

176 1740 193 1834 ᾗ
235 1760 291 1830 13.
330 1735 539 1810 Statuimus
567 1749 706 1822 autem,
736 1751 851 1832 prout
882 1737 995 1810 ctiam
1032 1736 1112 1810 iura
1148 1736 1365 1832 disponunt,
1404 1753 1446 1810 ut
1474 1736 1596 1812 nullus

104 1863 315 1947 advocatus,
345 1862 404 1936 vel
432 1877 663 1958 procurator,
695 1863 759 1958 qui
787 1860 904 1935 semel
933 1859 994 1933 uni
1023 1862 1119 1959 parti
1152 1861 1188 1933 in
1216 1861 1341 1958 aliqua
1366 1887 1480 1937 causa
1509 1886 1597 1938 con·

104 1987 226 2074 silium,
259 1987 318 2061 vel
346 1987 593 2084 patrocinium
621 1984 777 2072 dederit,
801 1986 897 2083 parti
925 1985 1109 2060 adversae
1130 1985 1165 2059 in
1185 1988 1319 2061 eadem
1339 2013 1452 2062 causa
1471 2005 1596 2084 patro·

105 2114 245 2200 ciuium,
274 2112 333 2186 vel
361 2110 554 2184 consilium
582 2126 762 2208 praestet,
783 2136 851 2185 seu
880 2134 1032 2186 causam
1052 2111 1169 2206 ipsius
1197 2127 1299 2210 agat,
1325 2111 1385 2186 vel
1405 2113 1593 2199 defendat,

103 2237 165 2311 nisi
191 2236 292 2311 facta
318 2237 600 2322 advocatorum,
638 2251 703 2308 aut
739 2252 1024 2333 procuratorum
1061 2235 1332 2322 distributione,
1372 2239 1596 2314 auctoritate

103 2361 227 2460 judicis
256 2361 516 2457 compellatur.
544 2358 634 2454 Quo
663 2385 751 2434 casu
781 2362 829 2434 de
858 2360 927 2448 his,
957 2385 1055 2457 quae
1089 2362 1138 2435 ab
1169 2361 1230 2435 illa
1267 2363 1387 2460 prima
1423 2365 1595 2460 partein

102 2511 204 2560 causa
233 2485 416 2572 didicerit,
447 2507 639 2581 nunquam
666 2486 823 2560 alteram
851 2485 997 2570 doceat,
1026 2503 1093 2560 aut
1119 2511 1167 2560 ex
1195 2487 1266 2560 illis
1292 2489 1360 2560 nisi
1386 2491 1435 2564 ab
1463 2488 1595 2564 eadem

101 2625 201 2706 parte
229 2608 403 2685 didicerit
429 2610 675 2706 patrocinium
703 2625 886 2706 praestet.
916 2609 967 2682 Et
994 2609 1025 2683 si
1052 2625 1181 2685 contra
1214 2614 1421 2708 praemissa
1456 2614 1595 2700 fecerit,

100 2735 488 2810 excommunicationis
527 2734 748 2808 sententiam
778 2751 818 2808 et
843 2733 934 2809 alias
962 2759 1107 2831 poenas
1129 2737 1224 2834 juris
1253 2737 1424 2825 incurrat,
1454 2762 1497 2811 ac
1526 2763 1596 2814 suo
1628 2771 1641 2798 ·

100 2863 262 2956 privetur
282 2861 415 2945 officio,
444 2861 493 2934 ad
522 2861 706 2942 interesse
734 2861 851 2957 partis
880 2859 1116 2935 nihilominus
1144 2861 1462 2938 condemnandus.

173 2988 191 3082 ᾗ
216 3011 277 3080 ¹4·
295 2985 344 3058 Et
357 2987 445 3082 quia
464 3000 621 3084 propter
635 3002 919 3082 procuratorum
938 2985 1171 3081 imperitiam,
1189 3003 1254 3060 aut
1272 2987 1451 3074 inertiam,
1467 3004 1597 3084 partes

99 3133 208 3207 saepe
225 3111 263 3184 in
288 3111 411 3185 causis
430 3109 666 3206 dispendium
685 3125 725 3182 et
743 3109 1009 3206 praeiudicium
1037 3109 1238 3206 patiuntur,
1261 3111 1470 3197 statuimus,
1492 3114 1596 3209 quod

99 3234 215 3310 nullus
244 3237 296 3310 de
331 3250 482 3309 caetero
514 3235 563 3308 ad
592 3234 865 3331 procurationis
902 3233 1075 3320 officium,
1105 3236 1141 3307 in
1175 3235 1273 3308 dicta
1309 3233 1423 3309 Curia
1450 3237 1595 3334 publice

97 3383 163 3456 pro
190 3359 331 3433 salario
357 3359 619 3445 exercendum,
649 3359 685 3432 in
714 3359 856 3434 iudiciis
883 3359 1114 3447 admittatur,
1144 3358 1214 3432 nisi
1246 3359 1349 3455 prius
1377 3385 1445 3456 per
1472 3361 1594 3459 ipsum

96 3481 460 3568 Vicecancellarium,
490 3482 549 3556 vel
576 3484 814 3580 deputandos
849 3484 983 3568 abeo,
1014 3484 1049 3556 in
1086 3483 1305 3571 litteratura,
1335 3486 1528 3574 industria,
1557 3503 1597 3560 et

96 3610 189 3706 stylo
219 3609 360 3684 Curiae
379 3609 624 3697 examinatus,
646 3624 761 3705 atque
782 3607 908 3683 habita
927 3608 1055 3682 debita
1073 3608 1332 3684 informatione
1351 3611 1398 3683 de
1417 3612 1593 3700 moribus,

96 3732 285 3821 fidelitate,
317 3750 356 3807 ct
391 3733 551 3807 honesta
582 3733 879 3821 conversatione,
910 3749 1084 3830 repertus
1118 3731 1227 3806 fuerit
1260 3733 1417 3807 idoneus
1453 3752 1492 3809 et
1528 3761 1597 3833 per

96 3860 253 3934 cundem
283 3857 637 3932 Vicecancellarium
665 3859 714 3932 ad
751 3858 966 3932 huiusmodi
992 3858 1180 3954 publicum
1216 3859 1377 3935 officium
1411 3885 1480 3956 per
1515 3861 1596 3934 eius

94 4000 267 4079 patentes
297 3984 442 4057 litteras
460 3983 667 4058 admissus:
688 4007 898 4081 omnesque
917 3998 1182 4080 procuratores
1208 3983 1361 4057 admissi
1381 3983 1416 4056 in
1439 3985 1595 4060 aliorum

95 4108 328 4182 matriculam
365 4107 620 4195 inscribantur,
661 4107 756 4181 sicut
794 4107 830 4180 in
868 4106 1027 4204 praefati
1062 4107 1251 4181 Benedicti
1293 4108 1596 4204 praedecessoris

94 4232 422 4308 constitutionibus
449 4232 498 4306 de
525 4233 720 4312 advocatis
747 4233 917 4306 habetur.

168 4359 186 4454 ᾗ
221 4379 282 4451 15.
322 4356 372 4430 Et
399 4356 489 4453 quia
524 4381 639 4453 saepe
676 4358 711 4429 in
754 4356 1022 4431 advocatorum
1055 4357 1235 4442 absentia,
1266 4381 1403 4430 causae
1440 4357 1475 4430 in
1507 4358 1596 4430 iudi·

92 4480 153 4554 ciis
179 4508 250 4578 per
278 4498 545 4578 procuratores
582 4499 745 4580 aguntur
775 4496 814 4555 et
851 4480 1111 4568 defenduntur,
1142 4499 1408 4576 procuratores
1445 4479 1515 4578 ipsi
1546 4483 1596 4555 ab

92 4605 242 4694 iniuriiS,
280 4622 323 4680 et
355 4605 635 4680 contumeliosis
662 4607 800 4692 verbis
830 4623 869 4680 et
897 4607 995 4680 malo
1024 4605 1138 4680 modo
1175 4604 1318 4678 dicendi
1351 4621 1391 4676 et
1418 4604 1595 4702 loquendi

92 4747 252 4817 cessent,
298 4745 340 4802 et
374 4755 457 4802 cum
496 4731 566 4802 hoc
601 4747 731 4828 agunt,
770 4730 905 4803 eadem
942 4729 1119 4803 studeant
1155 4731 1370 4816 observare,
1413 4754 1511 4825 quae
1548 4731 1595 4804 de

92 4856 285 4930 advocatis
315 4855 489 4950 superius
513 4854 686 4927 duximus
714 4853 925 4928 statuenda.
957 4851 1071 4946 Quod
1108 4854 1140 4926 si
1176 4855 1402 4928 contrarium
1431 4854 1594 4943 fecerint,

91 4979 387 5056 formidabilibus
415 4979 547 5075 poenis
561 4999 633 5075 'per
655 4981 820 5078 judicem
840 5004 977 5053 causae
997 4978 1119 5052 taliter
1139 4979 1347 5075 puniantur,
1370 4995 1412 5052 ut
1430 4978 1512 5076 per'
1526 4980 1597 5053 hoc

91 5105 227 5178 caeteri
256 5129 280 5177 a
310 5102 492 5177 similibus
519 5120 727 5179 arceantur.
1508 5190 1512 5201 Ι

167 5231 185 5328 ᾗ
220 5235 280 5303 16.
304 5227 358 5300 Et
384 5227 547 5324 insuper,
575 5227 798 5327 dignitatem
827 5229 862 5302 in
890 5226 1094 5302 cathedrali
1122 5228 1301 5300 maiorem
1329 5243 1418 5324 post
1445 5228 1592 5324 pontifi-

90 5355 216 5440 calem,
248 5353 311 5427 vel
342 5351 377 5425 in
406 5350 604 5451 collegiata
632 5353 799 5428 Ecclesia
827 5353 1067 5450 principalem
1100 5353 1323 5438 obtinentes,
1354 5354 1404 5426 ad
1432 5353 1591 5426 officium
