3748 5914
752 286 917 345 Clemente
938 286 1003 346 VII

832 611 918 690 152.

128 771 288 848 Clemens
324 775 408 850 VII
424 774 524 848 tetta
556 801 628 847 nen
657 775 830 874 expedite
857 773 1036 849 «Debita
1055 775 1391 848 consideratione»
1419 772 1624 872 privelegie

204 900 517 998 expectetieernm
552 899 797 974 Auditeribus
825 899 943 972 Rotae
973 925 1135 972 concesse
1163 899 1208 972 ab
1240 898 1463 972 Alexandro
1501 898 1562 973 VI
1590 909 1626 971 et

196 1051 220 1096 a
241 1023 337 1096 Inlio
365 1024 416 1096 II
435 1025 665 1115 confirmata,
687 1027 822 1097 iterum
849 1023 1008 1097 concedit
1032 1033 1068 1096 et
1092 1023 1298 1114 confirmat.

206 1181 325 1252 (Anca.
343 1179 430 1251 Ros,
454 1179 670 1254 ‹Priur'lege'a
682 1205 708 1254 »,
731 1179 818 1240 Tom.
837 1179 865 1252 I,
879 1185 967 1254 part.
986 1183 1015 1250 I,
1034 1197 1066 1238 n.
1085 1179 1255 1254 XXXIII).

836 1433 921 1511 153.

211 1594 372 1670 Clemens
399 1597 482 1671 VII
500 1595 703 1670 Auditores
729 1597 847 1669 Rotae
873 1621 1068 1692 eorumque
1093 1595 1186 1668 bona
1213 1621 1257 1668 ac
1283 1593 1452 1688 benefiezie
1478 1595 1519 1666 in
1541 1594 1624 1691 qni-

125 1721 190 1794 bus
223 1733 295 1819 pro
328 1730 484 1820 tempere
517 1721 757 1796 deservissent
789 1722 897 1795 ‹sub
933 1721 1032 1795 beati
1066 1720 1165 1793 Petri
1196 1735 1235 1793 et
1268 1719 1378 1793 Sedis
1416 1717 1623 1815 apostolice

134 1871 216 1920 «ac
242 1846 339 1943 (sua)
374 1845 620 1942 protectione,
650 1846 873 1920 auctoritate
901 1819 1119 1942 apostolica,
1151 1844 1326 1940 suscepit,
1366 1859 1404 1917 et
1440 1843 1489 1916 ab
1525 1843 1625 1916 omni

135 1972 422 2046 <iurisdictione
450 1971 564 2044 etiam
593 1971 823 2068 Legatorum
851 1995 873 2043 a
900 1970 1028 2055 latere,
1051 1969 1337 2064 Episcoporum,
1359 1967 1626 2063 Archiepisco·

135 2123 317 2195 «porum,
339 2097 569 2193 prelatorum
597 2113 637 2170 et
664 2096 945 2182 ordinariorum,
967 2093 1190 2189 illorumque
1208 2091 1449 2179 Vicariorum,
1473 2091 1625 2166 Officia·

135 2221 271 2310 ‹lium‚
302 2221 611 2296 Locatenentium
639 2236 680 2294 et
706 2220 871 2293 iudicum
899 2219 1014 2292 etiam
1032 2219 1082 2292 ab
1109 2218 1316 2314 apostolica
1335 2218 1436 2293 Sede
1465 2219 1624 2312 deputa-

135 2377 151 2419 «
172 2363 308 2430 torum,
339 2362 494 2420 nuncet
521 2372 591 2443 pro
609 2361 782 2440 tempore
800 2344 1048 2430 existentium,
1070 2344 1297 2440 ipsosque...
1319 2358 1358 2416 et
1376 2367 1507 2416 eorum
1527 2343 1627 2417 bona

134 2474 335 2568 «propria,
366 2473 507 2546 tamin
536 2471 642 2546 Urbe
678 2495 791 2567 quam
823 2486 931 2544 extra
967 2495 1062 2555 eam,
1092 2494 1115 2541 a
1148 2468 1334 2542 solutione
1371 2483 1409 2542 et
1435 2467 1626 2541 taxatione

136 2620 495 2695 <quorumcumque
523 2597 750 2672 decimarum
778 2595 892 2669 etiarn
920 2595 1108 2691 papalium
1138 2609 1176 2666 et
1207 2591 1466 2690 pedagiorum,
1501 2591 1627 2690 gabel-

135 2723 291 2796 ‹larum
319 2738 435 2818 atque
453 2721 706 2806 bullettarum,
729 2744 1052 2816 quorumcumque
1071 2743 1226 2793 onerum
1247 2733 1323 2792 tam
1352 2718 1623 2791 ordinariorum

135 2871 288 2943 <quam
324 2847 714 2932 extraordinariorum,
752 2845 977 2941 ubicumque
1014 2843 1193 2930 locorum,
1232 2843 1412 2939 gentium,
1443 2842 1623 2927 liberavit,

135 2971 397 3068 «liberosque,
418 2973 601 3046 immunes
629 2986 668 3044 et
694 2985 894 3066 exemptos
923 2969 1072 3043 omnino
1096 2969 1192 3054 iecit,
1215 2968 1408 3042 constituit
1434 2983 1474 3042 et
1502 2965 1627 3040 decla-

134 3125 151 3168 <
172 3099 315 3173 ravit...
335 3099 494 3194 Insuper
510 3111 639 3169 contra
657 3121 726 3170 eos
741 3093 880 3168 nullum
899 3093 1057 3166 iudicem
1072 3092 1278 3189 procedere
1297 3115 1412 3188 posse
1432 3091 1627 3165 constituit

137 3221 314 3320 ‹quavis‘
334 3248 382 3296 ex
409 3247 523 3295 causa
551 3220 665 3294 etiam
702 3221 845 3293 ratione
882 3217 1015 3303 delicti,
1046 3243 1114 3292 seu
1143 3232 1368 3301 contractus,
1398 3233 1464 3290 aut
1493 3216 1546 3290 rei
1578 3216 1627 3290 de

136 3372 249 3444 «qua
276 3347 402 3445 agitur
428 3347 690 3440 ubicumque»
724 3353 760 3417 et
784 3343 972 3443 complura
1000 3342 1079 3415 alen
1098 3342 1302 3440 privelegr'e
1330 3343 1421 3440 ipsis
1441 3341 1625 3439 largitur,

128 3497 221 3568 qnae
249 3471 368 3546 Bulla
395 3471 598 3568 insequenti
621 3470 719 3544 inter
745 3477 862 3544 cetere
889 3469 1119 3542 eontinentur
1145 3475 1180 3540 et
1204 3466 1484 3562 confirmantur.
1512 3488 1624 3560 1523,

130 3596 303 3672 februarii
334 3617 395 3690 25,
412 3597 569 3671 Romae.

207 3753 324 3826 (Atreu.
344 3753 430 3827 Ros,
454 3751 672 3825 «Pre'vttegta
684 3775 711 3823 ι,
726 3755 814 3825 part.
833 3750 862 3822 I,
879 3766 912 3807 n.
932 3747 1104 3820 XXXIV).

845 4005 931 4083 154.

132 4168 295 4244 Clemens
331 4169 413 4243 VII
432 4167 678 4242 Ande'tem'bns
714 4169 832 4241 Rotae
867 4166 1056 4266 complure
1091 4167 1260 4262 largitur
1287 4163 1503 4263 pm'nelegz‘a,
1532 4165 1630 4271 inter

209 4319 303 4392 qnae
311 4293 530 4387 facultatem
548 4292 733 4366 renitendi
744 4292 862 4391 plura
888 4292 1058 4376 beneficia
1076 4289 1370 4388 e'ncompatibzlen,
1386 4288 1458 4361 st'be'
1472 4287 1633 4384 eligendi

214 4418 498 4514 Cmsessarinm,
531 4415 690 4492 lebendi
714 4417 835 4490 altare
858 4415 1031 4514 portatile
1057 4425 1118 4488 etc.

210 4575 325 4648 (Atreu.
344 4575 431 4648 Ros,
454 4599 467 4626 ι
479 4573 711 4648 Pre've'lege‘av,
733 4579 809 4633 tom.
828 4572 960 4648 Lpart.
979 4571 1007 4646 J,
1026 4588 1058 4631 n.
1078 4569 1251 4642 XXXVI).

890 4673 892 4679 ’
1227 4712 1305 4784 1525,
1322 4710 1454 4785 augusti
1471 4709 1498 4781 2,
1517 4709 1629 4796 Rome.

211 4866 389 4942 Clemens
408 4865 621 4962 episcopus
640 4889 771 4938 servus
786 4887 978 4936 servorum
996 4862 1080 4936 Dei.
1101 4860 1165 4934 Ad
1179 4875 1401 4956 perpetuam
1419 4857 1472 4931 rei
1487 4882 1629 4931 memo-

128 4993 234 5068 riam.
267 4989 440 5065 Convene't
463 4989 617 5087 equitati
640 4990 798 5063 Romani
835 4985 1021 5063 Pontificis
1049 4985 1164 5083 digna
1200 5009 1271 5080 pro
1307 4984 1449 5056 meritis
1485 4984 1629 5079 premia

128 5116 395 5214 compensatio,
416 5114 487 5188 illis
514 5115 681 5210 potiores
708 5114 869 5211 gracias,
888 5127 928 5184 et
954 5111 1103 5185 favores
1131 5108 1310 5206 impartiri
1338 5107 1540 5181 efficaciter
1564 5107 1629 5202 qui

129 5265 205 5316 non
224 5240 346 5316 solum
365 5264 435 5336 pro
454 5240 538 5336 ipso
558 5239 730 5310 Romano
751 5236 926 5311 Pontifice
947 5236 1015 5309 sed
1034 5235 1146 5308 etiam
1167 5259 1237 5331 pro
1256 5232 1453 5306 universali
1472 5231 1630 5307 ecclesia

127 5391 173 5440 ac
201 5365 305 5440 sedis
321 5365 529 5461 apostolice
548 5364 701 5451 honore,
724 5378 763 5436 et
790 5363 961 5459 personis
989 5362 1039 5434 ad
1063 5359 1161 5433 illam
1190 5357 1463 5434 confluentibus
1490 5356 1634 5430 iusticia
