<?xml version="1.0" encoding="UTF-8"?>
<!DOCTYPE html PUBLIC "-//W3C//DTD XHTML 1.0 Transitional//EN"
    "http://www.w3.org/TR/xhtml1/DTD/xhtml1-transitional.dtd">
<html xmlns="http://www.w3.org/1999/xhtml" xml:lang="en" lang="en">
 <head>
  <title>
</title>
<meta http-equiv="Content-Type" content="text/html;charset=utf-8" />
  <meta name='ocr-system' content='tesseract 3.04.00' />
  <meta name='ocr-capabilities' content='ocr_page ocr_carea ocr_par ocr_line ocrx_word'/>
</head>
<body>
  <div class='ocr_page' id='page_1' title='image "./capellanipapaee00cercgoog_0531.png"; bbox 0 0 3718 5918; ppageno 0'>
   <div class='ocr_carea' id='block_1_1' title="bbox 695 338 1619 415">
    <p class='ocr_par' dir='ltr' id='par_1_1' title="bbox 695 338 1619 415">
     <span class='ocr_line' id='line_1_1' title="bbox 695 338 1619 415; baseline -0.002 -15"><span class='ocrx_word' id='word_1_1' title='bbox 695 341 873 400; x_wconf 70' lang='lat' dir='ltr'>amaran</span> <span class='ocrx_word' id='word_1_2' title='bbox 890 338 1039 415; x_wconf 61' lang='lat' dir='ltr'>xrrrt)</span> <span class='ocrx_word' id='word_1_3' title='bbox 1565 339 1619 398; x_wconf 74' lang='lat' dir='ltr'>aar</span> 
     </span>
    </p>
   </div>
   <div class='ocr_carea' id='block_1_2' title="bbox 115 531 1622 2753">
    <p class='ocr_par' dir='ltr' id='par_1_2' title="bbox 118 531 1621 1131">
     <span class='ocr_line' id='line_1_2' title="bbox 196 531 1621 632; baseline -0.001 -25"><span class='ocrx_word' id='word_1_4' title='bbox 196 534 314 608; x_wconf 91' lang='lat' dir='ltr'>lmmo</span> <span class='ocrx_word' id='word_1_5' title='bbox 341 558 425 607; x_wconf 91' lang='lat' dir='ltr'>cum</span> <span class='ocrx_word' id='word_1_6' title='bbox 453 534 490 607; x_wconf 92' lang='lat' dir='ltr'>in</span> <span class='ocrx_word' id='word_1_7' title='bbox 519 533 675 607; x_wconf 90' lang='lat' dir='ltr'>materia</span> <span class='ocrx_word' id='word_1_8' title='bbox 702 533 927 630; x_wconf 84' lang='lat' dir='ltr'>pensionum</span> <span class='ocrx_word' id='word_1_9' title='bbox 955 533 1137 632; x_wconf 71' lang='lat' dir='ltr'>obligatio</span> <span class='ocrx_word' id='word_1_10' title='bbox 1165 531 1374 607; x_wconf 78' lang='lat' dir='ltr'>Camenalis</span> <span class='ocrx_word' id='word_1_11' title='bbox 1411 532 1499 606; x_wconf 87' lang='lat' dir='ltr'>nihil</span> <span class='ocrx_word' id='word_1_12' title='bbox 1536 532 1621 630; x_wconf 91' lang='lat' dir='ltr'>plus</span> 
     </span>
     <span class='ocr_line' id='line_1_3' title="bbox 118 656 1620 755; baseline -0.001 -23"><span class='ocrx_word' id='word_1_13' title='bbox 118 659 204 734; x_wconf 89' lang='lat' dir='ltr'>iuris</span> <span class='ocrx_word' id='word_1_14' title='bbox 233 660 382 745; x_wconf 85' lang='lat' dir='ltr'>tribuat,</span> <span class='ocrx_word' id='word_1_15' title='bbox 412 683 526 755; x_wconf 85' lang='lat' dir='ltr'>quarn</span> <span class='ocrx_word' id='word_1_16' title='bbox 563 659 645 754; x_wconf 89' lang='lat' dir='ltr'>ipsa</span> <span class='ocrx_word' id='word_1_17' title='bbox 672 657 905 755; x_wconf 88' lang='lat' dir='ltr'>supplicatio,</span> <span class='ocrx_word' id='word_1_18' title='bbox 936 675 975 732; x_wconf 90' lang='lat' dir='ltr'>et</span> <span class='ocrx_word' id='word_1_19' title='bbox 1012 659 1065 732; x_wconf 92' lang='lat' dir='ltr'>sic</span> <span class='ocrx_word' id='word_1_20' title='bbox 1099 658 1149 732; x_wconf 89' lang='lat' dir='ltr'>de</span> <span class='ocrx_word' id='word_1_21' title='bbox 1183 657 1303 755; x_wconf 88' lang='lat' dir='ltr'>ipsius</span> <span class='ocrx_word' id='word_1_22' title='bbox 1340 656 1620 754; x_wconf 83' lang='lat' dir='ltr'>supplicationis</span> 
     </span>
     <span class='ocr_line' id='line_1_4' title="bbox 118 781 1621 882; baseline -0.001 -24"><span class='ocrx_word' id='word_1_23' title='bbox 118 785 245 882; x_wconf 87' lang='lat' dir='ltr'>vigore</span> <span class='ocrx_word' id='word_1_24' title='bbox 279 784 457 882; x_wconf 74' lang='lat' dir='ltr'>cognosci</span> <span class='ocrx_word' id='word_1_25' title='bbox 493 783 745 880; x_wconf 81' lang='lat' dir='ltr'>principaliter</span> <span class='ocrx_word' id='word_1_26' title='bbox 780 782 928 872; x_wconf 88' lang='lat' dir='ltr'>debeat,</span> <span class='ocrx_word' id='word_1_27' title='bbox 959 783 1090 881; x_wconf 92' lang='lat' dir='ltr'>procul</span> <span class='ocrx_word' id='word_1_28' title='bbox 1126 783 1241 857; x_wconf 92' lang='lat' dir='ltr'>dubio</span> <span class='ocrx_word' id='word_1_29' title='bbox 1278 807 1345 856; x_wconf 90' lang='lat' dir='ltr'>nec</span> <span class='ocrx_word' id='word_1_30' title='bbox 1381 781 1621 880; x_wconf 83' lang='lat' dir='ltr'>obligationis</span> 
     </span>
     <span class='ocr_line' id='line_1_5' title="bbox 120 906 1620 1006; baseline -0.001 -24"><span class='ocrx_word' id='word_1_31' title='bbox 120 908 302 982; x_wconf 87' lang='lat' dir='ltr'>Camerae</span> <span class='ocrx_word' id='word_1_32' title='bbox 331 907 564 1006; x_wconf 90' lang='lat' dir='ltr'>privilegium</span> <span class='ocrx_word' id='word_1_33' title='bbox 594 908 630 980; x_wconf 92' lang='lat' dir='ltr'>in</span> <span class='ocrx_word' id='word_1_34' title='bbox 658 909 728 982; x_wconf 91' lang='lat' dir='ltr'>hoc</span> <span class='ocrx_word' id='word_1_35' title='bbox 755 907 957 1005; x_wconf 88' lang='lat' dir='ltr'>quicquam</span> <span class='ocrx_word' id='word_1_36' title='bbox 991 931 1152 1005; x_wconf 87' lang='lat' dir='ltr'>operare</span> <span class='ocrx_word' id='word_1_37' title='bbox 1180 909 1338 982; x_wconf 84' lang='lat' dir='ltr'>deberet</span> <span class='ocrx_word' id='word_1_38' title='bbox 1365 908 1415 982; x_wconf 90' lang='lat' dir='ltr'>ad</span> <span class='ocrx_word' id='word_1_39' title='bbox 1446 906 1620 981; x_wconf 86' lang='lat' dir='ltr'>eflectum</span> 
     </span>
     <span class='ocr_line' id='line_1_6' title="bbox 121 1031 1111 1131; baseline 0.002 -25"><span class='ocrx_word' id='word_1_40' title='bbox 121 1049 160 1106; x_wconf 94' lang='lat' dir='ltr'>ut</span> <span class='ocrx_word' id='word_1_41' title='bbox 187 1032 327 1106; x_wconf 90' lang='lat' dir='ltr'>similes</span> <span class='ocrx_word' id='word_1_42' title='bbox 355 1058 492 1108; x_wconf 88' lang='lat' dir='ltr'>causae</span> <span class='ocrx_word' id='word_1_43' title='bbox 521 1035 733 1131; x_wconf 89' lang='lat' dir='ltr'>pertineant</span> <span class='ocrx_word' id='word_1_44' title='bbox 759 1033 809 1106; x_wconf 90' lang='lat' dir='ltr'>ad</span> <span class='ocrx_word' id='word_1_45' title='bbox 836 1033 958 1108; x_wconf 88' lang='lat' dir='ltr'>lorum</span> <span class='ocrx_word' id='word_1_46' title='bbox 987 1034 1036 1108; x_wconf 91' lang='lat' dir='ltr'>A.</span> <span class='ocrx_word' id='word_1_47' title='bbox 1066 1031 1111 1108; x_wconf 91' lang='lat' dir='ltr'>C.</span> 
     </span>
    </p>

    <p class='ocr_par' dir='ltr' id='par_1_3' title="bbox 115 1155 1622 1880">
     <span class='ocr_line' id='line_1_7' title="bbox 197 1155 1617 1254; baseline 0.001 -24"><span class='ocrx_word' id='word_1_48' title='bbox 197 1157 248 1232; x_wconf 85' lang='lat' dir='ltr'>Et</span> <span class='ocrx_word' id='word_1_49' title='bbox 275 1173 381 1232; x_wconf 90' lang='lat' dir='ltr'>tanto</span> <span class='ocrx_word' id='word_1_50' title='bbox 409 1156 542 1244; x_wconf 91' lang='lat' dir='ltr'>minus,</span> <span class='ocrx_word' id='word_1_51' title='bbox 572 1183 620 1231; x_wconf 86' lang='lat' dir='ltr'>ex</span> <span class='ocrx_word' id='word_1_52' title='bbox 646 1182 725 1254; x_wconf 90' lang='lat' dir='ltr'>quo</span> <span class='ocrx_word' id='word_1_53' title='bbox 753 1181 905 1254; x_wconf 87' lang='lat' dir='ltr'>semper</span> <span class='ocrx_word' id='word_1_54' title='bbox 940 1159 977 1232; x_wconf 90' lang='lat' dir='ltr'>iu</span> <span class='ocrx_word' id='word_1_55' title='bbox 1013 1155 1253 1235; x_wconf 83' lang='lat' dir='ltr'>facultatibus</span> <span class='ocrx_word' id='word_1_56' title='bbox 1285 1157 1467 1254; x_wconf 90' lang='lat' dir='ltr'>cuiusque</span> <span class='ocrx_word' id='word_1_57' title='bbox 1494 1159 1543 1232; x_wconf 88' lang='lat' dir='ltr'>A.</span> <span class='ocrx_word' id='word_1_58' title='bbox 1573 1156 1617 1232; x_wconf 88' lang='lat' dir='ltr'>C.</span> 
     </span>
     <span class='ocr_line' id='line_1_8' title="bbox 117 1281 1622 1379; baseline 0.001 -24"><span class='ocrx_word' id='word_1_59' title='bbox 117 1282 152 1356; x_wconf 89' lang='lat' dir='ltr'>in</span> <span class='ocrx_word' id='word_1_60' title='bbox 179 1282 253 1357; x_wconf 88' lang='lat' dir='ltr'>fine</span> <span class='ocrx_word' id='word_1_61' title='bbox 280 1283 447 1379; x_wconf 90' lang='lat' dir='ltr'>ipsarum</span> <span class='ocrx_word' id='word_1_62' title='bbox 474 1282 584 1357; x_wconf 86' lang='lat' dir='ltr'>adest</span> <span class='ocrx_word' id='word_1_63' title='bbox 610 1281 780 1358; x_wconf 83' lang='lat' dir='ltr'>clausula</span> <span class='ocrx_word' id='word_1_64' title='bbox 798 1281 1066 1358; x_wconf 86' lang='lat' dir='ltr'>modificatoria</span> <span class='ocrx_word' id='word_1_65' title='bbox 1084 1281 1303 1358; x_wconf 85' lang='lat' dir='ltr'>earumdem</span> <span class='ocrx_word' id='word_1_66' title='bbox 1328 1281 1557 1371; x_wconf 79' lang='lat' dir='ltr'>facultatum,</span> <span class='ocrx_word' id='word_1_67' title='bbox 1580 1297 1622 1356; x_wconf 90' lang='lat' dir='ltr'>ut</span> 
     </span>
     <span class='ocr_line' id='line_1_9' title="bbox 117 1405 1621 1504; baseline 0.002 -25"><span class='ocrx_word' id='word_1_68' title='bbox 117 1431 184 1504; x_wconf 87' lang='lat' dir='ltr'>per</span> <span class='ocrx_word' id='word_1_69' title='bbox 210 1432 277 1481; x_wconf 91' lang='lat' dir='ltr'>eas</span> <span class='ocrx_word' id='word_1_70' title='bbox 304 1429 379 1482; x_wconf 89' lang='lat' dir='ltr'>nou</span> <span class='ocrx_word' id='word_1_71' title='bbox 407 1421 607 1482; x_wconf 82' lang='lat' dir='ltr'>censeatur</span> <span class='ocrx_word' id='word_1_72' title='bbox 635 1431 827 1482; x_wconf 86' lang='lat' dir='ltr'>recessum</span> <span class='ocrx_word' id='word_1_73' title='bbox 854 1433 878 1480; x_wconf 93' lang='lat' dir='ltr'>a</span> <span class='ocrx_word' id='word_1_74' title='bbox 906 1407 1004 1482; x_wconf 87' lang='lat' dir='ltr'>dicta</span> <span class='ocrx_word' id='word_1_75' title='bbox 1032 1407 1314 1482; x_wconf 83' lang='lat' dir='ltr'>Reformatione</span> <span class='ocrx_word' id='word_1_76' title='bbox 1342 1405 1448 1480; x_wconf 91' lang='lat' dir='ltr'>PiiV</span> <span class='ocrx_word' id='word_1_77' title='bbox 1477 1431 1545 1482; x_wconf 89' lang='lat' dir='ltr'>nec</span> <span class='ocrx_word' id='word_1_78' title='bbox 1571 1409 1621 1482; x_wconf 89' lang='lat' dir='ltr'>ab</span> 
     </span>
     <span class='ocr_line' id='line_1_10' title="bbox 115 1531 1619 1632; baseline 0.001 -27"><span class='ocrx_word' id='word_1_79' title='bbox 115 1532 186 1606; x_wconf 86' lang='lat' dir='ltr'>alia</span> <span class='ocrx_word' id='word_1_80' title='bbox 214 1532 267 1606; x_wconf 91' lang='lat' dir='ltr'>Pii</span> <span class='ocrx_word' id='word_1_81' title='bbox 293 1532 357 1610; x_wconf 91' lang='lat' dir='ltr'>IV.</span> <span class='ocrx_word' id='word_1_82' title='bbox 388 1533 518 1620; x_wconf 90' lang='lat' dir='ltr'>lmmo,</span> <span class='ocrx_word' id='word_1_83' title='bbox 537 1533 642 1630; x_wconf 89' lang='lat' dir='ltr'>quod</span> <span class='ocrx_word' id='word_1_84' title='bbox 671 1531 794 1607; x_wconf 87' lang='lat' dir='ltr'>dictae</span> <span class='ocrx_word' id='word_1_85' title='bbox 821 1532 1125 1608; x_wconf 82' lang='lat' dir='ltr'>Reformationes</span> <span class='ocrx_word' id='word_1_86' title='bbox 1153 1532 1203 1606; x_wconf 91' lang='lat' dir='ltr'>ad</span> <span class='ocrx_word' id='word_1_87' title='bbox 1230 1557 1396 1632; x_wconf 89' lang='lat' dir='ltr'>unguem</span> <span class='ocrx_word' id='word_1_88' title='bbox 1425 1533 1619 1608; x_wconf 85' lang='lat' dir='ltr'>observari</span> 
     </span>
     <span class='ocr_line' id='line_1_11' title="bbox 116 1656 1621 1755; baseline 0.002 -27"><span class='ocrx_word' id='word_1_89' title='bbox 116 1657 297 1743; x_wconf 88' lang='lat' dir='ltr'>debeant;</span> <span class='ocrx_word' id='word_1_90' title='bbox 327 1656 561 1731; x_wconf 85' lang='lat' dir='ltr'>Cancellaria</span> <span class='ocrx_word' id='word_1_91' title='bbox 588 1681 680 1732; x_wconf 89' lang='lat' dir='ltr'>vero</span> <span class='ocrx_word' id='word_1_92' title='bbox 709 1681 900 1754; x_wconf 90' lang='lat' dir='ltr'>nunquam</span> <span class='ocrx_word' id='word_1_93' title='bbox 937 1681 1007 1755; x_wconf 89' lang='lat' dir='ltr'>pro</span> <span class='ocrx_word' id='word_1_94' title='bbox 1038 1673 1242 1732; x_wconf 86' lang='lat' dir='ltr'>executore</span> <span class='ocrx_word' id='word_1_95' title='bbox 1276 1657 1483 1732; x_wconf 82' lang='lat' dir='ltr'>litterarum</span> <span class='ocrx_word' id='word_1_96' title='bbox 1517 1659 1621 1754; x_wconf 94' lang='lat' dir='ltr'>Apo·</span> 
     </span>
     <span class='ocr_line' id='line_1_12' title="bbox 119 1781 672 1880; baseline 0.002 -25"><span class='ocrx_word' id='word_1_97' title='bbox 119 1781 335 1857; x_wconf 89' lang='lat' dir='ltr'>stolicarum</span> <span class='ocrx_word' id='word_1_98' title='bbox 363 1783 522 1880; x_wconf 87' lang='lat' dir='ltr'>deputat</span> <span class='ocrx_word' id='word_1_99' title='bbox 549 1781 599 1857; x_wconf 90' lang='lat' dir='ltr'>A.</span> <span class='ocrx_word' id='word_1_100' title='bbox 629 1781 672 1856; x_wconf 91' lang='lat' dir='ltr'>C.</span> 
     </span>
    </p>

    <p class='ocr_par' dir='ltr' id='par_1_4' title="bbox 117 1905 1621 2753">
     <span class='ocr_line' id='line_1_13' title="bbox 195 1905 1621 2005; baseline 0 -25"><span class='ocrx_word' id='word_1_101' title='bbox 195 1905 335 2000; x_wconf 85' lang='lat' dir='ltr'>Quoad</span> <span class='ocrx_word' id='word_1_102' title='bbox 362 1907 664 1992; x_wconf 83' lang='lat' dir='ltr'>matrimoniales,</span> <span class='ocrx_word' id='word_1_103' title='bbox 682 1907 839 1981; x_wconf 89' lang='lat' dir='ltr'>dicimus</span> <span class='ocrx_word' id='word_1_104' title='bbox 857 1908 961 2005; x_wconf 89' lang='lat' dir='ltr'>quod</span> <span class='ocrx_word' id='word_1_105' title='bbox 980 1908 1062 2004; x_wconf 87' lang='lat' dir='ltr'>ipse</span> <span class='ocrx_word' id='word_1_106' title='bbox 1080 1908 1159 1982; x_wconf 91' lang='lat' dir='ltr'>iure</span> <span class='ocrx_word' id='word_1_107' title='bbox 1177 1909 1375 1994; x_wconf 90' lang='lat' dir='ltr'>ordinario,</span> <span class='ocrx_word' id='word_1_108' title='bbox 1397 1931 1471 1982; x_wconf 93' lang='lat' dir='ltr'>non</span> <span class='ocrx_word' id='word_1_109' title='bbox 1491 1921 1621 2004; x_wconf 90' lang='lat' dir='ltr'>potest</span> 
     </span>
     <span class='ocr_line' id='line_1_14' title="bbox 117 2031 1621 2129; baseline 0.002 -26"><span class='ocrx_word' id='word_1_110' title='bbox 117 2031 329 2107; x_wconf 87' lang='lat' dir='ltr'>huiusmodi</span> <span class='ocrx_word' id='word_1_111' title='bbox 357 2057 493 2106; x_wconf 85' lang='lat' dir='ltr'>causas</span> <span class='ocrx_word' id='word_1_112' title='bbox 509 2033 752 2129; x_wconf 78' lang='lat' dir='ltr'>cognoscere,</span> <span class='ocrx_word' id='word_1_113' title='bbox 773 2047 920 2106; x_wconf 88' lang='lat' dir='ltr'>attento</span> <span class='ocrx_word' id='word_1_114' title='bbox 939 2031 1044 2129; x_wconf 91' lang='lat' dir='ltr'>quod</span> <span class='ocrx_word' id='word_1_115' title='bbox 1063 2057 1200 2106; x_wconf 87' lang='lat' dir='ltr'>causae</span> <span class='ocrx_word' id='word_1_116' title='bbox 1219 2031 1509 2106; x_wconf 84' lang='lat' dir='ltr'>matrimoniales</span> <span class='ocrx_word' id='word_1_117' title='bbox 1532 2047 1621 2106; x_wconf 90' lang='lat' dir='ltr'>sunt</span> 
     </span>
     <span class='ocr_line' id='line_1_15' title="bbox 118 2157 1619 2255; baseline 0.001 -25"><span class='ocrx_word' id='word_1_118' title='bbox 118 2157 270 2252; x_wconf 88' lang='lat' dir='ltr'>speciali</span> <span class='ocrx_word' id='word_1_119' title='bbox 298 2172 389 2230; x_wconf 84' lang='lat' dir='ltr'>nota</span> <span class='ocrx_word' id='word_1_120' title='bbox 415 2157 598 2254; x_wconf 61' lang='lat' dir='ltr'>ngnum,</span> <span class='ocrx_word' id='word_1_121' title='bbox 629 2172 669 2230; x_wconf 89' lang='lat' dir='ltr'>et</span> <span class='ocrx_word' id='word_1_122' title='bbox 696 2179 772 2231; x_wconf 91' lang='lat' dir='ltr'>non</span> <span class='ocrx_word' id='word_1_123' title='bbox 799 2172 961 2254; x_wconf 88' lang='lat' dir='ltr'>possunt</span> <span class='ocrx_word' id='word_1_124' title='bbox 988 2157 1167 2255; x_wconf 83' lang='lat' dir='ltr'>cognosci</span> <span class='ocrx_word' id='word_1_125' title='bbox 1194 2158 1263 2232; x_wconf 91' lang='lat' dir='ltr'>nisi</span> <span class='ocrx_word' id='word_1_126' title='bbox 1299 2183 1369 2253; x_wconf 87' lang='lat' dir='ltr'>per</span> <span class='ocrx_word' id='word_1_127' title='bbox 1395 2157 1619 2234; x_wconf 83' lang='lat' dir='ltr'>existentem</span> 
     </span>
     <span class='ocr_line' id='line_1_16' title="bbox 117 2279 1620 2380; baseline 0 -26"><span class='ocrx_word' id='word_1_128' title='bbox 117 2281 153 2354; x_wconf 93' lang='lat' dir='ltr'>in</span> <span class='ocrx_word' id='word_1_129' title='bbox 180 2281 366 2380; x_wconf 83' lang='lat' dir='ltr'>dignitate</span> <span class='ocrx_word' id='word_1_130' title='bbox 391 2279 596 2378; x_wconf 89' lang='lat' dir='ltr'>episcopali</span> <span class='ocrx_word' id='word_1_131' title='bbox 623 2279 759 2380; x_wconf 88' lang='lat' dir='ltr'>(qualis</span> <span class='ocrx_word' id='word_1_132' title='bbox 786 2282 835 2358; x_wconf 94' lang='lat' dir='ltr'>A.</span> <span class='ocrx_word' id='word_1_133' title='bbox 858 2282 900 2358; x_wconf 89' lang='lat' dir='ltr'>C.</span> <span class='ocrx_word' id='word_1_134' title='bbox 923 2305 997 2356; x_wconf 93' lang='lat' dir='ltr'>non</span> <span class='ocrx_word' id='word_1_135' title='bbox 1024 2283 1099 2380; x_wconf 83' lang='lat' dir='ltr'>est)</span> <span class='ocrx_word' id='word_1_136' title='bbox 1125 2296 1240 2378; x_wconf 86' lang='lat' dir='ltr'>prout</span> <span class='ocrx_word' id='word_1_137' title='bbox 1265 2282 1379 2356; x_wconf 90' lang='lat' dir='ltr'>etiam</span> <span class='ocrx_word' id='word_1_138' title='bbox 1407 2282 1620 2380; x_wconf 87' lang='lat' dir='ltr'>disponitur</span> 
     </span>
     <span class='ocr_line' id='line_1_17' title="bbox 119 2403 1621 2502; baseline 0.003 -26"><span class='ocrx_word' id='word_1_139' title='bbox 119 2405 154 2477; x_wconf 93' lang='lat' dir='ltr'>in</span> <span class='ocrx_word' id='word_1_140' title='bbox 183 2429 294 2481; x_wconf 88' lang='lat' dir='ltr'>sacro</span> <span class='ocrx_word' id='word_1_141' title='bbox 322 2404 490 2480; x_wconf 90' lang='lat' dir='ltr'>Concilio</span> <span class='ocrx_word' id='word_1_142' title='bbox 518 2404 741 2480; x_wconf 87' lang='lat' dir='ltr'>Tridentino</span> <span class='ocrx_word' id='word_1_143' title='bbox 769 2431 864 2481; x_wconf 89' lang='lat' dir='ltr'>sess.</span> <span class='ocrx_word' id='word_1_144' title='bbox 897 2429 958 2498; x_wconf 85' lang='lat'>24,</span> <span class='ocrx_word' id='word_1_145' title='bbox 988 2431 1070 2502; x_wconf 86' lang='lat' dir='ltr'>cap.</span> <span class='ocrx_word' id='word_1_146' title='bbox 1102 2427 1164 2482; x_wconf 87' lang='lat'>20.</span> <span class='ocrx_word' id='word_1_147' title='bbox 1194 2403 1323 2498; x_wconf 83' lang='lat' dir='ltr'>Quare</span> <span class='ocrx_word' id='word_1_148' title='bbox 1350 2407 1398 2480; x_wconf 94' lang='lat' dir='ltr'>A.</span> <span class='ocrx_word' id='word_1_149' title='bbox 1430 2405 1474 2481; x_wconf 91' lang='lat' dir='ltr'>C.</span> <span class='ocrx_word' id='word_1_150' title='bbox 1503 2405 1621 2480; x_wconf 88' lang='lat' dir='ltr'>absti-</span> 
     </span>
     <span class='ocr_line' id='line_1_18' title="bbox 120 2529 1619 2628; baseline 0.003 -26"><span class='ocrx_word' id='word_1_151' title='bbox 120 2547 207 2604; x_wconf 87' lang='lat' dir='ltr'>neat</span> <span class='ocrx_word' id='word_1_152' title='bbox 236 2535 271 2604; x_wconf 85' lang='lat' dir='ltr'>in</span> <span class='ocrx_word' id='word_1_153' title='bbox 309 2529 550 2627; x_wconf 89' lang='lat' dir='ltr'>procedendo</span> <span class='ocrx_word' id='word_1_154' title='bbox 580 2529 618 2602; x_wconf 93' lang='lat' dir='ltr'>in</span> <span class='ocrx_word' id='word_1_155' title='bbox 655 2529 867 2604; x_wconf 88' lang='lat' dir='ltr'>huiusmodi</span> <span class='ocrx_word' id='word_1_156' title='bbox 895 2531 1029 2616; x_wconf 89' lang='lat' dir='ltr'>causis,</span> <span class='ocrx_word' id='word_1_157' title='bbox 1058 2531 1128 2606; x_wconf 87' lang='lat' dir='ltr'>sed</span> <span class='ocrx_word' id='word_1_158' title='bbox 1164 2531 1360 2628; x_wconf 86' lang='lat' dir='ltr'>pennittat</span> <span class='ocrx_word' id='word_1_159' title='bbox 1394 2531 1499 2628; x_wconf 90' lang='lat' dir='ltr'>quod</span> <span class='ocrx_word' id='word_1_160' title='bbox 1535 2531 1619 2607; x_wconf 88' lang='lat' dir='ltr'>illae</span> 
     </span>
     <span class='ocr_line' id='line_1_19' title="bbox 119 2654 689 2753; baseline -0.002 -23"><span class='ocrx_word' id='word_1_161' title='bbox 119 2654 399 2730; x_wconf 86' lang='lat' dir='ltr'>committantur</span> <span class='ocrx_word' id='word_1_162' title='bbox 425 2679 448 2729; x_wconf 92' lang='lat' dir='ltr'>a</span> <span class='ocrx_word' id='word_1_163' title='bbox 477 2654 689 2753; x_wconf 87' lang='lat' dir='ltr'>Signatura.</span> 
     </span>
    </p>
   </div>
   <div class='ocr_carea' id='block_1_3' title="bbox 197 2779 1619 2884">
    <p class='ocr_par' dir='ltr' id='par_1_5' title="bbox 197 2779 1619 2884">
     <span class='ocr_line' id='line_1_20' title="bbox 197 2779 1619 2884; baseline 0.001 -32"><span class='ocrx_word' id='word_1_164' title='bbox 197 2780 263 2853; x_wconf 93' lang='lat' dir='ltr'>Ad</span> <span class='ocrx_word' id='word_1_165' title='bbox 301 2801 459 2875; x_wconf 84' lang='lat' dir='ltr'>quarum</span> <span class='ocrx_word' id='word_1_166' title='bbox 496 2779 623 2866; x_wconf 88' lang='lat' dir='ltr'>instar,</span> <span class='ocrx_word' id='word_1_167' title='bbox 658 2779 817 2884; x_wconf 78' lang='lat' dir='ltr'>veniunt·</span> <span class='ocrx_word' id='word_1_168' title='bbox 848 2779 963 2854; x_wconf 90' lang='lat' dir='ltr'>etiam</span> <span class='ocrx_word' id='word_1_169' title='bbox 998 2803 1136 2852; x_wconf 90' lang='lat' dir='ltr'>causae</span> <span class='ocrx_word' id='word_1_170' title='bbox 1170 2779 1483 2878; x_wconf 88' lang='lat' dir='ltr'>illegitimitatum,</span> <span class='ocrx_word' id='word_1_171' title='bbox 1521 2805 1619 2876; x_wconf 88' lang='lat' dir='ltr'>quae</span> 
     </span>
    </p>
   </div>
   <div class='ocr_carea' id='block_1_4' title="bbox 42 2903 1622 5472">
    <p class='ocr_par' dir='ltr' id='par_1_6' title="bbox 42 2903 1621 3230">
     <span class='ocr_line' id='line_1_21' title="bbox 118 2903 1620 3002; baseline 0.001 -25"><span class='ocrx_word' id='word_1_172' title='bbox 118 2920 205 2978; x_wconf 93' lang='lat' dir='ltr'>sunt</span> <span class='ocrx_word' id='word_1_173' title='bbox 234 2904 284 2978; x_wconf 91' lang='lat' dir='ltr'>de</span> <span class='ocrx_word' id='word_1_174' title='bbox 311 2903 525 2990; x_wconf 90' lang='lat' dir='ltr'>maioribus,</span> <span class='ocrx_word' id='word_1_175' title='bbox 555 2918 596 2978; x_wconf 91' lang='lat' dir='ltr'>et</span> <span class='ocrx_word' id='word_1_176' title='bbox 622 2904 747 3002; x_wconf 87' lang='lat' dir='ltr'>agitur</span> <span class='ocrx_word' id='word_1_177' title='bbox 773 2903 822 2977; x_wconf 93' lang='lat' dir='ltr'>de</span> <span class='ocrx_word' id='word_1_178' title='bbox 849 2929 964 2978; x_wconf 90' lang='lat' dir='ltr'>causa</span> <span class='ocrx_word' id='word_1_179' title='bbox 993 2920 1126 2991; x_wconf 89' lang='lat' dir='ltr'>status,</span> <span class='ocrx_word' id='word_1_180' title='bbox 1157 2903 1260 2978; x_wconf 90' lang='lat' dir='ltr'>etin</span> <span class='ocrx_word' id='word_1_181' title='bbox 1288 2905 1344 2978; x_wconf 89' lang='lat' dir='ltr'>eis</span> <span class='ocrx_word' id='word_1_182' title='bbox 1376 2906 1517 3002; x_wconf 87' lang='lat' dir='ltr'>pariter</span> <span class='ocrx_word' id='word_1_183' title='bbox 1544 2921 1620 2979; x_wconf 87' lang='lat' dir='ltr'>tra-</span> 
     </span>
     <span class='ocr_line' id='line_1_22' title="bbox 117 3026 1621 3128; baseline 0.001 -26"><span class='ocrx_word' id='word_1_184' title='bbox 117 3045 239 3103; x_wconf 87' lang='lat' dir='ltr'>ctatur</span> <span class='ocrx_word' id='word_1_185' title='bbox 268 3027 318 3102; x_wconf 90' lang='lat' dir='ltr'>de</span> <span class='ocrx_word' id='word_1_186' title='bbox 344 3028 581 3102; x_wconf 88' lang='lat' dir='ltr'>matrimonio</span> <span class='ocrx_word' id='word_1_187' title='bbox 611 3045 652 3102; x_wconf 88' lang='lat' dir='ltr'>et</span> <span class='ocrx_word' id='word_1_188' title='bbox 684 3026 812 3102; x_wconf 80' lang='lat' dir='ltr'>ledere</span> <span class='ocrx_word' id='word_1_189' title='bbox 848 3028 977 3124; x_wconf 89' lang='lat' dir='ltr'>ipsius,</span> <span class='ocrx_word' id='word_1_190' title='bbox 1007 3031 1112 3103; x_wconf 90' lang='lat' dir='ltr'>cuius</span> <span class='ocrx_word' id='word_1_191' title='bbox 1147 3029 1313 3128; x_wconf 88' lang='lat' dir='ltr'>cognitio</span> <span class='ocrx_word' id='word_1_192' title='bbox 1348 3055 1423 3104; x_wconf 93' lang='lat' dir='ltr'>non</span> <span class='ocrx_word' id='word_1_193' title='bbox 1458 3031 1621 3125; x_wconf 89' lang='lat' dir='ltr'>pertinet</span> 
     </span>
     <span class='ocr_line' id='line_1_23' title="bbox 42 3129 320 3230; baseline 0.011 -4"><span class='ocrx_word' id='word_1_194' title='bbox 42 3129 49 3150; x_wconf 62' lang='lat'>⁸</span> <span class='ocrx_word' id='word_1_195' title='bbox 116 3155 166 3226; x_wconf 92' lang='lat' dir='ltr'>ad</span> <span class='ocrx_word' id='word_1_196' title='bbox 194 3155 244 3230; x_wconf 92' lang='lat' dir='ltr'>A.</span> <span class='ocrx_word' id='word_1_197' title='bbox 276 3152 320 3229; x_wconf 91' lang='lat' dir='ltr'>C.</span> 
     </span>
    </p>

    <p class='ocr_par' dir='ltr' id='par_1_7' title="bbox 50 3276 1622 4244">
     <span class='ocr_line' id='line_1_24' title="bbox 198 3276 1618 3375; baseline 0 -23"><span class='ocrx_word' id='word_1_198' title='bbox 198 3276 289 3372; x_wconf 87' lang='lat' dir='ltr'>Quo</span> <span class='ocrx_word' id='word_1_199' title='bbox 316 3303 408 3352; x_wconf 89' lang='lat' dir='ltr'>vero</span> <span class='ocrx_word' id='word_1_200' title='bbox 434 3279 483 3352; x_wconf 91' lang='lat' dir='ltr'>ad</span> <span class='ocrx_word' id='word_1_201' title='bbox 512 3301 647 3351; x_wconf 85' lang='lat' dir='ltr'>causas</span> <span class='ocrx_word' id='word_1_202' title='bbox 675 3279 914 3364; x_wconf 88' lang='lat' dir='ltr'>decimarum,</span> <span class='ocrx_word' id='word_1_203' title='bbox 946 3302 1029 3351; x_wconf 91' lang='lat' dir='ltr'>cum</span> <span class='ocrx_word' id='word_1_204' title='bbox 1066 3302 1169 3352; x_wconf 89' lang='lat' dir='ltr'>mere</span> <span class='ocrx_word' id='word_1_205' title='bbox 1206 3292 1379 3375; x_wconf 88' lang='lat' dir='ltr'>spectent</span> <span class='ocrx_word' id='word_1_206' title='bbox 1412 3280 1461 3352; x_wconf 94' lang='lat' dir='ltr'>ad</span> <span class='ocrx_word' id='word_1_207' title='bbox 1497 3279 1618 3354; x_wconf 82' lang='lat' dir='ltr'>forum</span> 
     </span>
     <span class='ocr_line' id='line_1_25' title="bbox 115 3401 1620 3500; baseline 0.003 -26"><span class='ocrx_word' id='word_1_208' title='bbox 115 3402 421 3489; x_wconf 89' lang='lat' dir='ltr'>ecclesiasticum,</span> <span class='ocrx_word' id='word_1_209' title='bbox 441 3418 481 3477; x_wconf 89' lang='lat' dir='ltr'>et</span> <span class='ocrx_word' id='word_1_210' title='bbox 507 3401 544 3474; x_wconf 92' lang='lat' dir='ltr'>in</span> <span class='ocrx_word' id='word_1_211' title='bbox 572 3403 690 3498; x_wconf 86' lang='lat' dir='ltr'>prima</span> <span class='ocrx_word' id='word_1_212' title='bbox 719 3402 894 3476; x_wconf 86' lang='lat' dir='ltr'>instantia</span> <span class='ocrx_word' id='word_1_213' title='bbox 921 3401 1086 3476; x_wconf 88' lang='lat' dir='ltr'>debeant</span> <span class='ocrx_word' id='word_1_214' title='bbox 1108 3403 1285 3500; x_wconf 88' lang='lat' dir='ltr'>cognosci</span> <span class='ocrx_word' id='word_1_215' title='bbox 1304 3428 1374 3499; x_wconf 90' lang='lat' dir='ltr'>per</span> <span class='ocrx_word' id='word_1_216' title='bbox 1392 3404 1620 3479; x_wconf 87' lang='lat' dir='ltr'>ordinarium</span> 
     </span>
     <span class='ocr_line' id='line_1_26' title="bbox 116 3525 1619 3624; baseline 0.003 -27"><span class='ocrx_word' id='word_1_217' title='bbox 116 3525 268 3622; x_wconf 84' lang='lat' dir='ltr'>(Feder.</span> <span class='ocrx_word' id='word_1_218' title='bbox 297 3551 400 3600; x_wconf 89' lang='lat' dir='ltr'>cons.</span> <span class='ocrx_word' id='word_1_219' title='bbox 434 3528 524 3624; x_wconf 82' lang='lat'><strong>245)</strong></span> <span class='ocrx_word' id='word_1_220' title='bbox 552 3525 719 3613; x_wconf 88' lang='lat' dir='ltr'>dicimus,</span> <span class='ocrx_word' id='word_1_221' title='bbox 751 3526 929 3614; x_wconf 86' lang='lat' dir='ltr'>similiter,</span> <span class='ocrx_word' id='word_1_222' title='bbox 958 3525 1061 3623; x_wconf 92' lang='lat' dir='ltr'>quod</span> <span class='ocrx_word' id='word_1_223' title='bbox 1089 3527 1137 3602; x_wconf 94' lang='lat' dir='ltr'>A.</span> <span class='ocrx_word' id='word_1_224' title='bbox 1158 3526 1202 3602; x_wconf 93' lang='lat' dir='ltr'>C.</span> <span class='ocrx_word' id='word_1_225' title='bbox 1224 3527 1340 3602; x_wconf 90' lang='lat' dir='ltr'>debet</span> <span class='ocrx_word' id='word_1_226' title='bbox 1366 3529 1556 3602; x_wconf 88' lang='lat' dir='ltr'>abstinere</span> <span class='ocrx_word' id='word_1_227' title='bbox 1581 3528 1619 3602; x_wconf 93' lang='lat' dir='ltr'>in</span> 
     </span>
     <span class='ocr_line' id='line_1_27' title="bbox 50 3631 1622 3748; baseline 0.003 -27"><span class='ocrx_word' id='word_1_228' title='bbox 50 3695 57 3708; x_wconf 89' lang='lat'><strong>·</strong></span> <span class='ocrx_word' id='word_1_229' title='bbox 115 3649 331 3747; x_wconf 91' lang='lat' dir='ltr'>recipiendo</span> <span class='ocrx_word' id='word_1_230' title='bbox 359 3649 572 3724; x_wconf 88' lang='lat' dir='ltr'>huiusmodi</span> <span class='ocrx_word' id='word_1_231' title='bbox 604 3673 749 3740; x_wconf 86' lang='lat' dir='ltr'>causas,</span> <span class='ocrx_word' id='word_1_232' title='bbox 780 3654 869 3745; x_wconf 89' lang='lat' dir='ltr'>quia</span> <span class='ocrx_word' id='word_1_233' title='bbox 905 3649 968 3733; x_wconf 89' lang='lat' dir='ltr'>sic,</span> <span class='ocrx_word' id='word_1_234' title='bbox 999 3675 1069 3746; x_wconf 88' lang='lat' dir='ltr'>per</span> <span class='ocrx_word' id='word_1_235' title='bbox 1095 3650 1327 3738; x_wconf 89' lang='lat' dir='ltr'>indirectum,</span> <span class='ocrx_word' id='word_1_236' title='bbox 1357 3631 1622 3748; x_wconf 88' lang='lat' dir='ltr'>prohiberetur</span> 
     </span>
     <span class='ocr_line' id='line_1_28' title="bbox 115 3771 1618 3873; baseline 0.003 -26"><span class='ocrx_word' id='word_1_237' title='bbox 115 3771 344 3873; x_wconf 87' lang='lat' dir='ltr'>Signaturae</span> <span class='ocrx_word' id='word_1_238' title='bbox 373 3791 450 3848; x_wconf 90' lang='lat' dir='ltr'>tam</span> <span class='ocrx_word' id='word_1_239' title='bbox 477 3774 645 3848; x_wconf 84' lang='lat' dir='ltr'>iustitiae</span> <span class='ocrx_word' id='word_1_240' title='bbox 672 3799 785 3872; x_wconf 92' lang='lat' dir='ltr'>quam</span> <span class='ocrx_word' id='word_1_241' title='bbox 806 3775 961 3849; x_wconf 85' lang='lat' dir='ltr'>Gratiae</span> <span class='ocrx_word' id='word_1_242' title='bbox 980 3774 1193 3849; x_wconf 88' lang='lat' dir='ltr'>huiusmodi</span> <span class='ocrx_word' id='word_1_243' title='bbox 1211 3799 1346 3850; x_wconf 88' lang='lat' dir='ltr'>causas</span> <span class='ocrx_word' id='word_1_244' title='bbox 1364 3778 1618 3864; x_wconf 87' lang='lat' dir='ltr'>committere;</span> 
     </span>
     <span class='ocr_line' id='line_1_29' title="bbox 115 3899 1619 3998; baseline 0.003 -27"><span class='ocrx_word' id='word_1_245' title='bbox 115 3922 193 3995; x_wconf 89' lang='lat' dir='ltr'>quo</span> <span class='ocrx_word' id='word_1_246' title='bbox 221 3925 325 3984; x_wconf 87' lang='lat' dir='ltr'>casu,</span> <span class='ocrx_word' id='word_1_247' title='bbox 347 3925 431 3974; x_wconf 93' lang='lat' dir='ltr'>cum</span> <span class='ocrx_word' id='word_1_248' title='bbox 459 3923 547 3996; x_wconf 87' lang='lat' dir='ltr'>pars</span> <span class='ocrx_word' id='word_1_249' title='bbox 575 3914 768 3974; x_wconf 87' lang='lat' dir='ltr'>teneretur</span> <span class='ocrx_word' id='word_1_250' title='bbox 795 3899 973 3996; x_wconf 85' lang='lat' dir='ltr'>expedire</span> <span class='ocrx_word' id='word_1_251' title='bbox 1001 3900 1313 3986; x_wconf 90' lang='lat' dir='ltr'>commissionem,</span> <span class='ocrx_word' id='word_1_252' title='bbox 1340 3925 1439 3998; x_wconf 89' lang='lat' dir='ltr'>quae</span> <span class='ocrx_word' id='word_1_253' title='bbox 1467 3903 1619 3998; x_wconf 92' lang='lat' dir='ltr'>quidem</span> 
     </span>
     <span class='ocr_line' id='line_1_30' title="bbox 115 4023 1621 4121; baseline 0.001 -25"><span class='ocrx_word' id='word_1_254' title='bbox 115 4025 331 4098; x_wconf 91' lang='lat' dir='ltr'>commissio</span> <span class='ocrx_word' id='word_1_255' title='bbox 358 4025 439 4098; x_wconf 89' lang='lat' dir='ltr'>sine</span> <span class='ocrx_word' id='word_1_256' title='bbox 466 4023 591 4110; x_wconf 92' lang='lat' dir='ltr'>dubio,</span> <span class='ocrx_word' id='word_1_257' title='bbox 612 4039 654 4096; x_wconf 93' lang='lat' dir='ltr'>ut</span> <span class='ocrx_word' id='word_1_258' title='bbox 680 4024 911 4120; x_wconf 85' lang='lat' dir='ltr'>experientia</span> <span class='ocrx_word' id='word_1_259' title='bbox 939 4024 1061 4109; x_wconf 89' lang='lat' dir='ltr'>docet,</span> <span class='ocrx_word' id='word_1_260' title='bbox 1084 4049 1236 4121; x_wconf 88' lang='lat' dir='ltr'>semper</span> <span class='ocrx_word' id='word_1_261' title='bbox 1254 4025 1394 4099; x_wconf 88' lang='lat' dir='ltr'>directa</span> <span class='ocrx_word' id='word_1_262' title='bbox 1412 4025 1484 4099; x_wconf 89' lang='lat' dir='ltr'>erit</span> <span class='ocrx_word' id='word_1_263' title='bbox 1501 4025 1621 4100; x_wconf 92' lang='lat' dir='ltr'>Audi-</span> 
     </span>
     <span class='ocr_line' id='line_1_31' title="bbox 116 4149 1373 4244; baseline 0.012 -24"><span class='ocrx_word' id='word_1_264' title='bbox 116 4149 262 4224; x_wconf 89' lang='lat' dir='ltr'>toribus</span> <span class='ocrx_word' id='word_1_265' title='bbox 291 4149 425 4224; x_wconf 88' lang='lat' dir='ltr'>Rotae.</span> <span class='ocrx_word' id='word_1_266' title='bbox 1370 4235 1373 4244; x_wconf 80' lang='grc'><strong>,</strong></span> 
     </span>
    </p>

    <p class='ocr_par' dir='ltr' id='par_1_8' title="bbox 115 4273 1621 4622">
     <span class='ocr_line' id='line_1_32' title="bbox 195 4273 1621 4371; baseline -0.001 -23"><span class='ocrx_word' id='word_1_267' title='bbox 195 4273 385 4360; x_wconf 89' lang='lat' dir='ltr'>Similiter,</span> <span class='ocrx_word' id='word_1_268' title='bbox 415 4299 553 4349; x_wconf 90' lang='lat' dir='ltr'>causae</span> <span class='ocrx_word' id='word_1_269' title='bbox 581 4274 880 4348; x_wconf 88' lang='lat' dir='ltr'>Iurisdictionum</span> <span class='ocrx_word' id='word_1_270' title='bbox 916 4275 1013 4348; x_wconf 89' lang='lat' dir='ltr'>inter</span> <span class='ocrx_word' id='word_1_271' title='bbox 1049 4273 1290 4371; x_wconf 91' lang='lat' dir='ltr'>Episcopum,</span> <span class='ocrx_word' id='word_1_272' title='bbox 1321 4273 1549 4371; x_wconf 89' lang='lat' dir='ltr'>Capitulum,</span> <span class='ocrx_word' id='word_1_273' title='bbox 1581 4289 1621 4349; x_wconf 89' lang='lat' dir='ltr'>et</span> 
     </span>
     <span class='ocr_line' id='line_1_33' title="bbox 116 4398 1621 4496; baseline 0.003 -26"><span class='ocrx_word' id='word_1_274' title='bbox 116 4398 347 4495; x_wconf 87' lang='lat' dir='ltr'>Dignitates,</span> <span class='ocrx_word' id='word_1_275' title='bbox 369 4400 457 4496; x_wconf 90' lang='lat' dir='ltr'>quia</span> <span class='ocrx_word' id='word_1_276' title='bbox 484 4416 573 4474; x_wconf 92' lang='lat' dir='ltr'>sunt</span> <span class='ocrx_word' id='word_1_277' title='bbox 599 4423 738 4473; x_wconf 89' lang='lat' dir='ltr'>causae</span> <span class='ocrx_word' id='word_1_278' title='bbox 766 4399 938 4486; x_wconf 88' lang='lat' dir='ltr'>maiores,</span> <span class='ocrx_word' id='word_1_279' title='bbox 960 4399 1049 4474; x_wconf 91' lang='lat' dir='ltr'>Sedi</span> <span class='ocrx_word' id='word_1_280' title='bbox 1077 4399 1324 4496; x_wconf 89' lang='lat' dir='ltr'>Apostolicae</span> <span class='ocrx_word' id='word_1_281' title='bbox 1348 4417 1562 4474; x_wconf 88' lang='lat' dir='ltr'>reservatae</span> <span class='ocrx_word' id='word_1_282' title='bbox 1580 4415 1621 4474; x_wconf 89' lang='lat' dir='ltr'>et</span> 
     </span>
     <span class='ocr_line' id='line_1_34' title="bbox 115 4521 1211 4622; baseline 0.001 -25"><span class='ocrx_word' id='word_1_283' title='bbox 115 4547 191 4598; x_wconf 92' lang='lat' dir='ltr'>non</span> <span class='ocrx_word' id='word_1_284' title='bbox 219 4523 376 4599; x_wconf 89' lang='lat' dir='ltr'>veniunt</span> <span class='ocrx_word' id='word_1_285' title='bbox 402 4525 441 4597; x_wconf 90' lang='lat' dir='ltr'>in</span> <span class='ocrx_word' id='word_1_286' title='bbox 468 4521 633 4622; x_wconf 88' lang='lat' dir='ltr'>generali</span> <span class='ocrx_word' id='word_1_287' title='bbox 662 4524 917 4610; x_wconf 87' lang='lat' dir='ltr'>concessione,</span> <span class='ocrx_word' id='word_1_288' title='bbox 949 4525 997 4600; x_wconf 89' lang='lat' dir='ltr'>A.</span> <span class='ocrx_word' id='word_1_289' title='bbox 1029 4524 1072 4599; x_wconf 93' lang='lat' dir='ltr'>C.</span> <span class='ocrx_word' id='word_1_290' title='bbox 1103 4525 1211 4598; x_wconf 83' lang='lat' dir='ltr'>lacta.</span> 
     </span>
    </p>

    <p class='ocr_par' dir='ltr' id='par_1_9' title="bbox 113 4648 1620 4996">
     <span class='ocr_line' id='line_1_35' title="bbox 195 4648 1620 4746; baseline 0.001 -25"><span class='ocrx_word' id='word_1_291' title='bbox 195 4648 290 4722; x_wconf 89' lang='lat' dir='ltr'>luris</span> <span class='ocrx_word' id='word_1_292' title='bbox 318 4665 598 4744; x_wconf 86' lang='lat' dir='ltr'>patronatuum,</span> <span class='ocrx_word' id='word_1_293' title='bbox 629 4651 780 4744; x_wconf 89' lang='lat' dir='ltr'>pariter,</span> <span class='ocrx_word' id='word_1_294' title='bbox 810 4649 992 4738; x_wconf 84' lang='lat' dir='ltr'>committi</span> <span class='ocrx_word' id='word_1_295' title='bbox 1020 4650 1161 4724; x_wconf 89' lang='lat' dir='ltr'>debent</span> <span class='ocrx_word' id='word_1_296' title='bbox 1187 4651 1223 4722; x_wconf 93' lang='lat' dir='ltr'>in</span> <span class='ocrx_word' id='word_1_297' title='bbox 1252 4648 1353 4724; x_wconf 87' lang='lat' dir='ltr'>Rota</span> <span class='ocrx_word' id='word_1_298' title='bbox 1381 4651 1467 4746; x_wconf 88' lang='lat' dir='ltr'>quia</span> <span class='ocrx_word' id='word_1_299' title='bbox 1504 4651 1620 4746; x_wconf 88' lang='lat' dir='ltr'>parti-</span> 
     </span>
     <span class='ocr_line' id='line_1_36' title="bbox 113 4772 1619 4872; baseline 0.001 -26"><span class='ocrx_word' id='word_1_300' title='bbox 113 4773 242 4869; x_wconf 89' lang='lat' dir='ltr'>cipant</span> <span class='ocrx_word' id='word_1_301' title='bbox 270 4775 318 4849; x_wconf 90' lang='lat' dir='ltr'>de</span> <span class='ocrx_word' id='word_1_302' title='bbox 346 4774 469 4848; x_wconf 90' lang='lat' dir='ltr'>causis</span> <span class='ocrx_word' id='word_1_303' title='bbox 497 4772 784 4862; x_wconf 89' lang='lat' dir='ltr'>beneficialibus,</span> <span class='ocrx_word' id='word_1_304' title='bbox 807 4790 856 4859; x_wconf 89' lang='lat' dir='ltr'>et,</span> <span class='ocrx_word' id='word_1_305' title='bbox 878 4791 921 4848; x_wconf 91' lang='lat' dir='ltr'>ut</span> <span class='ocrx_word' id='word_1_306' title='bbox 948 4773 1160 4872; x_wconf 89' lang='lat' dir='ltr'>plurimum,</span> <span class='ocrx_word' id='word_1_307' title='bbox 1180 4775 1216 4846; x_wconf 93' lang='lat' dir='ltr'>in</span> <span class='ocrx_word' id='word_1_308' title='bbox 1244 4772 1313 4848; x_wconf 93' lang='lat' dir='ltr'>illis</span> <span class='ocrx_word' id='word_1_309' title='bbox 1332 4774 1485 4848; x_wconf 90' lang='lat' dir='ltr'>veniunt</span> <span class='ocrx_word' id='word_1_310' title='bbox 1507 4776 1619 4848; x_wconf 88' lang='lat' dir='ltr'>etiam</span> 
     </span>
     <span class='ocr_line' id='line_1_37' title="bbox 114 4898 1054 4996; baseline 0.002 -25"><span class='ocrx_word' id='word_1_311' title='bbox 114 4899 333 4994; x_wconf 88' lang='lat' dir='ltr'>presentati,</span> <span class='ocrx_word' id='word_1_312' title='bbox 363 4900 482 4974; x_wconf 88' lang='lat' dir='ltr'>etsie</span> <span class='ocrx_word' id='word_1_313' title='bbox 510 4899 635 4996; x_wconf 89' lang='lat' dir='ltr'>agitur</span> <span class='ocrx_word' id='word_1_314' title='bbox 664 4899 711 4972; x_wconf 92' lang='lat' dir='ltr'>de</span> <span class='ocrx_word' id='word_1_315' title='bbox 739 4899 847 4972; x_wconf 91' lang='lat' dir='ltr'>titulo</span> <span class='ocrx_word' id='word_1_316' title='bbox 875 4898 1054 4974; x_wconf 90' lang='lat' dir='ltr'>beneficii.</span> 
     </span>
    </p>

    <p class='ocr_par' dir='ltr' id='par_1_10' title="bbox 114 5021 1620 5246">
     <span class='ocr_line' id='line_1_38' title="bbox 196 5021 1620 5121; baseline 0.004 -27"><span class='ocrx_word' id='word_1_317' title='bbox 196 5021 389 5098; x_wconf 93' lang='lat' dir='ltr'>Unionum</span> <span class='ocrx_word' id='word_1_318' title='bbox 418 5047 554 5098; x_wconf 88' lang='lat' dir='ltr'>causae</span> <span class='ocrx_word' id='word_1_319' title='bbox 582 5023 711 5120; x_wconf 90' lang='lat' dir='ltr'>procul</span> <span class='ocrx_word' id='word_1_320' title='bbox 739 5023 854 5098; x_wconf 92' lang='lat' dir='ltr'>dubio</span> <span class='ocrx_word' id='word_1_321' title='bbox 883 5041 970 5098; x_wconf 88' lang='lat' dir='ltr'>sunt</span> <span class='ocrx_word' id='word_1_322' title='bbox 999 5023 1157 5098; x_wconf 85' lang='lat' dir='ltr'>Rotales</span> <span class='ocrx_word' id='word_1_323' title='bbox 1175 5024 1265 5120; x_wconf 91' lang='lat' dir='ltr'>quia</span> <span class='ocrx_word' id='word_1_324' title='bbox 1282 5024 1425 5121; x_wconf 87' lang='lat' dir='ltr'>pariter</span> <span class='ocrx_word' id='word_1_325' title='bbox 1442 5024 1477 5098; x_wconf 93' lang='lat' dir='ltr'>in</span> <span class='ocrx_word' id='word_1_326' title='bbox 1498 5025 1553 5100; x_wconf 89' lang='lat' dir='ltr'>eis</span> <span class='ocrx_word' id='word_1_327' title='bbox 1572 5025 1620 5099; x_wconf 90' lang='lat' dir='ltr'>de</span> 
     </span>
     <span class='ocr_line' id='line_1_39' title="bbox 114 5147 470 5246; baseline 0.006 -26"><span class='ocrx_word' id='word_1_328' title='bbox 114 5147 306 5220; x_wconf 86' lang='lat' dir='ltr'>beneficiis</span> <span class='ocrx_word' id='word_1_329' title='bbox 333 5147 470 5246; x_wconf 83' lang='lat' dir='ltr'>agitur.</span> 
     </span>
    </p>

    <p class='ocr_par' dir='ltr' id='par_1_11' title="bbox 114 5269 1621 5472">
     <span class='ocr_line' id='line_1_40' title="bbox 197 5269 1621 5370; baseline 0.003 -26"><span class='ocrx_word' id='word_1_330' title='bbox 197 5269 433 5346; x_wconf 87' lang='lat' dir='ltr'>Electionum</span> <span class='ocrx_word' id='word_1_331' title='bbox 461 5273 574 5348; x_wconf 83' lang='lat' dir='ltr'>etiam</span> <span class='ocrx_word' id='word_1_332' title='bbox 603 5297 740 5348; x_wconf 88' lang='lat' dir='ltr'>causae</span> <span class='ocrx_word' id='word_1_333' title='bbox 768 5289 857 5348; x_wconf 88' lang='lat' dir='ltr'>sunt</span> <span class='ocrx_word' id='word_1_334' title='bbox 888 5272 1056 5361; x_wconf 88' lang='lat' dir='ltr'>Rotales,</span> <span class='ocrx_word' id='word_1_335' title='bbox 1087 5299 1170 5347; x_wconf 91' lang='lat' dir='ltr'>cum</span> <span class='ocrx_word' id='word_1_336' title='bbox 1208 5297 1276 5370; x_wconf 89' lang='lat' dir='ltr'>per</span> <span class='ocrx_word' id='word_1_337' title='bbox 1311 5298 1377 5347; x_wconf 91' lang='lat' dir='ltr'>eas</span> <span class='ocrx_word' id='word_1_338' title='bbox 1409 5273 1467 5348; x_wconf 89' lang='lat' dir='ltr'>ius</span> <span class='ocrx_word' id='word_1_339' title='bbox 1505 5299 1621 5370; x_wconf 90' lang='lat' dir='ltr'>super</span> 
     </span>
     <span class='ocr_line' id='line_1_41' title="bbox 114 5393 529 5472; baseline -0.002 0"><span class='ocrx_word' id='word_1_340' title='bbox 114 5393 307 5472; x_wconf 88' lang='lat' dir='ltr'>beneficiis</span> <span class='ocrx_word' id='word_1_341' title='bbox 335 5397 529 5472; x_wconf 82' lang='lat' dir='ltr'>tribuatur.</span> 
     </span>
    </p>
   </div>
   <div class='ocr_carea' id='block_1_5' title="bbox 0 0 1864 5918">
    <p class='ocr_par' dir='ltr' id='par_1_12' title="bbox 0 0 1864 5918">
     <span class='ocr_line' id='line_1_42' title="bbox 0 0 1864 5918; baseline 0 1"><span class='ocrx_word' id='word_1_342' title='bbox 0 0 1864 5918; x_wconf 95' lang='lat' dir='ltr'> </span> 
     </span>
    </p>
   </div>
  </div>
 </body>
</html>
