3686 5916
258 283 313 344 522
870 281 1008 342 soeculo
1026 280 1150 342 XVIII

258 477 445 563 antedicti,
477 491 608 552 tenore
636 493 676 552 et
702 476 927 550 auctoritate
955 473 1143 560 similibus,
1174 475 1222 548 de
1242 498 1340 550 novo
1363 473 1495 548 iisdem
1515 472 1760 570 Cappellanis

259 602 504 676 Auditoribus
532 602 745 676 facultatem
772 626 817 674 ac
838 599 1070 698 privilegium
1089 599 1217 673 utendi
1236 625 1280 673 ac
1299 599 1490 674 deserendi
1512 599 1757 686 Rocchetum,

259 751 354 813 cum,
386 741 428 800 ut
454 727 716 823 praemittitur,
747 725 826 798 sive
853 723 903 797 ad
931 723 1089 806 Romani
1119 723 1306 798 Pontificis
1333 722 1572 810 audientiam,
1603 723 1683 796 sive
1710 723 1759 796 ad

260 851 469 925 Pontificias
499 849 713 948 Cappellas,
742 865 783 923 et
810 849 1030 935 functiones,
1059 849 1137 922 sive
1165 848 1215 922 ad
1244 848 1483 922 Auditorium
1511 848 1755 946 perrexerint,
1831 937 1832 972 ,

259 989 374 1071 atque
402 977 489 1051 inde
517 975 769 1059 discesserint,
800 973 996 1048 tribuimus
1023 989 1062 1047 et
1088 973 1300 1072 elargimur.

340 1101 609 1186 Decernentes,
641 1101 796 1174 easdem
825 1113 1045 1196 praesentes
1072 1095 1201 1172 literas
1229 1114 1269 1172 et
1294 1097 1414 1172 ineis
1442 1114 1619 1173 contenta
1641 1122 1759 1194 quae-

259 1250 420 1321 cumque
448 1250 598 1322 semper
625 1223 743 1312 firma,
772 1222 896 1297 valida
932 1238 972 1296 et
999 1221 1163 1297 efficacia
1196 1222 1361 1298 existere
1395 1238 1436 1296 et
1469 1223 1560 1306 fore,
1591 1247 1760 1317 suosque

259 1349 449 1446 plenarios
466 1364 506 1424 et
523 1350 692 1447 integros
710 1347 867 1424 effectus
886 1347 1009 1422 sortiri
1027 1363 1067 1422 et
1085 1346 1254 1421 obtinere
1272 1373 1317 1421 ac
1336 1347 1406 1421 illis
1420 1347 1470 1422 ad
1484 1372 1582 1444 quos
1596 1363 1760 1444 spectat,
1831 1379 1832 1396 ,

260 1490 298 1548 et
324 1499 394 1570 pro
423 1489 594 1570 tempore
623 1473 939 1570 quandocumque
967 1471 1166 1569 spectabit,
1196 1473 1231 1545 in
1259 1472 1434 1547 omnibus
1471 1487 1511 1546 et
1538 1495 1606 1570 per
1633 1473 1761 1544 omnia
1831 1479 1832 1546 ξ

258 1599 471 1694 plenissime
500 1598 713 1698 suflragari;
742 1599 870 1692 sicque
898 1613 937 1670 et
975 1619 1049 1670 non
1086 1595 1195 1672 aliter
1229 1597 1266 1669 in
1293 1597 1509 1692 praemissis
1537 1621 1604 1694 per
1640 1620 1760 1692 quos-

259 1748 418 1820 cumque
455 1724 600 1797 ludices
637 1721 859 1796 Ordinarios
896 1735 936 1796 et
968 1719 1191 1820 Delegatos,
1229 1722 1342 1795 etiam
1381 1721 1511 1795 Palatii
1547 1720 1761 1818 Apostolici

262 1848 470 1922 Causarum
498 1846 705 1922 Auditores
742 1871 787 1920 ac
814 1846 854 1921 S.
885 1846 931 1922 R.
961 1847 1004 1922 E.
1044 1845 1260 1942 praedictae
1298 1844 1530 1932 Cardinales,
1558 1846 1671 1919 etiam
1708 1845 1758 1918 de
1831 1865 1832 1938 g

260 1973 396 2048 Latere
417 1972 596 2070 Legatos,
616 1988 655 2046 et
674 1969 918 2068 Apostolicae
938 1971 1047 2044 Sedis
1067 1971 1239 2058 Nuntios,
1260 1969 1402 2045 aliosve
1420 1971 1609 2068 quoslibet
1626 1971 1761 2066 quavis

259 2099 563 2196 praeeminentia,
595 2111 786 2196 potestate
814 2097 1016 2194 iungentes
1044 2112 1085 2170 et
1102 2099 1305 2183 iuncturos,
1327 2096 1477 2171 sublata
1503 2095 1558 2170 eis
1576 2112 1759 2170 eteorum

259 2224 408 2299 cuilibet
434 2223 568 2322 quavis
595 2223 703 2298 aliter
721 2220 904 2296 iudicandi
922 2237 963 2295 et
980 2221 1252 2317 interpretandi
1270 2221 1446 2296 facultate
1465 2237 1505 2295 et
1522 2220 1756 2306 auctoritate,

260 2348 423 2423 iudicare
451 2364 491 2422 et
518 2348 660 2422 definiri
688 2346 838 2433 debere,
868 2370 913 2420 ac
940 2345 1081 2420 irritum
1109 2361 1149 2419 et
1176 2345 1296 2433 inane,
1322 2347 1353 2419 si
1381 2371 1490 2420 secus
1518 2368 1632 2444 super
1658 2345 1715 2418 his
1734 2369 1758 2418 a

261 2498 463 2570 quoquam,
509 2472 641 2568 quavis
690 2471 925 2557 auctoritate,
969 2470 1131 2545 scienter
1179 2471 1238 2545 vel
1285 2471 1513 2570 ignoranter,
1560 2470 1758 2568 contigerit
1831 2465 1832 2470 ’

260 2614 448 2673 attentari.

340 2722 665 2798 Nonobstantibus
692 2745 920 2818 praemissis,
950 2743 994 2794 ae
1025 2734 1211 2816 quatenus
1239 2744 1337 2817 opus
1364 2720 1422 2804 sit,
1445 2719 1534 2794 dicti
1552 2719 1755 2794 innocentii

261 2847 567 2922 Praedecessoris
595 2845 752 2942 praelati
781 2845 926 2932 Literis,
948 2844 1105 2942 aliisque
1126 2839 1464 2920 Constitutionibus
1483 2861 1523 2918 et
1541 2844 1756 2919 Ordinatio-

260 2973 368 3046 nibus
397 2971 628 3068 Apostolicis
647 2971 682 3044 in
702 2969 926 3045 contrarium
946 2971 1238 3067 praemissorum
1259 2969 1542 3066 quomodolibet
1565 2970 1754 3044 concessis

260 3096 486 3172 confirmatis
514 3111 553 3170 et
579 3095 775 3171 innovatis.
806 3091 954 3187 Quibus
982 3095 1155 3168 omnibus
1180 3111 1221 3167 et
1249 3093 1414 3191 singulis,
1440 3093 1586 3169 illorum
1605 3109 1754 3169 tenores

260 3222 526 3320 praesentibus.
539 3245 609 3318 pro
628 3219 739 3318 plene
758 3234 798 3294 et
816 3219 1044 3294 sufficienter
1061 3219 1254 3316 expressis
1272 3243 1317 3294 ac
1336 3220 1385 3293 de
1397 3220 1515 3294 verbo
1533 3221 1582 3292 ad
1601 3220 1754 3293 verbum

259 3347 410 3422 insertis
438 3347 633 3434 habentes,
664 3345 734 3419 illis
761 3343 855 3418 alias
882 3345 918 3418 in
947 3369 1017 3418 suo
1045 3346 1182 3420 robore
1209 3345 1476 3441 permansuris,
1497 3344 1547 3417 ad
1573 3345 1756 3442 praemis-

259 3496 387 3546 sorum
414 3471 587 3546 eflectum
616 3469 684 3544 hac
712 3471 792 3543 vice
811 3470 1008 3543 dumtaxat
1028 3466 1238 3564 specialiter
1255 3483 1294 3543 et
1312 3493 1493 3567 expresse
1512 3469 1752 3568 derogamus,

260 3597 495 3694 coeterisque
524 3594 719 3670 contrariis
746 3593 1057 3690 quibuscumque.

341 3724 482 3796 Datum
512 3721 667 3805 Romae,
697 3720 800 3816 apud
829 3719 969 3806 S.ctam
995 3718 1154 3792 Mariam
1174 3719 1367 3802 Maiorem,
1389 3721 1460 3794 sub
1478 3719 1617 3794 annulo
1638 3719 1756 3792 Pisca-

259 3849 360 3931 toris,
391 3847 451 3922 die
479 3867 505 3916 x
531 3844 658 3942 aprilis
686 3863 893 3928 xuccxnru,
926 3843 1167 3917 Pontificatus
1196 3843 1325 3919 Nostri
1352 3867 1452 3916 anno
1479 3845 1602 3918 tertio.

1039 4002 1110 4077 Pro
1148 4003 1196 4078 D.
1228 4003 1416 4078 Cardinali
1445 4004 1650 4078 Passioneo

1036 4127 1239 4202 Caietanus
1268 4136 1438 4206 Amatus.

965 4425 1055 4508 420.

1252 4585 1352 4646 Anno
1372 4585 1450 4658 1744,
1468 4599 1582 4646 mense
1599 4582 1752 4646 Octobris.

259 4717 478 4792 Benedictus
508 4717 619 4792 XIV
647 4717 896 4791 emetient'm
930 4741 1000 4790 sua
1028 4726 1106 4814 pro
1134 4713 1331 4790 Advocatis
1369 4712 1697 4798 Cona‘storialibus,
1736 4741 1753 4786 e

337 4867 495 4941 quorum
522 4867 673 4916 numero
700 4841 786 4915 olim
809 4843 849 4914 in
870 4839 1072 4914 minoribus
1079 4841 1225 4935 fluerat,
1250 4839 1384 4914 aalma
1409 4839 1526 4912 Rotae
1547 4839 1617 4923 ties,
1640 4839 1751 4912 ez'ez'em

337 4967 506 5040 collatum
541 4993 566 5041 a
607 4965 782 5040 Clemente
811 4964 908 5053 XII,
936 4963 1155 5038 menandi
1188 4991 1295 5038 novos
1331 4965 1537 5038 Advocatos
1574 4963 1751 5037 Coras-isto·
1831 5033 1832 5050 ,

337 5093 461 5178 reales,
500 5091 719 5191 imponitque
753 5090 998 5165 ,eruditoribus
1033 5090 1235 5187 designatis
1269 5115 1361 5163 onus
1389 5089 1542 5188 petendi
1557 5099 1632 5188 per
1666 5099 1751 5188 suep-
1831 5085 1832 5100 ¹

330 5218 464 5318 ple’cem
490 5217 650 5292 ledellrem
665 5215 879 5308 facultatem
903 5215 1085 5290 induendi
1099 5215 1273 5314 palleum,
1289 5241 1352 5290 seu
1366 5213 1528 5288 habetem
1546 5214 1750 5288 eorumden

339 5342 610 5417 Advocatorum
645 5341 689 5414 ab
716 5365 842 5414 eonem
878 5339 1035 5437 Collegio
1062 5383 1088 5396 -
1115 5365 1209 5437 quae
1244 5341 1342 5414 Rota
1379 5363 1490 5436 aegre
1507 5341 1649 5433 ferens,
1678 5351 1752 5438 per
