3688 5924
211 301 266 344 xvr
426 320 429 326 ·
753 284 931 359 Praefirtr'o
949 286 995 344 ad
1013 285 1169 344 lectorem

208 481 454 554 Auditoribus
484 480 652 553 Venetis.
682 481 794 552 Anno
829 487 927 569 1916
956 480 1041 552 Pius
1072 479 1134 574 Pp.
1158 477 1225 550 VII
1252 480 1349 551 hunc
1376 479 1497 552 locum
1525 479 1714 552 concessit

207 604 382 677 Auditori
427 605 640 678 Provinciae
683 602 1000 690 Romandiolae,¹
1045 629 1205 700 quorum
1246 603 1389 699 primus
1426 601 1494 677 suit
1532 604 1711 699 Aloysius

208 729 358 802 Zinanni
392 729 650 803 Ravennatem
683 728 861 802 Continet
892 732 938 802 28
969 731 1117 802 nomina
1145 729 1384 802 Auditorum.

290 878 352 945 42.
374 896 400 935 τ
425 855 673 928 Auditoribus
695 854 896 927 Hetruriae
915 855 1027 927 datus
1047 872 1107 927 est
1125 869 1254 927 sextus
1279 852 1395 940 locus,
1410 867 1450 926 et
1469 871 1641 927 numerat
1663 877 1714 945 30

209 981 359 1051 nomina
388 977 626 1054 Auditorum.

289 1127 351 1195 43.
374 1147 399 1158 -
427 1103 618 1198 Septimus
637 1102 743 1178 locus
763 1104 830 1176 iuit
850 1105 1097 1178 Auditoribus
1119 1103 1300 1200 Hispanis
1320 1128 1388 1199 pro
1408 1104 1544 1201 Regno
1565 1103 1712 1178 Castel-

122 1245 125 1255 ·
209 1225 286 1301 lae:
308 1229 343 1300 in
372 1229 442 1301 hoc
470 1229 647 1324 leguntur
677 1253 726 1320 34
757 1229 983 1302 Auditorum
1012 1229 1172 1303 nomina.

291 1376 354 1444 44.
385 1396 410 1405 -
439 1354 664 1427 Germaniae
692 1352 939 1427 Auditoribus
976 1353 1087 1426 danis
1125 1352 1191 1425 fuit
1227 1368 1383 1426 octavus
1419 1352 1525 1426 locus
1562 1353 1597 1424 in
1635 1378 1714 1449 quo

210 1492 342 1549 extant
372 1500 420 1569 30
450 1477 599 1551 nomina
626 1477 866 1552 Auditorum,

293 1622 354 1693 45.
385 1645 410 1654 -
441 1601 590 1674 Nonum
618 1602 752 1687 locum,
785 1602 842 1676 cui
871 1617 959 1675 sunt
990 1621 1036 1692 27
1068 1601 1218 1674 nomina
1256 1601 1492 1687 Auditorum,
1531 1603 1599 1676 sibi
1637 1602 1714 1675 Ro·

213 1727 311 1797 mani
338 1743 575 1821 acceperunt.

292 1857 354 1942 46.
384 1893 411 1906 -
441 1851 619 1924 Decimus
647 1868 773 1925 autem
801 1852 837 1923 in
865 1876 944 1947 quo
979 1852 1165 1924 habentur
1202 1875 1246 1922 22
1289 1849 1513 1926 Auditorum
1551 1852 1716 1939 nomina,

214 1975 281 2046 suit
311 1975 619 2050 Bononiensibus.

294 2121 357 2193 47.
385 2145 412 2154 -
441 2100 559 2174 Gallis
589 2102 834 2176 Auditoribus
862 2118 1077 2174 reservatus
1106 2101 1173 2173 suit
1201 2102 1419 2174 undecimus
1453 2101 1553 2176 Libri
1589 2101 1717 2174 locus:

214 2223 341 2320 legere
369 2225 453 2298 inibi
482 2224 620 2297 dantur
649 2247 695 2318 27
728 2226 877 2298 nomina
906 2224 1143 2298 Auditorum.

295 2352 357 2440 48.
388 2391 413 2402 -
443 2349 608 2423 Numero
640 2374 685 2443 32
720 2351 924 2423 Auditores
942 2351 1006 2444 qui
1027 2366 1236 2444 sequuntur
1254 2349 1443 2445 complent
1461 2351 1595 2423 seriem
1615 2351 1719 2424 loco-

216 2497 308 2556 rum,
339 2473 536 2568 implentes
564 2474 825 2548 duodecimum
855 2475 988 2548 locum.
1021 2473 1094 2548 Hic
1121 2475 1233 2548 etiam
1263 2474 1330 2546 suit
1358 2475 1549 2548 Romanis.

295 2622 358 2690 49.
388 2641 414 2652 -
443 2596 614 2694 Quisque
643 2601 690 2672 de
718 2599 812 2672 facili
839 2600 941 2674 videt
969 2599 1064 2672 hanc
1093 2599 1320 2673 Auditorum
1354 2601 1489 2673 seriem
1524 2625 1610 2673 esse
1648 2626 1720 2697 pro

213 2747 254 2795 re
283 2740 411 2796 nostra
439 2726 588 2798 maximi
616 2726 766 2821 quidem
787 2726 974 2820 ponderis,
998 2727 1130 2799 saltem
1152 2750 1221 2820 pro
1240 2725 1335 2800 illius
1355 2741 1463 2821 parte
1483 2751 1581 2821 quae
1601 2727 1720 2799 nomi-

204 2848 324 2947 ¹nibus
352 2862 502 2921 constat
528 2874 639 2922 manu
669 2851 895 2924 Auditorum
925 2851 1075 2946 propria
1105 2850 1271 2947 signatis

300 2994 360 3064 50.
397 3017 423 3028 -
456 2975 555 3045 Rota
589 2974 687 3046 bunc
722 2972 854 3047 librum
891 2975 1047 3059 vocavit,
1088 2975 1346 3060 Decretorum,
1379 2975 1430 3046 uti
1468 2975 1595 3050 Diaria
1631 3001 1720 3071 pro-

216 3097 326 3182 bant:
356 3098 424 3169 sed
454 3120 527 3170 non
555 3113 783 3174 constanter.
814 3098 898 3196 Ego
925 3115 1064 3181 autem,
1095 3124 1142 3172 eo
1170 3099 1258 3192 quia
1285 3099 1451 3171 continet
1470 3099 1597 3171 datam
1627 3101 1721 3172 iura·

217 3221 330 3293 menti
359 3246 540 3294 novorum
570 3222 807 3307 Auditorum,
829 3223 1043 3296 distinctum
1073 3224 1160 3296 volo
1180 3223 1344 3296 nomine:
1365 3222 1479 3295 Liber
1505 3224 1714 3307 curamenta

215 3370 292 3441 quo
320 3371 405 3418 eum
434 3347 633 3441 appellabo
662 3372 813 3442 semper
839 3348 988 3442 quoties
1016 3349 1135 3422 erita
1173 3373 1232 3420 me
1271 3349 1453 3421 citandus.
1482 3350 1522 3420 In
1556 3375 1604 3422 eo
1632 3366 1722 3444 post

216 3471 366 3544 nomina
394 3470 618 3544 Auditorum
649 3471 836 3567 sequitur:
865 3473 1144 3546 ‹Instruttione
1164 3473 1199 3544 di
1220 3488 1362 3568 quanto
1382 3472 1478 3546 deve
1498 3473 1575 3548 fare
1594 3475 1723 3570 quello

223 3596 328 3668 «che
356 3597 377 3668 ἐ
405 3611 505 3668 stato
532 3595 649 3669 eletto
679 3595 816 3670 Uditor
851 3597 887 3668 di
918 3598 1018 3670 Rota
1037 3624 1073 3673 r.
1106 3598 1332 3671 Huiusmodi
1367 3597 1561 3684 instructio
1589 3625 1721 3695 quam-

214 3720 431 3793 inconcinne
459 3721 579 3794 italice
606 3737 772 3806 exarata,
792 3721 908 3794 veluti
928 3747 1038 3794 manu
1058 3722 1160 3793 ducit
1180 3747 1317 3794 novum
1337 3722 1561 3796 Auditorem
1581 3724 1616 3795 in
1635 3748 1705 3798 exe

216 3845 373 3940 quendis
401 3845 686 3918 formalitatibus
714 3847 916 3918 innumeris
945 3871 1042 3942 quae
1071 3846 1249 3941 compleri
1276 3849 1325 3920 ab
1352 3871 1398 3920 eo
1426 3849 1615 3921 debebant
1634 3867 1722 3944 post

214 3969 308 4041 iliius
324 3969 624 4054 nominationem,
647 3985 849 4064 antequam
870 3972 905 4042 in
927 3971 1025 4044 Rota
1046 3970 1177 4043 fuisset
1197 3972 1346 4044 tandem
1367 3969 1568 4066 aliquando
1587 3974 1721 4045 admis-

215 4117 292 4165 sus.
313 4093 421 4167 Hanc
436 4095 693 4190 subsequitur:
717 4093 977 4168 ‹Constitutio
993 4096 1193 4168 innocentii
1212 4095 1276 4192 Pp.
1294 4095 1378 4168 Vlll
1393 4099 1488 4168 circa
1503 4097 1611 4170 ritum
1628 4098 1721 4170 iudi-

224 4219 304 4290 ‹cii
334 4219 456 4291 Rotae
484 4242 582 4312 quae
611 4221 833 4294 observatur
861 4221 896 4292 in
924 4197 1098 4294 omnibus
1127 4222 1205 4293 suis
1226 4223 1447 4316 partibus».
1469 4221 1539 4294 Est
1557 4247 1604 4295 ea
1622 4247 1721 4318 quae

217 4345 362 4440 incipit:
390 4343 670 4417 haematitas.
704 4345 850 4418 Deinde
879 4345 1016 4443 legitur
1044 4345 1169 4419 brevis
1202 4346 1367 4420 rubrica:
1405 4345 1573 4440 «Aliqui
1612 4370 1722 4420 casus

224 4470 297 4541 ‹in
325 4471 460 4564 quibus
491 4471 614 4565 Papae
644 4470 867 4544 remiserunt
895 4471 1115 4544 electionem
1144 4471 1340 4544 Auditoris
1367 4471 1520 4544 arbitrio
1541 4472 1721 4546 Rotae».

215 4595 487 4689 insequuntur:
512 4623 529 4664 «
553 4595 714 4668 Decreta
740 4595 837 4667 iacta
857 4620 926 4690 per
945 4594 981 4670 S.
1002 4597 1139 4668 Rotam
1159 4597 1219 4667 die
1239 4596 1349 4668 lunae
1370 4599 1414 4668 18
1436 4596 1555 4668 martii
1581 4603 1674 4688 1641
1695 4624 1713 4668 r

214 4719 349 4814 quibus
379 4719 553 4792 nonnulla
595 4720 846 4792 decernuntur
886 4723 1012 4815 quoad
1056 4718 1214 4792 famulos
1252 4720 1477 4793 Auditorum
1515 4737 1554 4792 et
1589 4745 1720 4794 eorum

215 4844 419 4916 Adiutores
448 4867 469 4914 a
499 4842 659 4929 Studiis;
698 4844 900 4917 «Ordines
930 4843 967 4917 S.
999 4845 1122 4917 Rotae
1150 4862 1192 4917 ut
1220 4845 1408 4918 Advocati
1436 4859 1475 4917 et
1500 4845 1720 4918 Procurato-

220 4996 238 5039 ‹
259 4993 318 5040 res
348 4968 383 5040 in
412 4968 518 5041 sactis
546 4969 698 5053 iuribus,
719 4987 758 5042 et
778 4967 985 5042 Summaris
1001 4995 1042 5042 se
1063 4971 1309 5057 subscribant,
1332 4969 1392 5042 die
1421 4970 1529 5042 lunae
1556 4994 1596 5042 12
1627 4969 1719 5043 Dec.

222 5098 361 5185 «1605
385 5114 442 5184 -7
475 5093 562 5165 Maii
598 5099 693 5165 1612
718 5137 734 5148 ·
758 5117 806 5167 20
838 5095 950 5166 Mart.
978 5100 1134 5186 1652».

297 5353 391 5414 ¹Cfr.
412 5353 495 5412 infra
514 5371 587 5428 pag.
607 5355 670 5428 626,
691 5371 722 5414 n.
740 5355 806 5414 507.
