3708 5918
224 274 275 334 120
745 353 753 370 ι
875 274 1011 334 Soeculo
1027 273 1100 335 XV

222 469 312 542 dum
348 467 416 543 sibi
453 491 522 564 per
557 493 627 542 nos
663 468 742 542 dari
779 483 929 566 puncta,
958 484 997 542 et
1028 469 1164 544 deinde
1201 470 1237 542 in
1272 472 1335 542 18·
1361 469 1455 544 hora
1491 469 1609 568 ipsius
1645 470 1714 544 diei

219 609 308 693 post
334 593 534 691 prandium
570 595 619 670 ad
657 597 779 692 ipsum
806 594 1092 670 examinandum
1118 586 1217 671 ¹circa
1244 621 1290 670 ea
1308 596 1353 694 (l)
1381 621 1449 692 per
1483 619 1553 670 nos
1587 621 1717 693 perso·

222 721 366 806 naliter,
394 719 588 796 interesse.

946 933 1008 1012 68·
1103 925 1107 934 .

223 1113 310 1186 Rex
337 1112 564 1210 Aragoniae,
594 1112 655 1185 cui
678 1112 737 1185 t'us
763 1120 847 1184 erat
871 1110 1032 1208 elegendi
1054 1135 1170 1184 unum
1196 1135 1245 1186 ex
1271 1111 1350 1184 suas
1375 1110 1527 1186 nebditri
1544 1111 1585 1185 in
1600 1111 1718 1186 Audi·

300 1244 414 1310 torem
441 1236 569 1320 Rotae,
599 1262 625 1309 a
651 1235 824 1310 Martino
859 1238 897 1311 V
908 1235 1005 1334 perit
1021 1247 1098 1335 pro
1116 1235 1279 1310 Iohanne
1307 1235 1351 1308 de
1374 1235 1555 1310 palomar
1572 1235 1720 1335 depen-
1842 1259 1843 1264 ’

299 1360 473 1434 tattonem
513 1372 624 1459 super
659 1360 789 1456 titficto
828 1360 984 1434 trr'enm'o
1023 1359 1181 1434 lectum
1221 1362 1261 1434 in
1287 1360 1408 1436 studio
1443 1362 1616 1458 generali
1632 1371 1721 1462 post

300 1483 550 1558 decoratum:
576 1484 638 1558 cui
662 1485 858 1558 Martinus
895 1486 933 1559 V
951 1509 1088 1558 morem
1110 1484 1222 1583 gerit.

300 1675 414 1746 (Auen.
433 1675 521 1749 Rom,
544 1675 833 1749 «Admissiones»,
846 1661 992 1735 Marti'no
1017 1675 1052 1749 V,
1070 1693 1103 1735 n.
1123 1677 1167 1748 2).

1539 1765 1617 1826 Sine
1635 1766 1721 1826 data.
1833 1848 1837 1865 Ι

302 1947 545 2024 Sanctissime
583 1949 703 2036 Pater,
733 1949 781 2023 ad
819 1946 995 2022 humilem
1034 1947 1315 2046 supplicationis
1342 1949 1557 2023 instantiam
1589 1949 1721 2023 devoti

220 2071 281 2146 filii
313 2074 430 2148 vestri
458 2073 577 2172 Regis
614 2073 808 2172 Aragonie
844 2071 1007 2147 illustris.
1043 2069 1231 2165 Quoniam
1268 2073 1406 2148 devota
1443 2073 1562 2170 gratia
1592 2087 1721 2147 vestra

220 2197 404 2274 Iohannes
441 2196 488 2274 de
526 2197 708 2284 Palomar,
737 2198 974 2272 decretorum
1012 2198 1155 2284 doctor,
1186 2196 1398 2272 Canonicus
1427 2196 1657 2286 Gerunden.,
1684 2198 1722 2270 in

221 2322 345 2397 officio
360 2321 557 2396 Auditoris
575 2347 773 2398 causarum
801 2323 895 2396 sacri
918 2321 1114 2420 apostolici
1141 2321 1268 2419 palatii
1295 2323 1493 2418 recipiatur
1512 2321 1723 2397 concedere

219 2461 279 2522 est
296 2446 461 2546 dignata,
479 2447 632 2533 Verum,
653 2447 868 2522 beatissime
887 2447 1007 2534 Pater,
1029 2447 1151 2522 dictus
1180 2446 1365 2523 lohannes
1393 2463 1482 2543 post
1500 2447 1723 2521 doctoratus

221 2571 381 2670 gradum
409 2597 484 2646 non
515 2572 607 2672 legit
634 2596 702 2667 per
730 2571 938 2652 triennium.
955 2586 1069 2669 prout
1095 2571 1311 2646 constitutio
1339 2571 1428 2646 dicti
1454 2571 1563 2646 officii
1590 2571 1722 2670 exigit,

219 2695 306 2770 licet
332 2713 420 2771 ante
440 2697 677 2771 doctoratum
705 2695 839 2794 legerit
857 2697 1043 2772 ordinarie
1070 2696 1108 2770 in
1135 2695 1261 2771 studio
1279 2696 1455 2795 generali,
1476 2711 1566 2793 post
1588 2697 1723 2770 docto-

222 2837 343 2896 ratum
379 2847 470 2897 vero
503 2821 691 2896 vacaverit
722 2822 898 2896 exercitio
930 2845 1126 2897 causarum
1163 2823 1199 2894 in
1236 2821 1416 2920 regimine
1451 2821 1650 2896 vicariatus
1682 2835 1725 2894 et

222 2945 441 3020 officialatus
470 2945 683 3045 principalis
711 2946 929 3021 Gerunden.
959 2971 1028 3044 per
1046 2973 1113 3020 sex
1140 2970 1272 3034 annos,
1293 2962 1335 3022 et
1359 2947 1452 3021 alias
1480 2947 1516 3020 iu
1544 2945 1723 3021 vicariatu
1839 2970 1844 2981 ·

224 3069 400 3168 Episcopi
428 3072 705 3159 barchinonen,
723 3087 764 3146 et
793 3070 874 3145 aliis
902 3071 1126 3146 huiusmodi.
1147 3071 1339 3171 Dignetur
1365 3073 1487 3172 gratia
1506 3071 1725 3148 Sanctitatis

222 3194 372 3282 Vestro,
391 3211 433 3269 ut
451 3196 540 3270 dicti
559 3197 676 3294 Regis
696 3195 889 3294 Aragonie
908 3195 1131 3293 supplicatio
1149 3197 1300 3296 plenum
1320 3212 1573 3293 consequatur
1590 3221 1724 3272 execu-

101 3393 103 3400 ,
221 3321 331 3394 tionis
360 3321 543 3408 effectum,
564 3321 704 3395 dictum
732 3321 933 3394 iohannem
961 3322 997 3394 in
1028 3323 1149 3399 officio
1176 3323 1361 3420 prelibato
1380 3322 1493 3419 recipi
1520 3337 1560 3398 et
1576 3321 1725 3397 admitti

222 3446 413 3533 mandare,
445 3471 518 3519 non
546 3447 721 3520 obstante
749 3446 1015 3521 constitutione
1042 3448 1222 3545 predicta.
1241 3447 1334 3522 Fiat
1356 3457 1400 3522 ut
1419 3449 1571 3546 petitur.
1595 3447 1638 3522 O.

947 3783 1011 3863 69.
1133 3757 1135 3762 ’

224 3959 417 4059 Eugenius
453 3963 521 4038 IV
554 3959 817 4064 (1431·1447)
854 3961 1098 4037 Auditorr'bus
1129 3963 1247 4037 Rotae
1273 3963 1516 4063 privilegium
1556 3963 1600 4038 ab
1637 3963 1723 4036 Ale·

300 4087 453 4160 :candro
484 4089 523 4174 V,
542 4086 705 4160 Iohanne
723 4086 884 4162 XXIII
898 4097 934 4160 et
946 4087 1117 4162 Martino
1151 4089 1188 4161 V
1196 4113 1397 4162 comessum
1418 4087 1544 4186 quoad
1560 4097 1723 4188 expecta-

303 4212 407 4299 troas,
436 4211 618 4312 approbat
641 4221 677 4285 et
700 4211 904 4304 confirmat.

301 4386 416 4458 (Auen.
435 4386 522 4458 Rom,
547 4383 762 4458 «Privilegia
775 4410 801 4459 ι,
814 4390 890 4445 tom.
909 4384 937 4459 I,
952 4391 1042 4460 part.
1060 4384 1225 4460 J,n.111).

1255 4527 1333 4601 1431,
1352 4527 1507 4588 februarii
1523 4527 1569 4599 20,
1586 4525 1721 4586 Romae.

308 4708 502 4808 Eugenius
531 4710 744 4806 episcopus,
780 4733 912 4784 servus
941 4734 1135 4786 servorum
1167 4709 1252 4785 Dei.
1282 4710 1344 4784 Ad
1378 4711 1541 4785 suturam
1569 4711 1622 4785 rei
1651 4733 1711 4784 me

227 4834 393 4909 moriam.
415 4833 484 4906 Ad
491 4845 658 4932 suprerus
670 4834 863 4932 drgrtitatzssr
876 4834 1012 4932 apr‘cem
1031 4833 1155 4908 divina
1173 4834 1419 4931 dispositione
1443 4837 1579 4923 vocati,
1596 4837 1725 4932 singu-

224 4957 356 5045 larum,
372 4975 484 5054 prout
503 4959 610 5032 nobis
629 4960 772 5034 exalto
791 4959 1027 5056 permittitur,
1045 4959 1279 5034 conditiones
1293 4960 1578 5059 probitatesque
1592 4983 1728 5056 perso-

225 5107 356 5156 narum
375 5083 571 5181 condignis
586 5085 841 5184 perstringere
854 5083 1049 5180 cupientes
1067 5084 1271 5168 affectibus,
1292 5085 1485 5160 uberiores
1503 5085 1558 5159 eis
1577 5085 1726 5158 favores

224 5223 263 5282 et
281 5207 424 5306 gratias
441 5207 601 5306 elargire
629 5209 836 5307 satagimus
864 5232 963 5304 quos
990 5209 1198 5305 potioribus
1225 5207 1404 5283 virtutum
1433 5209 1727 5304 meritorumque

224 5331 395 5428 presidiis
422 5332 593 5406 novimus
621 5332 799 5408 adiuvari.
