3718 5918
713 333 880 392 Clemente
899 332 971 392 XII
1532 333 1588 394 513

92 527 326 603 observantia
354 525 522 602 Iustitiae
553 527 679 612 decor,
709 541 748 600 et
780 526 915 612 cultus,
945 548 1117 599 necnon
1154 525 1378 624 litigantium
1407 526 1591 600 indemni-

92 671 158 734 tas,
188 669 227 724 et
254 651 403 747 publica
420 651 562 724 oritura
581 651 655 724 sint
674 651 825 738 utilitas,
848 651 956 725 Motu
976 651 1143 747 propriu,
1163 665 1268 724 etex
1287 667 1390 725 certa
1422 652 1589 739 scientia,

91 791 129 848 et
157 775 400 872 Apostolicae
428 776 630 872 potestatis
658 774 888 871 plenitudine
914 775 1049 855 omnia.
1079 790 1120 848 et
1146 772 1292 873 singula
1312 776 1454 848 censita
1481 801 1591 872 prac-

91 900 197 984 dicta,
229 916 426 975 eteorum
468 900 666 995 quodlibet
701 899 922 996 Apostolica
960 899 1184 973 auctoritate
1213 913 1344 974 tenore
1372 901 1590 974 earumdem

91 1025 343 1121 praesentium
371 1037 557 1121 perpetuo
597 1027 864 1120 approbamus,
896 1040 935 1098 et
976 1023 1249 1110 confirmamus,
1297 1048 1517 1119 omnesque.
1551 1040 1591 1098 et

90 1145 258 1246 singulos
286 1149 456 1224 delectus
496 1150 612 1223 etiam
654 1148 951 1236 substantiales,r
971 1149 1003 1222 si
1037 1149 1100 1246 qui
1132 1149 1168 1222 in
1209 1149 1263 1222 eis
1304 1148 1591 1246 quomodolibet

89 1273 366 1361 intervenerint,
386 1299 452 1348 seu
472 1273 719 1348 intervenisse
738 1274 810 1348 dici
829 1275 962 1370 possit,
982 1273 1232 1348 auctlroritate
1250 1290 1433 1370 motuque
1452 1276 1590 1349 nostris

91 1399 292 1494 praedictis
320 1398 552 1495 supplemus,
582 1423 705 1496 eaque
730 1401 780 1474 ab
807 1400 976 1474 eiusdem
1005 1399 1193 1474 Auditorii
1223 1399 1388 1473 Notariis
1416 1399 1589 1496 illiusque

92 1521 302 1625 Causarum
332 1523 493 1610 Patroni,
523 1547 568 1598 ac
608 1524 643 1599 in
684 1522 821 1598 eedem
859 1523 1059 1599 Auditorio
1095 1523 1330 1623 litigantibus
1359 1525 1431 1598 sub
1458 1524 1589 1621 poenis

89 1648 291 1743 praedictis
319 1647 577 1723 inviolabiliter
604 1649 810 1736 observari,
839 1665 878 1723 et
905 1651 954 1723 ab
980 1651 1035 1724 eis
1063 1649 1165 1724 nullo
1198 1674 1377 1745 umquam
1419 1666 1591 1746 tempore

90 1773 160 1845 sub
186 1773 323 1869 quovis
350 1787 550 1868 praetextu
580 1772 699 1861 titulo,
729 1789 797 1847 aut
828 1772 966 1858 colore,
995 1787 1062 1848 aut
1103 1774 1236 1872 quavis
1272 1773 1400 1848 Causa
1440 1775 1590 1847 minime

89 1895 217 1970 resiliri
247 1922 374 1992 posse,
405 1922 577 1972 necnon
606 1913 840 1995 praesentes,
884 1899 987 1972 etin
1027 1899 1087 2007 eis
1120 1911 1298 1973 contenta
1329 1923 1602 1996 quaecumque-

86 2022 198 2095 etiam
227 2046 277 2096 ex
304 2045 352 2097 eo
379 2024 484 2118 quod
512 2022 705 2106 habentes,
728 2047 795 2097 seu
824 2023 964 2098 habere
992 2021 1277 2120 quomodolibet
1295 2022 1590 2119 praetendentes

88 2145 136 2217 ad
164 2149 376 2241 praemissa
418 2148 566 2220 minime
608 2147 742 2234 vocati,
785 2162 825 2222 et
865 2147 994 2235 auditi,
1023 2148 1222 2244 minusque
1254 2173 1403 2231 causae,
1434 2165 1592 2245 propter

89 2293 188 2365 quac
224 2272 384 2346 eaedem
417 2288 640 2368 praesentes
677 2273 934 2346 emanaverint
960 2271 1148 2347 adductae
1167 2271 1389 2358 verificatae‚
1413 2298 1479 2346 seu
1499 2274 1590 2348 alias

87 2395 327 2482 sufficienter,
357 2401 423 2470 aut
459 2399 573 2471 etiam
616 2396 829 2472 nullatenus
862 2398 1082 2472 iustificatae
1117 2397 1254 2472 luerint
1291 2395 1392 2471 nullo
1424 2422 1590 2493 unquam

87 2535 262 2617 tempore
289 2521 337 2596 de
365 2522 623 2618 subreptione,
651 2522 884 2630 obreptionis
912 2521 1101 2608 nullitatis,
1132 2539 1198 2596 aut
1230 2522 1469 2597 invaliditatis
1488 2524 1588 2610 vitio,

87 2669 155 2718 seu
183 2645 415 2735 intentionis,
443 2661 511 2722 aut
550 2645 624 2720 alio
660 2649 795 2744 quovis
832 2648 979 2722 delectu
1022 2648 1135 2722 etiam
1174 2647 1414 2744 quantumvis
1450 2671 1591 2746 magno

85 2768 355 2868 inexcogitato,
383 2786 423 2846 et
451 2771 696 2859 substantiali,
718 2773 796 2846 sive
815 2773 927 2847 etiam
947 2773 1091 2846 ratione
1110 2774 1274 2846 enormis
1293 2772 1588 2859 enormissimae,

86 2909 124 2966 et
151 2895 282 2969 totalis
309 2894 497 2983 laesionis,
526 2912 593 2971 aut
619 2919 859 2993 quocumque
885 2897 959 2971 alio
987 2911 1185 2992 praetextu
1214 2913 1280 2969 aut
1306 2897 1386 2971 iure
1405 2899 1518 2970 etiam
1554 2898 1590 2971 in

86 3041 250 3114 corpore
287 3018 381 3093 luris
417 3017 558 3107 clauso,
588 3045 655 3094 seu
694 3019 806 3094 etiarn
839 3019 1047 3106 occasione,
1078 3020 1138 3093 vel
1175 3019 1302 3094 Causa
1329 3021 1442 3094 etiam
1475 3045 1589 3116 quan·

87 3143 226 3218 tumvis
257 3144 368 3229 iusta,
401 3143 618 3231 rationabili,
648 3159 688 3218 et
715 3143 960 3243 privilegiata,
986 3145 1098 3219 etiam
1118 3144 1196 3231 tali,
1215 3169 1313 3240 quae
1340 3147 1389 3218 ad
1418 3143 1591 3218 eflectum

87 3267 294 3343 validitatis
321 3267 627 3365 praemissorum,
658 3272 873 3344 necessario
909 3269 1156 3366 exprimenda
1187 3269 1283 3342 foret
1310 3269 1440 3356 notari,
1471 3269 1593 3366 impu-

83 3393 202 3489 gnari,
234 3393 440 3479 invalidari,
472 3393 699 3481 reatractari,
716 3395 753 3468 in
782 3396 854 3482 lus,
875 3393 935 3468 vel
954 3395 1248 3468 controversiam
1267 3393 1435 3468 revocari
1462 3420 1590 3491 posse,

84 3543 209 3615 neque
239 3521 345 3616 ipsas
372 3534 595 3615 praesentes
623 3521 694 3594 sub
711 3519 906 3616 quibusvis
926 3519 1108 3604 similium,
1129 3520 1189 3593 vel
1207 3518 1438 3593 dissimilium
1467 3521 1591 3617 dispo

82 3644 265 3718 sitionum
294 3643 606 3729 revocationibus,
635 3644 926 3732 limitationibus,
956 3659 1022 3719 aut
1048 3643 1128 3718 aliis
1156 3635 1351 3722 contrariis
1387 3644 1592 3718 ordinatio-

81 3767 194 3842 nibus
224 3792 298 3865 pro
325 3781 497 3864 tempore
525 3768 811 3864 quomodolibet
838 3769 1017 3842 iaciendis
1046 3768 1323 3864 comprehendi,
1355 3770 1424 3843 sed
1438 3793 1590 3866 semper

80 3894 131 3965 ab
159 3892 232 3965 illis
262 3894 432 3988 exceptis
459 3872 721 3989 perpetuoque
749 3893 902 3979 validas,
932 3892 1068 3979 firmas,
1091 3911 1132 3967 et
1158 3893 1329 3967 efficaces
1356 3893 1530 3980 existere,
1553 3909 1592 3967 et

80 4016 174 4102 iore,
207 4041 380 4115 suosque
408 4015 607 4112 plenarios,
638 4034 677 4092 et
705 4019 874 4116 integros
893 4017 1049 4091 effectus
1069 4018 1251 4105 obtinere,
1271 4033 1311 4092 et
1328 4019 1377 4092 ab
1405 4017 1588 4108 omnibus,

80 4157 121 4216 et
150 4141 328 4240 singulis,
357 4143 406 4216 ad
434 4166 532 4238 quos
560 4161 720 4238 spectat,
749 4159 788 4218 et
815 4143 1102 4240 quomodolibet
1129 4143 1316 4240 spectabit
1351 4144 1388 4216 in
1426 4143 1590 4219 [uturum

81 4267 351 4342 inviolabiliter
383 4267 593 4354 observari;
624 4267 773 4364 Sicque,
803 4285 843 4342 et
870 4294 944 4342 non
972 4268 1064 4342 alias
1092 4269 1128 4342 in
1156 4269 1374 4365 praemissis
1405 4269 1590 4356 omnibus,

78 4411 119 4466 et
148 4391 315 4490 singulis
344 4417 412 4488 per
438 4417 699 4490 quoscumque
728 4393 882 4481 ludices,
913 4394 1028 4467 etiam
1056 4393 1185 4468 Palatii
1215 4394 1344 4468 Nostri
1384 4395 1592 4490 Apostolici

78 4517 273 4614 praedicti
301 4517 521 4604 Auditores‚
550 4518 599 4590 ad
628 4519 843 4614 praedictae
871 4517 1031 4592 Sanctae
1060 4519 1254 4592 Romanae
1283 4519 1474 4594 Ecclesiae
1503 4518 1591 4594 Car·

77 4643 232 4718 dinales
262 4642 375 4716 etiam
405 4643 452 4716 de
481 4644 618 4718 Latere
636 4643 798 4743 legatos,
821 4669 865 4718 ac
889 4644 982 4718 alios
1003 4645 1135 4742 quavis
1154 4645 1389 4734 auctoritate,
1412 4661 1450 4720 et
1482 4661 1592 4742 pote-

77 4785 184 4843 state
216 4765 410 4866 fulgentes
439 4769 473 4853 in
502 4769 637 4865 quavis
666 4768 803 4856 Causa,
834 4785 873 4843 et
900 4767 1091 4856 instantia,
1123 4768 1270 4843 sublata
1297 4770 1364 4856 eie,
1394 4785 1590 4844 eteorum

76 4890 240 4967 cuilibet
269 4892 378 4965 aliter
405 4890 598 4980 iudicandi,
629 4909 669 4967 et
709 4893 980 4990 interpretandi
1023 4893 1211 4978 facultate,
1254 4907 1294 4966 et
1336 4894 1590 4982 Authoritate,

76 5017 256 5102 iudicari,
285 5032 324 5090 et
352 5016 497 5092 definiri
525 5019 675 5102 debere,
706 5043 750 5091 ac
778 5017 932 5105 irritum,
963 5034 1002 5092 et
1029 5019 1138 5092 inane
1167 5018 1198 5091 si
1231 5043 1341 5092 secus
1383 5043 1498 5113 super
1534 5018 1593 5094 his

76 5168 100 5217 a
130 5139 278 5239 quovis
304 5141 437 5238 quavis
452 5141 694 5217 Authoritate
723 5141 893 5230 scienter,
914 5141 974 5216 vel
1002 5143 1221 5240 ignoranter
1247 5142 1448 5239 contigerit
1473 5159 1593 5217 atten-

78 5269 152 5344 tari
183 5265 451 5352 decernimus;
482 5291 555 5339 non
582 5267 821 5343 obstantibus
850 5265 1201 5350 Constitutionibus,
1232 5283 1272 5340 et
1299 5265 1593 5342 ordinationibus

78 5389 337 5490 Apostolicis,
366 5417 410 5465 ac
438 5405 567 5465 nostra
595 5391 642 5465 de
671 5415 745 5467 non
778 5391 945 5469 tollendo
981 5393 1064 5466 lure
1091 5391 1278 5487 quaesito,
1308 5392 1465 5489 aliisque
1495 5391 1596 5468 Can·
1698 5423 1718 5482 t
