3720 5916
875 306 1011 366 Soecuto
1030 305 1136 365 XVII

386 622 392 632 '
488 665 503 703 r
937 655 1026 734 254.

247 817 293 890 lii
319 818 414 892 obitu
441 820 499 891 oel
519 829 693 916 perpetuo
720 818 878 891 discessu
896 817 1085 891 eiii’iisdom
1113 815 1322 900 Auditori's,
1344 841 1389 889 ne
1406 813 1607 912 ligantibus
1625 825 1735 912 proi-

325 943 502 1016 i'udiiinm
529 943 719 1029 obveniret,
748 967 879 1016 consae
906 967 1067 1040 quorum
1094 949 1178 1014 erat
1207 941 1349 1014 Ponens
1366 938 1677 1013 distribuebantur
1694 939 1742 1011 iis

325 1067 569 1141 Auditoribus
596 1069 725 1164 quibus
751 1067 861 1140 iidem
888 1077 1004 1140 essent
1028 1064 1316 1164 corresponsales
1333 1090 1378 1137 oo
1393 1063 1562 1138 auditori
1575 1063 1743 1154 defiiiuto

325 1191 382 1264 oel
405 1192 445 1264 i'n
466 1201 684 1289 perpetuum
711 1191 875 1264 discesso.
894 1234 908 1246 ·
936 1191 1220 1288 Siibrogoti'ones
1234 1188 1382 1285 fiebant
1404 1187 1621 1261 cumuloti've
1645 1187 1704 1259 vil
1718 1213 1743 1260 a

326 1316 486 1412 Regente
516 1313 778 1402 Concellori'oe,
807 1316 866 1388 ool
890 1342 914 1388 o
942 1316 1060 1389 Rotae
1078 1311 1229 1387 Deiono
1246 1357 1264 1369 -
1282 1322 1317 1386 et
1333 1313 1369 1385 si'
1382 1313 1488 1408 sorti
1499 1311 1624 1406 factae
1641 1311 1741 1406 fuis·

324 1451 403 1514 sent
432 1441 478 1514 ob
511 1451 674 1538 utroque,
712 1439 780 1513 illo
816 1439 1070 1513 attendebatur
1106 1465 1154 1511 ex
1192 1437 1334 1511 duobios
1366 1463 1460 1534 quoe
1492 1435 1607 1534 peius
1630 1436 1742 1531 facto

314 1567 460 1660 ficeret.
1553 1568 1560 1586 '
1721 1587 1724 1592 ¹

323 1721 439 1790 (Arcu.
459 1721 546 1792 Ros..
569 1720 759 1780 ‹Di'ori'um
780 1720 913 1791 Celsi'v).

674 1921 746 1995 Die
777 1919 950 1994 Mercurii
982 1941 1028 2011 27
1060 1917 1201 2015 Aprilis
1236 1925 1346 2013 1650.

324 2080 534 2154 Occasione
562 2081 686 2154 obitus
716 2082 758 2157 B.
780 2106 828 2156 m.
850 2080 1050 2178 Arguelias
1069 2077 1137 2153 suit
1155 2076 1305 2153 habitus
1323 2080 1461 2176 longus
1480 2103 1606 2151 sermo
1625 2101 1745 2172 super

243 2206 534 2304 subrogationes
576 2205 763 2281 faciendas
798 2206 832 2278 in
873 2206 954 2278 eius
990 2204 1125 2290 locum,
1164 2219 1202 2276 et
1239 2203 1442 2276 resolutum
1471 2200 1575 2299 quod
1604 2225 1743 2274 causae

243 2353 368 2402 coram
396 2355 443 2403 eo
471 2343 673 2416 vertentes,
706 2330 888 2404 deberent
925 2328 1105 2404 committi
1137 2327 1206 2402 illis
1243 2327 1490 2401 Auditoribus
1523 2326 1588 2422 qui
1625 2325 1744 2400 habe·
1852 2323 1853 2336 ³

241 2469 326 2527 rent
353 2458 509 2528 eosdem
536 2454 842 2552 corresponsales
869 2479 967 2550 quos
995 2452 1159 2526 habebat
1186 2453 1221 2528 b.
1252 2477 1300 2526 m.
1329 2450 1556 2550 Arguelias:
1586 2464 1626 2523 et
1653 2451 1745 2548 quia

191 2603 195 2610 ·
241 2579 453 2652 huiusmodi
472 2579 761 2678 subrogationes
780 2579 994 2652 obtinentur
1010 2593 1088 2650 tum
1108 2601 1177 2672 per
1195 2577 1292 2648 viam
1313 2573 1574 2648 memorialisa
1594 2575 1745 2649 Revmo

243 2702 410 2788 Decano,
441 2728 557 2799 quum
586 2728 654 2799 per
682 2704 779 2776 viam
809 2701 1135 2776 Commissionisa
1164 2690 1623 2799 Regente'Cancellariae
1655 2700 1744 2773 ideo

241 2825 419 2901 Dccanus
447 2827 646 2900 insinuavit
675 2827 837 2926 Regenti
865 2827 969 2923 quod
998 2825 1033 2898 in
1062 2826 1256 2923 signandis
1284 2823 1466 2898 similibus
1499 2823 1745 2898 Commissio·

163 2971 166 2978 ·
242 2953 349 3024 nibus
377 2950 533 3026 deberet
560 2951 751 3050 invigilare
780 2969 821 3025 ut
850 2966 1086 3026 remanerent
1105 2949 1214 3024 iidem
1236 2949 1544 3046 corresponsales
1561 2949 1612 3022 ob
1631 2972 1745 3043 prae-
1852 3011 1853 3030 ,

241 3077 414 3149 iudicium
444 3076 626 3152 Partium:
655 3093 693 3150 et
721 3079 810 3173 quia
836 3078 872 3150 in
901 3076 1066 3173 quadam
1095 3099 1209 3148 causa
1235 3071 1461 3148 Melevitana
1481 3073 1744 3148 Commendae

241 3225 338 3274 unus
366 3227 413 3274 ex
441 3201 672 3300 litigantibus
713 3201 926 3276 obtinuerat
957 3199 1266 3298 subrogationem
1301 3198 1337 3270 in
1378 3198 1451 3272 mei
1483 3222 1684 3295 personam
1717 3223 1745 3271 a

240 3326 387 3400 Revr‘iro
431 3327 596 3411 Decano,
626 3326 723 3400 alter
750 3351 841 3399 vero
870 3351 893 3398 a
921 3326 1095 3424 Regente
1125 3323 1378 3398 Cancellariae
1406 3347 1474 3420 per
1500 3323 1597 3396 viam
1628 3322 1744 3396 Com·
1852 3411 1853 3430 ἵ

240 3451 426 3524 missionis
455 3450 491 3523 in
520 3474 721 3547 personam
751 3449 799 3524 D.
831 3451 1042 3548 Peutinger,
1073 3448 1141 3522 suit
1168 3449 1320 3535 dictum,
1349 3448 1618 3520 attendendam
1652 3471 1743 3520 esse
1852 3435 1853 3460 ¹

240 3575 549 3672 subrogationem
577 3575 713 3649 iactam
740 3600 763 3648 a
793 3574 959 3661 Decan0,
990 3601 1038 3648 ex
1066 3599 1142 3669 quo
1162 3597 1289 3647 coram
1313 3597 1359 3648 eo
1379 3585 1583 3668 praeventa
1603 3570 1739 3652 fuerat,
1852 3601 1853 3622 ¹

240 3718 279 3774 et
307 3701 358 3773 ita
386 3725 537 3796 semper
565 3701 679 3774 fuisse
707 3716 908 3775 servatum.

805 4102 808 4110 .
931 4033 1020 4110 255.

239 4194 352 4266 Anno
379 4193 473 4287 1650
502 4193 703 4267 Auditores
731 4195 848 4267 Rotae
874 4193 1041 4268 nolebant
1066 4196 1201 4268 mulus
1227 4222 1359 4269 cousus
1393 4207 1505 4270 extro
1541 4223 1740 4270 nunierum
1852 4173 1853 4204 ἦ

314 4330 518 4418 proponere
545 4319 584 4391 i'n
611 4319 753 4392 ultionis
779 4319 875 4392 anni
898 4319 1030 4393 rotalis
1059 4321 1188 4394 Roti's:
1214 4321 1287 4407 sed,
1319 4321 1429 4422 Papo
1456 4322 1520 4396 broc
1556 4348 1628 4394 non
1655 4321 1741 4396 lau·

321 4444 441 4530 dante,
470 4445 669 4518 resolutum
695 4444 781 4538 J‘iii‘t
803 4471 866 4517 ios
902 4452 1044 4517 tontum
1085 4471 1217 4518 censos
1252 4473 1324 4520 esse
1353 4448 1615 4546 proponendos
1642 4473 1743 4546 quae

319 4579 574 4642 concernerent
598 4571 775 4652 materias
798 4570 937 4658 facitis.

317 4724 435 4796 (Atreu.
452 4724 543 4796 Rom,
566 4724 740 4784 «Μανία»
766 4725 854 4784 Celsi
869 4731 902 4790 ei
920 4724 1113 4798 Otihoooni).

777 4926 849 4999 Die
880 4949 929 4999 20
958 4925 1037 4998 Iun.
1074 4933 1184 5021 1650.

319 5088 404 5161 Fuit
419 5089 519 5162 Rota
539 5115 621 5162 cum
641 5087 866 5184 supradictis
887 5087 925 5162 X
946 5087 1170 5174 Auditorib,
1190 5091 1346 5163 absente
1366 5102 1510 5162 tantum
1532 5089 1579 5164 D.
1602 5087 1737 5166 Cerro.

238 5213 324 5284 Fuit
351 5213 603 5308 disceptatum
641 5213 737 5286 inter
774 5212 862 5287 DD.
899 5237 946 5284 an
991 5227 1121 5286 essent
1157 5211 1426 5309 proponendae
1463 5237 1601 5287 causae
1628 5228 1739 5288 extra
1852 5201 1853 5276 ἶ

237 5359 432 5409 numerum
461 5352 500 5410 et
526 5338 679 5410 tandem
707 5335 913 5408 resolutum
942 5336 1045 5432 quod
1075 5360 1149 5408 non
1178 5350 1480 5433 proponerentur
1506 5351 1613 5410 extra
1641 5337 1740 5411 ordi·
1852 5305 1853 5330 Χ
