3708 5918
794 259 953 363 Gregdrio
971 289 1004 348 X
1610 285 1647 344 57

146 484 248 582 quod
274 485 496 558 eorumdem
525 483 674 559 abbatis
701 497 741 556 et
767 499 975 558 conventus
1003 483 1182 558 intererat
1201 483 1338 558 dictam
1367 473 1521 556 causam
1538 506 1648 556 assu-

147 633 249 682 mere
275 625 316 682 et
343 633 429 682 eam
457 608 669 694 defendere,
700 609 972 704 produxerunt.
1004 607 1178 693 Demum,
1209 624 1340 682 sancte
1367 606 1546 686 memorie
1579 604 1648 679 do-

147 733 246 806 mino
285 732 494 820 Clemente,
525 757 625 829 papa
658 732 720 818 lV,
756 732 853 807 viam
886 732 1061 806 universe
1094 732 1214 807 carnis
1251 733 1435 831 ingresso,
1469 731 1646 829 dictoque

148 859 331 956 magistro
361 859 472 932 Petro
500 859 618 931 sede
646 860 747 930 curia
774 859 1011 943 absentante,
1042 856 1299 931 sanctissimus
1336 872 1446 954 pater
1472 856 1647 930 dominus

148 997 275 1057 noster
302 981 525 1081 Gregorius,
555 1005 656 1077 papa
684 979 733 1066 X,
754 982 914 1084 eandem
942 1005 1096 1056 causam
1116 982 1300 1056 commisit
1326 980 1529 1056 venerabili
1548 981 1646 1076 patri

146 1107 328 1204 magistro
358 1105 555 1191 Grimerio,
586 1129 683 1178 nunc
710 1105 994 1202 archiepiscopo
1020 1106 1204 1201 Aquensi,
1234 1121 1322 1180 tunc
1354 1106 1547 1203 capellano
1575 1129 1646 1180 suo

144 1246 184 1303 et
218 1229 382 1304 auditori
419 1255 618 1304 causarum
655 1230 772 1326 ipsius
808 1229 938 1327 palatii
967 1230 1145 1332 generali,
1180 1254 1306 1304 coram
1343 1255 1421 1326 quo
1464 1230 1647 1329 magister

146 1355 350 1430 Riccardus
378 1371 600 1452 procurator
625 1355 805 1452 prelatus,
834 1354 997 1429 libellum
1026 1355 1194 1430 exhibuit
1222 1356 1448 1430 continentie
1476 1353 1575 1429 talis:

232 1479 409 1554 «Coram
444 1480 552 1556 vobis
588 1480 791 1556 venerabili
827 1481 918 1566 viro,
952 1481 1105 1554 domino
1133 1479 1195 1566 G,
1226 1481 1365 1555 domini
1393 1505 1492 1577 pape
1521 1479 1646 1576 capel-

142 1605 229 1680 lano
266 1623 305 1682 et
342 1606 469 1702 palatii
510 1606 680 1681 eiusdem
721 1605 861 1680 domini
902 1606 1064 1680 auditori
1103 1630 1301 1680 causarum
1338 1604 1516 1704 generali,
1556 1605 1647 1680 dicit

144 1748 183 1805 et
210 1733 390 1829 proponit
417 1731 600 1829 magister
637 1731 820 1805 Ricardus
857 1731 905 1804 de
942 1731 1063 1806 Neida
1101 1747 1324 1827 procurator
1358 1731 1581 1806 venerabilis
1609 1731 1645 1804 in

145 1855 299 1930 Christo
326 1856 465 1931 domini
492 1855 762 1953 archiepiscopi
791 1855 1041 1930 Eboracensis
1069 1871 1109 1930 et
1136 1855 1261 1929 fratris
1298 1857 1482 1954 Aymonis
1509 1857 1645 1953 prioris

143 1996 273 2054 sancte
300 1981 493 2056 Trinitatis
523 1981 784 2065 Eboracensis,
814 1981 930 2078 quod,
961 2006 1045 2054 cum
1073 1980 1188 2056 irater
1217 1978 1505 2056 Bartholomeus
1535 1980 1645 2054 Pains

142 2107 359 2192 monachus,
380 2122 422 2179 ut
444 2105 648 2192 dicebatur,
671 2105 826 2180 Maioris
845 2106 1062 2180 monasterii
1082 2105 1325 2194 Turonensis,
1346 2106 1645 2202 prenominatum

142 2231 296 2306 fratrem
323 2232 547 2328 Aymonem,
578 2231 741 2326 priorem
769 2231 856 2304 dicti
889 2229 969 2316 loci,
1001 2256 1117 2327 super
1153 2231 1320 2327 prioratu
1353 2230 1453 2305 dicte
1489 2229 1646 2304 ecclesie

144 2369 274 2428 sancte
301 2353 495 2428 Trinitatis
514 2355 636 2451 primo
655 2378 782 2428 coram
799 2355 983 2452 magistro
1003 2351 1215 2441 Guillelmo,
1232 2355 1375 2429 decano
1393 2353 1642 2438 Antiocheno,

142 2503 187 2552 ac
217 2479 462 2575 postmodum
495 2502 622 2553 coram
655 2479 838 2576 magistro
875 2479 1085 2565 Arditionc,
1116 2478 1326 2574 primicerio
1359 2476 1643 2565 Mediolanensi,

48 2655 54 2666 .
143 2619 186 2676 ut
213 2603 419 2690 dicebatur,
448 2603 683 2678 auditoribus
710 2601 903 2699 deputatis
930 2627 954 2677 a
980 2603 1184 2678 venerabili
1212 2621 1321 2700 patre
1348 2603 1502 2711 domino
1530 2602 1645 2678 Octo

141 2729 245 2802 bono
272 2727 462 2815 cardinali,
490 2729 528 2802 in
555 2726 695 2826 Anglia
720 2727 928 2824 apostolice
957 2728 1059 2803 sedis
1078 2728 1220 2827 legato,
1240 2727 1419 2803 traxisset
1436 2729 1473 2802 in
1491 2751 1644 2802 causam

141 2853 238 2928 salso
263 2875 440 2928 asserens
468 2853 574 2950 quod
602 2852 785 2927 institutio
813 2877 879 2927 seu
907 2852 1074 2949 provisio
1093 2831 1237 2949 'prioris
1269 2854 1305 2927 in
1333 2854 1434 2929 dicto
1461 2853 1641 2949 prioratu,

139 2979 458 3074 quandocumque
486 3001 621 3052 vacare
654 2977 903 3074 contingeret,
941 2978 991 3050 ad
1024 2979 1200 3054 abbatem
1235 2967 1391 3054 Maioris
1426 2977 1644 3053 monasterii

140 3101 300 3199 predicti
341 3102 556 3198 pertinebat
591 3100 707 3198 pleno
742 3103 833 3188 iure,
864 3117 981 3198 atque
1015 3101 1238 3178 venerabilis
1271 3119 1380 3199 pater
1413 3100 1642 3198 Stephanus,

138 3228 260 3302 abbas
279 3227 367 3301 dicti
385 3228 613 3311 monasterii,
633 3225 819 3323 prelatum
842 3225 1149 3302 Bartholomeum
1167 3228 1269 3302 dicto
1287 3226 1469 3324 prioratui
1483 3227 1642 3312 vacanti,

141 3353 240 3426 sicut
276 3352 326 3426 ad
353 3353 476 3449 ipsum
512 3353 736 3449 pertinebat,
766 3367 809 3426 ut
841 3351 1048 3435 dicebatur,
1087 3352 1308 3449 prefecerat,
1346 3353 1568 3437 instituerat,
1598 3377 1643 3426 ac

139 3477 189 3552 de
217 3478 301 3574 ipso
328 3476 546 3572 providerat
572 3475 739 3575 legitime
767 3477 804 3550 in
821 3476 998 3572 priorem,
1018 3478 1210 3573 predictus
1229 3478 1461 3574 primicerius
1484 3501 1554 3575 pro
1573 3502 1642 3551 suc

138 3601 344 3676 voluntatis
370 3601 523 3676 arbitrio
556 3603 593 3674 in
621 3625 736 3676 causa
771 3601 853 3697 ipsa
889 3599 1112 3697 procedens,
1143 3617 1233 3698 post
1263 3602 1538 3699 appellationes
1571 3626 1643 3699 pro

137 3741 249 3824 parte
276 3727 410 3822 prelati
438 3726 573 3823 prioris
609 3749 754 3800 necnon
781 3724 868 3800 dicti
901 3727 1041 3802 domini
1077 3726 1347 3824 archiepiscopi
1379 3727 1484 3801 cuius
1515 3727 1641 3823 appel·

137 3851 217 3927 lare
244 3852 435 3938 intererat,
455 3869 496 3926 et
523 3876 637 3948 quern
665 3853 857 3950 negotium
885 3852 1008 3949 ipsum
1038 3854 1230 3951 tangebat,
1248 3877 1295 3926 ex
1323 3853 1446 3928 causis
1464 3851 1640 3950 legitimis

135 3978 379 4075 interpositas
406 3991 536 4051 contra
564 3977 702 4051 dictum
731 3977 883 4051 fratrem
902 3977 1115 4073 Aymonem
1135 3979 1297 4075 priorem
1318 4002 1388 4075 pro
1406 3979 1509 4052 dicto
1528 3977 1641 4052 fratre

136 4101 407 4176 Bartholomeo
434 4101 598 4198 iniquam
626 4118 666 4175 et
694 4117 952 4198 perperam'et
969 4100 1144 4176 iniustam
1165 4101 1396 4176 diffinitivam
1416 4101 1639 4176 sententiam
1700 4101 1703 4106 “

135 4224 405 4326 promulgavit,
434 4251 458 4299 a
485 4249 561 4322 qua
588 4225 741 4322 quidem
769 4224 955 4300 sententia
983 4225 1220 4301 nihilominus
1239 4249 1310 4322 pro
1328 4242 1436 4323 parte
1455 4225 1640 4300 dictorum

135 4351 273 4449 prioris
300 4367 340 4424 et
367 4350 639 4448 archiepiscopi
665 4350 831 4448 legitime
850 4350 973 4426 extitit
989 4351 1234 4448 appellatum.
1256 4349 1385 4444 Quare
1404 4351 1500 4447 petit
1517 4351 1640 4425 dictus

133 4489 361 4572 procurator
396 4477 494 4550 bene
520 4474 752 4572 appellatum
788 4499 859 4571 pro
895 4493 1004 4571 parte
1040 4474 1225 4551 dictorum
1253 4474 1389 4572 prioris
1425 4491 1465 4550 et
1496 4474 1641 4550 archie-

133 4599 292 4698 piscopi,
321 4615 362 4674 et
388 4600 487 4674 male
512 4601 793 4696 pronuntiatum
822 4616 862 4675 et
881 4602 1149 4675 sententiatum
1167 4625 1237 4697 per
1256 4599 1396 4676 dictum
1416 4600 1640 4698 magistrum

134 4723 467 4821 Arditionemper
493 4741 660 4799 vestram
688 4725 914 4800 sententiam
941 4725 1137 4814 declarari,
1168 4741 1207 4800 et
1243 4725 1519 4823 appellationes
1554 4748 1641 4821 pre·

134 4849 255 4924 dictas
282 4848 403 4922 iustas
441 4864 482 4922 et
508 4847 696 4948 legitimas
732 4850 812 4924 iore
845 4873 915 4945 per
950 4849 1176 4924 sententiam
1213 4865 1380 4924 vestram
1415 4849 1566 4924 decerni
1602 4865 1642 4924 et

134 4987 256 5049 totum
283 4995 506 5070 processum
533 4974 570 5046 in
598 4973 812 5049 huiusmodi
839 4975 994 5072 negotio
1022 4989 1154 5049 contra
1183 4975 1399 5072 Aymonem
1426 4989 1466 5049 et
1497 4973 1641 5048 archie-

133 5099 330 5196 piscopum
358 5097 550 5195 predictos
577 5113 616 5172 et
644 5097 869 5172 sententiam
896 5099 1013 5194 ipsius
1041 5098 1211 5197 magistri
1239 5097 1447 5173 Arditionis
1474 5114 1513 5173 et
1539 5098 1639 5195 quic-

133 5221 222 5322 quid
250 5247 301 5297 ex
328 5245 375 5296 ea
401 5220 461 5296 vel
488 5245 658 5319 peream
678 5237 849 5298 secutum
867 5238 938 5309 est,
958 5239 998 5297 et
1017 5222 1196 5321 quicquid
1214 5239 1345 5298 contra
1363 5221 1637 5319 appellationes

130 5363 169 5426 et
194 5363 289 5448 post
317 5344 591 5442 appellationes
618 5361 658 5422 et
685 5369 814 5422 earum
833 5345 1040 5442 quamlibet
1058 5347 1181 5422 extitit
1199 5361 1476 5445 attemptatum,
1497 5349 1636 5420 cassari
