3720 5914
220 258 225 267 Ι
271 299 324 359 180
911 299 1049 360 Socculo
1067 297 1138 360 XV

270 494 379 567 nobis
407 509 612 590 propterea
639 492 746 566 sactis
775 494 1089 589 condepnandum
1120 495 1200 568 sore
1227 511 1267 570 et
1293 494 1588 590 condepnamus,
1611 518 1767 591 quarum

269 642 520 713 expensarum
548 617 777 691 taxationem
806 616 916 692 uobis
943 619 1189 715 imposterum
1217 643 1467 694 reservamus.

351 743 412 816 lta
431 742 680 856 pronuntt'aur'
695 766 760 840 ego
790 742 946 817 Gabriel
972 741 1201 819 Contarenus
1227 745 1403 819 Auditor.

351 869 483 967 (uerso)
847 869 1085 945 Xanctonen.
1116 870 1333 944 Iniuriarum

351 986 483 1060 Rome.
514 985 641 1069 Lecta,
670 983 748 1058 lata
774 1001 814 1058 et
841 985 878 1057 in
905 985 1052 1081 scriptis
1081 985 1322 1085 promulgata
1354 987 1421 1061 luit
1451 1009 1610 1083 presens
1637 984 1766 1058 diffini-

270 1109 346 1183 tiva
382 1110 569 1183 sententia
606 1134 680 1216 per·
715 1110 808 1186 Rev.
852 1125 1000 1206 patrem
1035 1109 1228 1185 dominum
1263 1109 1478 1186 Gabrielem
1512 1109 1764 1184 Contarenum

268 1233 503 1321 Auditorem,
534 1234 635 1330 apud
665 1233 843 1308 Sanctum
873 1233 1024 1308 Petrum
1059 1235 1095 1308 in
1133 1236 1278 1332 palacio
1319 1260 1517 1310 causarum
1560 1233 1766 1332 apostolico

269 1361 340 1434 sub
367 1383 467 1433 anno
493 1384 516 1432 a
545 1359 737 1433 nativitate
769 1357 920 1432 Domini
949 1382 1172 1448 nccccnxxr,
1204 1361 1403 1436 indictione
1430 1375 1576 1456 quarta,
1597 1359 1659 1434 die
1679 1384 1765 1432 vero

268 1485 442 1558 Mercurii
471 1485 588 1559 tercia
614 1485 741 1581 aprilis
770 1482 1012 1558 Pontificatus
1042 1485 1194 1560 Domini
1223 1486 1325 1560 Pauli
1353 1509 1452 1584 pape
1481 1487 1634 1560 secundi
1656 1486 1766 1559 Anno

268 1609 440 1705 septimo,
463 1609 701 1705 presentibus
725 1607 838 1683 Petro
858 1607 1077 1683 Valandrini
1095 1625 1134 1684 et
1155 1610 1348 1685 Bernardo
1371 1611 1419 1684 de
1438 1610 1593 1685 Sulmon
1614 1609 1768 1684 notariis

269 1749 308 1806 et
336 1733 441 1806 sotiis
471 1733 643 1808 testibus.

1087 1859 1281 1934 Gerardus
1311 1859 1546 1960 Oldelvagen
1579 1858 1765 1934 Notarius.

976 2196 1062 2276 110.

268 2360 402 2436 Sixtus
429 2361 458 2434 I
460 2363 496 2435 V
519 2361 788 2459 (1471-1484)
815 2369 938 2435 cassat
961 2368 997 2433 et
1021 2361 1155 2434 irritat
1174 2371 1250 2433 tres
1275 2361 1456 2433 elcctzbms
1478 2360 1518 2434 in
1546 2360 1766 2436 Audz'torem

347 2487 465 2561 Rotae
491 2511 515 2559 a
542 2495 651 2558 senat
665 2487 803 2580 factas,
825 2512 868 2559 ac
886 2485 981 2560 zitbet
996 2485 1141 2559 nullum
1166 2483 1327 2583 amplius
1344 2486 1384 2558 in
1402 2484 1521 2558 Rotae
1547 2486 1765 2559 Audzi‘orcm

346 2637 419 2685 esse
458 2609 723 2685 admittendum
758 2610 868 2685 donec
894 2610 1147 2710 praesentalem
1187 2610 1416 2684 Auditorum
1451 2635 1629 2684 numus
1660 2611 1764 2706 infra

346 2735 616 2809 duodenarium
636 2734 759 2828 susrit
783 2735 996 2810 drinr'nutus.
1177 2727 1184 2746 ⁶

347 2891 462 2964 (Auen.
481 2891 568 2964 Ror,
594 2889 848 2949 «Admissiones
860 2915 886 2961 „
901 2895 990 2965 part.
1008 2889 1036 2956 I,
1053 2888 1147 2948 Sixto
1165 2887 1226 2962 IV,
1244 2905 1277 2947 n.
1295 2889 1338 2961 4).

1275 3050 1353 3121 1471,
1372 3049 1553 3109 decembris
1572 3050 1614 3123 13,
1633 3051 1764 3110 Romae.

318 3219 516 3293 Prehabita
544 3233 690 3291 matura
721 3243 765 3290 ac
802 3216 971 3316 diligenti
1002 3217 1315 3304 consideratione,
1349 3244 1398 3292 ex
1433 3218 1556 3304 certis,
1585 3218 1695 3292 iustis
1727 3233 1763 3291 et

264 3343 545 3418 rationabilibus
573 3343 697 3416 causis
724 3341 888 3418 animum
921 3359 1092 3416 nostrum
1122 3340 1173 3416 ad
1209 3342 1280 3417 hoc
1313 3344 1561 3426 moventibus,
1591 3340 1762 3416 volentes

262 3484 393 3543 contra
426 3468 661 3563 importunas
697 3491 830 3563 preces
859 3465 1146 3563 supplicantium
1180 3493 1233 3540 ac
1260 3467 1382 3540 minus
1410 3492 1539 3540 verum
1568 3467 1760 3564 proprium

261 3609 405 3669 motum
433 3617 456 3665 a
485 3593 592 3666 nobis
620 3592 929 3687 extorquentium
956 3608 1171 3688 opportune
1200 3591 1409 3688 providere,
1435 3607 1475 3668 et
1501 3590 1614 3667 [elicis
1644 3615 1760 3666 recor-

261 3716 423 3790 dationis
452 3715 592 3802 Calisti‚
617 3716 667 3789 Pii
695 3732 736 3790 et
757 3716 857 3790 Pauli
883 3717 1197 3812 predecessorum
1226 3733 1442 3792 nostrorum
1475 3716 1645 3814 vestigiis
1664 3718 1759 3790 inhe·

261 3857 399 3926 rentes,
422 3840 686 3936 Motuproprio
704 3856 808 3914 etex
827 3855 930 3915 certa
949 3857 1078 3915 nostra
1098 3840 1251 3916 scientia
1269 3857 1340 3916 etc.
1367 3839 1615 3938 Quecumque
1634 3858 1760 3918 nostra

261 3965 437 4041 mandata
456 3964 668 4040 Venerabili
688 3965 789 4038 sratri
808 3981 939 4040 nostro
959 3965 1145 4041 Roderico
1164 3965 1355 4061 Episcopo
1375 3966 1560 4042 Albanen.
1580 3982 1619 4040 et
1634 3980 1760 4040 sancte

260 4091 432 4165 Romane
459 4088 616 4164 ecclesie
648 4088 950 4164 vicecancellario
979 4089 1132 4174 directa,
1153 4114 1315 4186 perque
1334 4089 1490 4164 dilectos
1514 4089 1610 4165 filios
1630 4089 1760 4166 leroni-

260 4240 362 4288 mum
391 4215 439 4288 de
466 4214 645 4310 porcariis
675 4213 856 4300 Romane,
887 4214 1087 4289 Iohannem
1121 4214 1254 4310 prioris
1289 4215 1505 4290 venetensis
1532 4237 1570 4288 et
1605 4213 1759 4288 Benedi-

262 4355 364 4414 ctum
392 4338 441 4412 de
470 4338 643 4412 Mastinis
664 4338 869 4414 Mantuane
887 4339 1044 4434 ecclesie
1062 4338 1217 4413 clericos
1237 4337 1411 4438 Collegio
1430 4339 1652 4414 dilectorum
1670 4339 1761 4414 filio·

262 4491 342 4538 rum
373 4463 516 4537 Decani
543 4480 582 4537 et
617 4463 773 4540 aliorum
803 4465 898 4538 sacri
935 4463 1062 4560 palatii
1090 4463 1287 4559 apostolici
1324 4487 1521 4539 causarum
1548 4464 1757 4541 auditorum

261 4605 301 4663 et
328 4587 619 4685 Capellanorum
647 4604 863 4663 nostrorum
890 4591 1187 4687 aggregavimus
1204 4604 1244 4662 et
1263 4589 1312 4662 ad
1339 4614 1471 4663 eorum
1494 4589 1756 4664 admissionem

260 4712 430 4810 prelatos
459 4711 662 4786 Auditores
690 4711 862 4808 compelli
891 4711 1151 4786 mandavimus
1171 4737 1256 4786 cum
1275 4713 1574 4810 quibuscumque
1593 4714 1757 4788 censuris

259 4853 300 4909 et
327 4833 502 4910 clausulis
529 4837 566 4911 in
594 4838 649 4910 eis
677 4836 862 4911 contentis
890 4850 930 4911 et
957 4837 1130 4910 omnibus
1158 4837 1244 4910 inde
1273 4838 1422 4924 secutis,
1451 4863 1583 4914 eorum
1608 4855 1755 4934 tenores

259 4977 298 5035 et
317 4959 459 5057 reliqua
477 4985 546 5057 pro
566 4960 790 5036 sufficienter
808 4962 998 5059 expressis
1026 4961 1221 5050 habentes,
1253 4987 1484 5048 revocamus,
1506 4987 1700 5038 cassamus
1720 4978 1755 5036 et

260 5084 458 5171 irritamus,
479 5109 523 5158 ac
551 5110 621 5181 pro
650 5086 835 5161 revoca-tis
862 5101 902 5160 et
929 5086 1073 5160 insectis
1101 5087 1231 5161 haberi
1251 5085 1424 5162 volumus
1452 5113 1521 5185 per
1548 5104 1752 5184 presentes.

259 5209 442 5285 Volentes
471 5210 624 5306 insuper
651 5234 695 5283 ac
723 5225 944 5297 statuentes,
975 5210 1159 5286 neminem
1187 5212 1236 5286 de
1263 5227 1391 5286 cetero
1419 5213 1454 5286 in
1483 5211 1601 5309 ipsius
1633 5211 1754 5310 palatii

259 5360 457 5409 causarum
477 5334 700 5409 Auditorum
719 5335 860 5410 assumi
880 5361 994 5432 posse
1010 5337 1069 5411 vel
1085 5335 1234 5424 debere,
1256 5336 1377 5412 donec
1395 5339 1625 5435 presentium
1645 5337 1755 5412 Audi·
