3720 5916
807 305 920 366 Paulo
941 307 969 366 V
1580 304 1635 363 339

128 499 226 571 itaut
258 499 306 570 de
339 516 501 584 caetere,
536 518 755 574 occurrente
787 502 953 598 qualibet
985 503 1047 578 dd.
1078 500 1284 575 officiorum
1314 498 1519 584 vacatione,
1550 498 1636 572 scri-

128 638 265 717 pturae
303 623 493 720 praefatae
531 650 613 697 cum
645 628 818 699 omnibus
850 627 1114 701 emolumentis
1154 649 1226 698 una
1259 649 1344 699 cum
1382 623 1489 697 titulo
1525 622 1634 696 officii

128 765 266 821 vacent
294 748 341 820 ad
370 749 535 822 savorem
569 750 690 823 dictae
726 749 909 824 Camerae
939 767 1091 825 nostrae
1114 777 1185 848 pro
1214 765 1295 824 rata
1328 749 1524 823 duodecim
1554 746 1635 820 olfi-

127 873 290 959 ciorum;
320 897 390 969 pro
420 890 501 946 rata
537 872 693 948 aliorum
730 875 928 948 duodecim
965 876 1180 961 officiorum,
1212 877 1260 948 ad
1298 875 1463 948 favorem
1503 871 1633 946 Came-

128 997 235 1084 rarii;
269 1015 307 1071 et
345 1023 414 1094 pro
452 1015 534 1072 rata
570 999 726 1072 aliorum
765 1000 972 1085 duodecim,
1008 1003 1056 1073 ad
1085 1000 1249 1074 savorem
1283 999 1374 1071 Vice
1414 997 1632 1071 Cancellarii

128 1123 169 1196 S.
200 1123 245 1198 R.
278 1121 321 1195 E.
342 1146 412 1218 pro
441 1138 610 1218 tempore
639 1124 854 1209 existentis;
884 1141 923 1197 et
950 1143 1119 1219 prorata
1147 1123 1303 1198 aliorum
1324 1122 1394 1196 XII
1413 1122 1629 1210 officiorum,

126 1248 178 1320 ad
198 1246 363 1320 favorem
383 1246 444 1322 dd.
465 1247 591 1320 Palatii
607 1249 816 1344 Apostolici
836 1249 1063 1323 Auditorum
1081 1248 1395 1344 Cappellanorum
1417 1263 1630 1321 nostrorum

127 1373 339 1466 respective
368 1396 436 1468 pro
466 1389 636 1468 ternpore
664 1374 915 1458 existentium,
946 1391 986 1448 et
1014 1391 1126 1470 prout
1154 1372 1302 1472 singula
1329 1374 1393 1447 dd.
1415 1371 1631 1445 Officiorum

129 1495 372 1570 Notariorum
401 1495 553 1572 collatio
579 1498 628 1570 ad
657 1523 840 1594 praesens
869 1514 1016 1595 spectet
1043 1517 1081 1572 et
1110 1499 1307 1594 pertineat,
1331 1523 1376 1572 ac
1404 1515 1574 1594 spectare
1593 1515 1632 1573 et

126 1624 317 1716 pertinere
338 1623 543 1706 consuevit,
565 1647 609 1696 ac
638 1623 745 1695 simul
766 1649 849 1696 cum
870 1624 917 1695 de
947 1623 1054 1696 titulo
1073 1623 1244 1718 personis
1263 1650 1285 1696 a
1306 1623 1425 1697 Nobis
1443 1641 1484 1696 et
1502 1648 1632 1719 respe-

126 1748 225 1819 ctive
243 1746 324 1818 aliis
343 1745 583 1820 collatoribus
603 1746 781 1844 praelatis
800 1749 1060 1844 approbando,
1081 1748 1129 1822 ad
1149 1750 1262 1821 vitam
1284 1775 1350 1822 seu
1370 1772 1441 1844 pro
1459 1763 1630 1844 tempore

126 1895 206 1964 quo
232 1869 392 1944 officium
420 1870 623 1945 obtinuerit
651 1873 804 1946 concedi
832 1874 983 1946 omnino
1011 1873 1174 1947 debeant
1193 1887 1233 1946 et
1251 1872 1539 1948 concedantur.¹
1559 1872 1630 1947 Pro

126 1994 340 2067 huiusmodi
368 2020 459 2068 vero
483 1995 726 2070 concessione
746 1997 782 2068 in
802 1997 968 2071 savorem
987 1996 1051 2073 dd.
1073 1995 1327 2084 Notariorum,
1348 2013 1390 2069 ut
1409 1997 1625 2093 praefertur,

126 2119 234 2206 lacta,
265 2105 305 2193 e't
340 2119 423 2194 loco
458 2121 566 2215 pretii
604 2123 870 2218 scripturarum
906 2137 944 2196 et
981 2121 1319 2213 emolumentorum
1356 2121 1627 2218 applicaturum

126 2243 349 2331 huiusmodi,
380 2260 565 2340 perpetuo
593 2245 818 2340 imponimus
846 2261 885 2318 et
911 2245 1149 2342 iniungimus,
1170 2243 1276 2332 ultra,
1298 2261 1450 2341 praeter
1474 2261 1513 2318 et
1540 2261 1629 2341 post

124 2391 288 2440 annuam
316 2393 502 2441 summam
530 2385 569 2441 et
596 2366 821 2443 solutionem
849 2393 918 2464 per
946 2367 1151 2464 quemlibet
1182 2369 1435 2466 expraesatis
1463 2368 1627 2443 Notariis

124 2491 276 2565 cuilibet
295 2518 365 2566 suo
385 2518 454 2588 pro
474 2510 644 2589 tempore
664 2493 849 2580 Auditori,
870 2509 913 2567 ut
930 2494 1073 2579 dicitur,
1096 2518 1165 2589 pro
1194 2493 1330 2566 salario
1349 2495 1440 2567 solvi
1465 2495 1624 2578 solitam,

124 2617 176 2690 ad
205 2643 317 2713 quam
347 2618 502 2714 quilibet
540 2617 719 2692 Notarius
756 2619 791 2692 in
811 2619 978 2692 terminis
1005 2635 1044 2692 et
1072 2619 1193 2693 modis
1227 2620 1408 2693 hactenus
1437 2619 1626 2694 consuetis

124 2743 277 2816 omnino
306 2758 489 2829 teneatur,
520 2758 559 2816 et
586 2743 795 2840 scripturae
821 2759 861 2816 et
889 2743 984 2816 tituli
1012 2767 1082 2841 pro
1101 2743 1270 2840 praela-ta
1292 2743 1503 2818 huiusmodi
1530 2743 1626 2817 solu·

123 2870 227 2941 tione
254 2885 293 2941 et
311 2870 503 2964 primavae
530 2882 570 2942 et
588 2867 846 2967 privilegiatae
864 2869 913 2943 ad
941 2868 1107 2943 savorem
1132 2870 1194 2944 dd.
1216 2868 1442 2942 Auditorum
1470 2869 1625 2942 affectae

121 3011 162 3066 et
190 2995 375 3066 obnoxiae
401 3018 487 3066 esse
515 3009 740 3068 censeantur
771 3012 810 3067 et
846 2994 1021 3080 debeant,
1060 2993 1173 3068 etiam
1213 3017 1287 3066 non
1315 2993 1551 3067 obstantibus
1590 2995 1624 3067 in

121 3117 315 3213 praesenti
343 3134 473 3192 nostra
492 3116 625 3191 cedula
644 3118 828 3192 contentis
846 3136 886 3192 et
905 3119 1116 3214 expressis;
1145 3133 1184 3191 et
1212 3140 1282 3213 pro
1310 3117 1409 3190 dicta
1438 3117 1624 3192 solutione

123 3243 214 3316 dicti
250 3241 454 3316 Auditores
490 3259 528 3316 et
558 3242 780 3341 Cappellani
814 3243 943 3329 nostri,
973 3261 1048 3315 tam
1087 3243 1246 3316 caeteris
1282 3241 1373 3328 aliis,
1413 3267 1526 3338 qnam
1554 3244 1624 3339 ipsi

123 3367 247 3441 blonti
274 3382 313 3440 et
341 3367 542 3454 Montistis,
573 3369 719 3464 priores
747 3384 786 3440 et
813 3370 981 3466 potiores
1010 3367 1084 3440 sint
1110 3385 1150 3442 et
1176 3392 1263 3441 esse
1291 3365 1474 3443 debeant:
1495 3383 1544 3452 et,
1567 3368 1624 3441 his

121 3493 245 3580 salvis,
276 3517 420 3566 annuas
458 3494 734 3589 praestationes
769 3507 961 3567 scutorum
997 3493 1214 3590 octuaginta
1249 3493 1416 3589 quinque
1448 3508 1623 3567 monetae

120 3642 193 3713 pro
212 3616 380 3713 quolibet
398 3643 444 3691 ex
465 3618 631 3692 Notariis
651 3642 765 3715 super
782 3618 1045 3692 emolumentis
1064 3615 1266 3691 officiorum
1297 3634 1337 3690 et
1355 3617 1621 3712 scripturarum

122 3741 364 3816 Notariorum
389 3744 642 3838 praelatorum
671 3768 694 3816 a
723 3743 783 3816 die
811 3767 881 3839 per
907 3743 1084 3817 dilectum
1112 3741 1226 3816 filium
1257 3741 1441 3815 Camerae
1470 3758 1623 3816 nostrae

121 3867 367 3964 Apostolicae
384 3867 600 3965 generalem
619 3867 910 3941 Thesaurarium
940 3868 1179 3953 declarando,
1196 3868 1232 3939 in
1261 3883 1456 3962 posterum
1484 3867 1623 3940 dictam

120 4017 282 4066 annuam
304 4018 486 4066 summam
507 4007 601 4069 scut.
623 3992 840 4089 octuaginta
859 3994 1025 4088 quinque
1048 4007 1233 4078 monetae,
1256 4017 1325 4088 pro
1346 3991 1501 4089 singulis
1521 3993 1621 4088 ipso·

121 4143 214 4200 rum,
237 4117 405 4212 quolibet
422 4141 532 4203 anno,
553 4117 600 4189 de
619 4117 785 4191 bimestri
805 4118 840 4189 in
860 4117 1049 4202 bimestre,
1065 4117 1102 4189 in
1129 4117 1202 4189 fine
1220 4115 1416 4190 cuiuslibet
1434 4115 1622 4190 bimestris

121 4258 239 4314 ratam
269 4256 415 4336 partem
445 4241 688 4336 Depositario
715 4241 937 4338 infrascripti
967 4241 1123 4326 Montis,
1153 4240 1300 4315 solvere
1328 4241 1365 4313 in
1398 4256 1621 4336 perpetuum

120 4367 215 4438 etin
236 4365 415 4438 inlinitum
445 4345 514 4461 pro
534 4365 670 4460 quibus
694 4365 884 4438 solvendis
904 4366 996 4438 etin
1025 4363 1185 4437 solidum
1204 4388 1248 4437 ac
1267 4364 1314 4437 de
1334 4365 1441 4451 bene,
1464 4361 1622 4437 fideliter

119 4507 157 4562 et
176 4489 376 4586 diligenter
394 4490 514 4562 dictas
532 4489 737 4584 scripturas
753 4489 1000 4563 custodiendo
1020 4507 1058 4562 et
1077 4490 1336 4562 conservando
1361 4487 1620 4585 unusquisque

120 4638 189 4709 pro
218 4639 259 4686 se
283 4630 428 4687 tantum
448 4631 487 4686 et
515 4615 648 4687 saltem
667 4612 866 4688 insolidum
885 4638 955 4709 pro
975 4615 1147 4687 custodia
1166 4613 1433 4709 scripturarum
1453 4611 1617 4708 quando,

122 4737 300 4813 ²vacante
320 4739 450 4822 officio,
468 4739 517 4812 ad
539 4739 750 4835 Collegium
770 4741 973 4813 deveniunt
991 4740 1111 4814 donec
1126 4739 1310 4812 invenitur
1328 4761 1525 4811 successor
1544 4753 1621 4810 tam

121 4862 255 4962 singuli
289 4866 420 4939 notarii
460 4882 680 4960 praesentes
716 4882 755 4938 et
787 4865 887 4938 dicta
923 4863 1043 4938 osficia
1078 4863 1303 4950 obtinentes,
1333 4877 1374 4934 et
1399 4863 1618 4936 eorumdem

199 5106 207 5142 ¹
227 5104 352 5165 Notarii
364 5113 536 5166 teneantur
553 5108 681 5165 solvere
696 5107 909 5167 Auditoribus
927 5107 1021 5166 solita
1033 5107 1162 5176 salaria,
1174 5115 1206 5164 et
1219 5105 1396 5179 scripturae
1415 5114 1446 5164 et
1465 5105 1548 5164 tituli
1561 5121 1620 5179 pro

115 5211 229 5254 eorum
247 5195 404 5254 solutione
422 5196 488 5254 sint
505 5194 638 5254 affectae
656 5205 688 5255 et
705 5198 862 5256 obnoxiae
880 5205 912 5255 et
933 5199 993 5272 ipsi
1012 5197 1077 5256 sint
1096 5197 1221 5270 priores
1239 5205 1271 5253 et
1290 5195 1428 5268 potiores
1447 5195 1618 5254 Montistae

120 5301 197 5358 prae
216 5283 354 5342 caeteris
373 5285 454 5344 aliis.

199 5373 210 5409 ²
229 5371 367 5445 Quando
385 5374 477 5432 adest
495 5373 634 5434 officium
654 5391 783 5434 vacans.
