3688 5924
857 302 995 362 Saeculo
1013 301 1104 360 XIII

953 669 1016 748 38.

229 865 449 940 Alexander
468 867 535 940 IV
547 867 759 942 sententiam
777 868 817 939 irc
834 890 946 940 cansa
957 857 1203 963 proventuum
1220 891 1269 938 erc
1285 863 1490 950 cienerc'lus,
1506 859 1727 960 Episcopum

316 991 354 1064 T
347 991 565 1066 rcscrclamcm
592 992 689 1065 c'rrtcr
715 1001 750 1064 et
775 979 1046 1064 Moreasterium
1075 989 1360 1090 Crypteserrate,
1389 987 1506 1060 latam
1541 1011 1566 1060 a
1603 985 1728 1084 Magi·

309 1132 389 1191 stro
422 1115 597 1202 Martino,
629 1131 716 1190 tunc
748 1114 887 1190 domini
915 1114 1015 1211 Pape
1036 1112 1255 1210 Capeliano,
1285 1137 1382 1186 nunc
1408 1128 1535 1186 antem
1565 1109 1729 1184 Bracha·

308 1243 409 1316 rensi
437 1240 743 1338 Archiepiscopo,
772 1249 896 1314 ratam
922 1239 1029 1314 hebet
1052 1248 1087 1312 et
1111 1236 1316 1328 confirmat.
1345 1281 1372 1294 -
1398 1237 1588 1333 Magister
1614 1233 1729 1308 Mor-

309 1368 408 1441 timcs
434 1392 471 1440 sc
497 1391 571 1440 non
606 1375 708 1440 vocat
732 1367 858 1465 (neque
884 1392 909 1438 a
941 1363 1113 1463 partibus
1139 1361 1305 1466 vocatur)
1325 1361 1545 1436 Auditorum
1568 1385 1727 1457 garrera-

309 1491 390 1566 lem.
419 1535 446 1548 -
473 1493 670 1578 Notarius,
700 1489 738 1564 S.
769 1491 818 1566 R.
849 1489 1032 1565 Ecclesiae
1058 1489 1283 1563 anctoritate.

312 1681 406 1756 (Rue.
426 1681 519 1752 Vns,
531 1683 626 1756 2⁴bf·
640 1683 679 1740 17
682 1683 728 1755 tt,
740 1697 832 1740 armo
844 1681 891 1753 II,
902 1689 971 1755 cap.
984 1679 1071 1749 300,·
1082 1677 1118 1740 C.
1132 1679 1265 1739 Βουκιῑι
1275 1693 1319 1738 na
1331 1693 1374 1738 nu
1386 1677 1562 1750 Rouctnnn,
1574 1693 1605 1734 n.
1618 1673 1728 1734 13651.
1835 1723 1836 1776 ἱ

1287 1905 1365 1978 1256,
1384 1904 1465 1965 iunii
1485 1906 1527 1978 10,
1546 1903 1732 1980 Anagniae.

320 2071 413 2146 «Ea
441 2097 515 2170 que
543 2071 677 2146 iudicio
704 2088 776 2147 etc.
805 2096 947 2169 usque:
968 2071 1198 2148 communiri.
1229 2071 1327 2145 Sane
1355 2070 1496 2144 dudum
1525 2068 1622 2143 inter
1649 2093 1731 2150 vos,

234 2221 281 2271 ex
307 2213 416 2293 parte
444 2221 529 2283 una,
549 2212 589 2272 et
618 2255 639 2272 ..
672 2199 871 2282 Abbatem,
893 2213 932 2271 et
961 2197 1199 2271 Conventum
1220 2195 1438 2270 monasterii
1462 2192 1734 2292 Cripteierrate

233 2345 347 2418 super
373 2321 594 2408 mortuariis,
635 2321 770 2422 legatis
804 2319 864 2396 vel
906 2319 991 2396 fidei
1027 2318 1247 2404 commissis,
1286 2318 1538 2394 oblationibus
1574 2333 1614 2392 et
1649 2319 1735 2414 qui·

230 2446 391 2522 busdam
417 2445 498 2521 aliis
525 2447 701 2534 articulis,
731 2471 778 2520 ex
805 2445 932 2532 altera,
963 2447 1160 2542 questione
1188 2446 1356 2530 suborta,
1385 2469 1455 2518 nos
1482 2439 1734 2518 venerabilem

232 2569 255 2646 i.
286 2595 321 2647 n.
352 2570 579 2670 Magistrum
599 2571 813 2656 Martianus,
843 2571 1165 2668 archiepiscopum
1195 2567 1500 2656 Bracharensem,
1522 2584 1609 2642 tunc
1637 2567 1735 2663 prio·

233 2719 311 2770 rem
348 2693 672 2771 Wimaranensem
707 2712 747 2771 et
776 2695 1021 2794 Capelianum
1054 2711 1237 2779 nostrum,
1277 2693 1530 2769 concessimus
1562 2691 1735 2788 partibus

231 2818 452 2908 auditorem,
492 2821 568 2918 qui,
597 2820 725 2895 audita
752 2821 987 2896 confessione
1016 2819 1145 2894 sindici
1172 2818 1230 2893 vel
1268 2817 1522 2916 procuratoris
1550 2816 1735 2890 dictorum

233 2944 380 3021 abbatis
416 2961 455 3020 et
483 2946 716 3038 Conventus,
745 2971 789 3021 ac
817 2945 944 3022 habito
972 2969 1087 3044 super
1113 2945 1183 3048 hiis
1211 2945 1300 3018 iuris
1331 2943 1537 3041 peritorum
1566 2940 1735 3026 consilio,

234 3095 349 3167 super
385 3071 571 3146 nonnullis
607 3070 846 3146 articulorum
879 3072 1047 3167 ipsorum
1075 3069 1308 3144 diffinitivam
1340 3093 1409 3168 pro
1445 3069 1553 3143 vobis
1582 3084 1737 3142 senten·

235 3195 324 3272 tiam
352 3187 615 3295 promulgavit,
655 3197 776 3271 dictos
812 3196 988 3270 abbatem
1022 3210 1061 3269 et
1089 3193 1329 3269 Conventum
1357 3218 1473 3290 super
1508 3190 1735 3290 quibusdam

232 3321 269 3394 in
288 3303 410 3396 libello
438 3337 566 3396 vestro
593 3319 720 3417 petitis
747 3321 796 3395 ab
824 3319 1054 3416 impetitione
1082 3335 1209 3394 vestra
1237 3318 1472 3394 nihilominus
1490 3316 1736 3403 absolvendo,

233 3462 347 3543 prout
373 3447 409 3520 in
446 3448 693 3520 instrumento
730 3445 878 3542 publico
905 3444 1074 3520 eiusdem
1101 3445 1284 3520 auditoris
1321 3443 1443 3541 sigillo
1467 3442 1617 3542 signato
1647 3467 1738 3517 con·
1835 3449 1836 3452 ’

233 3571 332 3644 lecto
360 3571 495 3647 exinde
522 3570 669 3666 plenius
706 3569 928 3646 continetur.
959 3569 1041 3644 Nos
1074 3568 1197 3668 igitur,
1227 3569 1364 3644 vestris
1398 3566 1736 3666 supplicationibus

234 3695 405 3782 inclinati,
437 3695 659 3770 sententiam
687 3695 899 3770 huiusmodi
919 3708 1038 3768 ratam
1058 3692 1250 3777 habentes,
1273 3691 1370 3766 illam
1393 3693 1617 3768 auctoritate
1643 3715 1739 3788 apo·

233 3819 365 3894 stolica
402 3819 664 3894 confirmamus
705 3837 776 3896 etc.
825 3844 971 3916 usque:
1017 3817 1302 3893 communimus.
1345 3817 1534 3892 Tenorem
1575 3813 1735 3914 predicti

233 3945 469 4018 instrumenti
496 3944 734 4040 presentibus
762 3945 874 4018 inseri
901 3945 1092 4028 iacientes,
1124 3941 1189 4040 qui
1218 3943 1303 4018 talis
1331 3957 1412 4016 est:

1353 4185 1431 4260 1256,
1443 4186 1506 4244 mai
1526 4186 1552 4258 5,
1572 4183 1738 4244 Laterani.
1835 4211 1836 4234 ι

326 4385 344 4428 e
362 4356 402 4429 ln
430 4355 579 4429 nomine
599 4353 750 4436 domini,
773 4354 909 4429 Amen.
930 4350 1165 4427 Venerabilis
1184 4367 1293 4447 pater
1320 4351 1495 4425 dominus
1515 4349 1576 4436 0,
1593 4347 1739 4423 Tuscu·
1835 4329 1836 4334 ¹

234 4480 343 4556 lanus
370 4481 582 4577 episcopus,
610 4477 922 4576 archipresbiteri,
952 4476 1158 4573 presbiteri,
1189 4491 1230 4550 et
1256 4475 1380 4549 clerici
1407 4474 1567 4548 diocesis
1595 4472 1741 4548 Tuscu·

236 4607 320 4682 lane
340 4665 361 4681 ..
383 4606 567 4690 abbatem,
599 4619 638 4678 et
665 4617 891 4678 conventum
920 4601 1136 4676 monasterii
1165 4599 1433 4697 Cripteierrate
1460 4624 1587 4674 coram
1615 4600 1736 4685 nobis,

237 4729 424 4828 Magistro
453 4728 628 4812 Martino,
658 4728 798 4801 domini
825 4751 926 4823 pape
953 4725 1156 4822 capellano,
1187 4725 1312 4820 priore
1334 4723 1622 4811 Wimaranensi,
1651 4748 1741 4819 par-

237 4855 337 4930 tibus
354 4854 526 4928 auditore
546 4853 647 4940 dato,
669 4867 863 4928 traxerunt
891 4851 928 4924 in
946 4874 1111 4926 causam.
1142 4847 1367 4923 Constitutis
1395 4850 1508 4947 igitur
1526 4851 1562 4921 in
1581 4873 1740 4944 presen-

238 4981 289 5054 tia
316 4993 446 5054 nostra
474 4978 628 5068 Nicolao
654 4979 838 5061 Romano,
867 4993 1111 5072 procuratore
1138 4974 1322 5048 dictorum
1340 4975 1519 5072 episcopi,
1548 4973 1741 5071 archipre-

238 5107 474 5202 sbyterorum
502 5119 541 5176 et
558 5102 788 5188 clericorum,
817 5118 857 5174 et
883 5101 997 5174 iratre
1022 5100 1175 5174 Donato
1201 5099 1400 5183 Monacho,
1431 5113 1674 5196 procuratore
1701 5115 1742 5172 et
1835 5097 1836 5100 ’

239 5229 402 5325 Syndico
420 5227 604 5301 dictorum
631 5227 779 5302 abbatis
797 5239 837 5300 et
856 5225 1087 5312 Conventus,
1116 5225 1238 5298 dictus
1267 5224 1327 5310 N.,
1350 5239 1577 5320 procurator,
1608 5239 1741 5297 contra

238 5352 398 5428 eundem
427 5352 626 5448 Syndicum
653 5349 816 5426 libellum
844 5348 978 5424 obtulit
1005 5349 1040 5422 in
1069 5349 1138 5423 hec
1165 5350 1301 5424 verba:
