3718 5918
354 519 439 568 122.
470 494 573 580 Item,
595 493 799 590 quemdam
828 517 913 566 sese
943 491 1163 566 rlifficultare
1191 495 1429 566 extentiones
1459 493 1700 567 Decisionum
1718 495 1758 566 ad

267 619 423 692 formam
452 617 715 715 suffragiorum
742 633 781 691 et
808 617 1040 712 prolationes
1069 616 1347 691 Sententiarum
1385 617 1435 692 ad
1467 617 1624 703 sormam
1658 617 1759 691 Deci·

266 745 428 818 siouum:
458 761 498 817 et
526 743 715 817 Sanctitas
732 742 811 816 Sua
830 756 1034 838 postquam
1054 766 1123 816 nos
1143 741 1309 840 desuper
1328 743 1440 816 etiarn
1468 743 1631 841 benigne
1650 742 1758 816 fusius

267 868 418 954 audivit,
449 867 640 940 mandavit
669 884 709 940 ut
726 866 860 940 eadem
888 867 936 940 de
965 891 1007 939 re
1033 890 1235 963 ageremus
1265 892 1348 940 cum
1377 865 1422 941 R.
1454 867 1493 942 P.
1516 867 1563 942 D.
1588 866 1648 939 De
1667 866 1759 940 Luca

265 994 346 1070 eius
375 995 561 1067 Auditore
592 992 822 1079 Domestica,
852 1007 892 1065 et
924 991 1125 1075 subiunxit,
1157 1017 1200 1064 se
1237 991 1388 1065 omnino
1425 992 1521 1067 velle
1558 1008 1599 1066 ut
1636 1016 1758 1065 omnes

267 1145 308 1193 se
340 1118 617 1192 conformarent
653 1116 789 1191 iudicio
825 1142 978 1191 suorum
1013 1115 1297 1202 Coauditorum,
1327 1132 1367 1190 et
1402 1119 1596 1213 antiquum
1631 1117 1757 1213 stylum

266 1260 472 1330 servarent,
494 1259 533 1316 et
553 1241 647 1316 hanc
676 1267 783 1316 suam
802 1242 1035 1316 voluntatem
1056 1243 1180 1315 eidem
1210 1241 1309 1316 serio
1329 1243 1633 1339 significaturum,
1656 1257 1759 1338 prout

267 1369 396 1464 paucis
424 1368 557 1442 diebus
584 1383 674 1463 post
700 1367 795 1442 fecit.

356 1520 395 1566 12
404 1499 462 1586 3.‘
478 1550 1755 1569 ....................

353 1643 437 1710 124.
469 1617 580 1692 Unde
608 1642 702 1702 cum,
724 1617 881 1691 absente
912 1617 958 1692 D.
985 1615 1224 1701 Vicecomite,
1247 1643 1295 1690 ex
1322 1619 1495 1692 condicto
1522 1619 1571 1692 ad
1591 1617 1756 1690 eumdem

266 1744 491 1817 Auditorem
522 1742 600 1846 (De
619 1745 737 1840 Luca)
768 1743 853 1841 Ego
881 1742 985 1816 solus
1015 1767 1188 1816 reversus
1207 1734 1366 1817 fuissem
1379 1744 1440 1816 die
1470 1767 1489 1816 2
1497 1766 1531 1836 3,
1555 1743 1648 1816 dixit
1667 1741 1756 1825 mihi,

266 1895 307 1942 se
335 1870 460 1942 omnia
495 1868 667 1942 retulisse
703 1866 823 1941 SSmo
852 1867 900 1941 D.
932 1867 992 1954 N..
1023 1882 1063 1941 et
1095 1866 1340 1941 Sanctitatem
1378 1867 1493 1942 Suam
1530 1870 1756 1964 approbasse

264 2007 306 2066 ut
334 1994 368 2064 in
398 2009 594 2088 posterum
622 2007 837 2065 servaretur
867 1990 986 2087 stylus
1014 1991 1253 2087 supradictus
1273 1992 1443 2088 capiendi
1472 1989 1755 2065 resolutionesa

265 2118 393 2192 maiori
431 2133 538 2213 parte
575 2115 848 2213 suffragiorum,
886 2141 970 2189 cum
1008 2117 1079 2190 hoc
1118 2134 1242 2190 tamen
1281 2116 1547 2201 moderamine,
1588 2116 1692 2212 quod
1725 2116 1756 2186 in

265 2241 383 2336 prima
402 2241 660 2337 propositione
681 2262 754 2314 non
782 2239 888 2314 facile
916 2241 1086 2338 capiatur
1104 2241 1284 2316 resolutio
1313 2267 1397 2316 cum
1424 2241 1758 2338 praeponderantia
1831 2251 1832 2254 ’

263 2367 372 2439 unius
392 2365 508 2440 solius
527 2364 703 2462 suffragii,
724 2380 765 2439 et
782 2365 887 2461 quod
906 2366 1059 2463 quando
1080 2364 1229 2440 Causae
1248 2366 1423 2440 videntur
1450 2391 1473 2441 a
1494 2367 1661 2440 Ponente
1680 2390 1754 2440 cum

263 2507 427 2586 quatuor
447 2489 805 2585 Corresponsalibus
820 2489 856 2563 in
869 2489 1058 2564 discordia
1074 2491 1233 2564 duorum
1250 2490 1510 2590 suffragiorum
1529 2516 1613 2564 cum
1632 2491 1755 2574 tribus,

264 2614 456 2688 ordinetur
484 2629 525 2687 ut
557 2613 684 2689 videat
718 2641 893 2711 sequens,
924 2631 964 2690 et
998 2616 1029 2690 si
1057 2618 1092 2690 in
1122 2617 1440 2713 Repropositione
1477 2617 1549 2692 iste
1578 2617 1756 2690 Dominus

262 2741 460 2814 conveniat
478 2764 562 2814 curn
590 2740 740 2814 duobus
757 2754 797 2814 et
815 2740 866 2814 ita
894 2757 984 2814 vota
1002 2742 1078 2815 sint
1096 2741 1213 2837 paria,
1234 2755 1322 2815 tunc
1341 2743 1534 2816 ordinetur
1553 2759 1594 2816 ut
1612 2741 1757 2815 videant

263 2887 395 2938 omnes
425 2865 587 2952 Domini,
615 2865 718 2938 etin
747 2866 919 2962 sequenti
948 2865 1207 2962 propositione
1235 2867 1404 2963 capiatur
1432 2867 1624 2942 resolutio.

349 3011 432 3082 125.
464 2989 513 3061 Et
541 2989 588 3061 de
616 3004 744 3063 cetero
780 2988 1025 3064 Sanctitatem
1054 2989 1169 3064 Suam
1203 2990 1355 3065 omnino
1382 2989 1478 3065 velle
1505 3005 1547 3064 ut
1575 3006 1754 3067 secretum

262 3112 437 3212 religiose
457 3131 629 3187 servetur
647 3129 685 3188 et
704 3115 808 3210 quod
826 3139 958 3188 omnes
978 3140 1020 3188 se
1040 3115 1273 3190 conforment
1291 3114 1473 3191 voluntati
1493 3141 1647 3190 suorum
1667 3113 1756 3188 Cor·
1831 3159 1832 3220 q

261 3239 534 3335 responsalium
571 3254 611 3312 et
646 3240 801 3336 antiquo
837 3239 1013 3313 laudabili
1050 3239 1147 3336 stylo
1183 3240 1411 3314 extendendi
1453 3239 1673 3314 Decisiones
1708 3238 1754 3311 ad
1831 3289 1832 3362 l

260 3387 430 3437 normam
451 3363 713 3459 suffragiorum
732 3379 772 3438 et
786 3362 999 3464 proferendi
1019 3365 1224 3439 sententias
1243 3365 1292 3438 ad
1312 3365 1467 3440 formam
1484 3361 1750 3440 Decisionum¹
1831 3363 1832 3406 l

966 3715 1057 3794 330.

261 3874 461 3947 Auditores
489 3877 707 3950 Nationales
733 3878 772 3950 in
791 3876 912 3949 causis
937 3903 1091 3950 suornm
1119 3877 1337 3976 Prtncz'pnm
1364 3879 1433 3951 etsi
1456 3880 1562 3953 nulla
1580 3879 1656 3977 lege
1667 3893 1750 3978 pro-
1831 3915 1832 3990 q

339 3997 546 4072 biberentur
562 4000 675 4094 ferre
701 3997 941 4097 suffragium,
972 4027 1131 4098 congrue
1158 4011 1277 4074 tamen
1309 4001 1543 4080 abstinebant.

338 4155 453 4226 (Anca.
472 4155 559 4228 Ron,
583 4155 773 4216 «Dianium
793 4155 1109 4230 Jacotz·Emer1·x»).

1831 4351 1832 4384 l

344 4556 426 4625 130.
462 4532 658 4626 Quaesivit
695 4534 806 4608 hodie
834 4558 857 4606 a
886 4533 1057 4608 Dominis
1097 4537 1142 4612 R.
1174 4535 1212 4610 P.
1244 4536 1291 4612 D.
1332 4535 1563 4626 Pauluccius,
1599 4539 1746 4612 Auditor

258 4655 438 4744 Venetus,
459 4681 508 4730 an
526 4658 607 4754 ipse
636 4659 794 4732 deberet
821 4657 918 4732 ferre
946 4659 1164 4756 suffragium
1193 4661 1229 4734 in
1251 4661 1377 4736 Causa
1407 4661 1631 4739 Cremonen.
1653 4662 1744 4735 Hae·

257 4781 437 4866 feditatis,
469 4786 638 4879 proxime
667 4783 914 4879 proponenda
942 4809 1010 4881 per
1038 4786 1083 4859 R.
1116 4786 1152 4860 P.
1186 4785 1233 4858 D.
1264 4811 1387 4860 meum
1419 4787 1589 4862 Calataiu
1618 4790 1743 4881 inqua
1831 4789 1832 4880 ᾗ

255 4905 438 4979 interesse
467 4907 722 4980 immediatum
751 4907 866 4981 habet
893 4906 1141 4981 Serenissima
1175 4909 1400 5005 Respublica
1412 4969 1507 4987 .....
1538 4929 1578 4988 et
1607 4905 1741 4986 Domini

255 5030 531 5126 responderunt
558 5031 673 5127 quod,
704 5031 876 5129 quamvis
905 5033 1005 5107 nulla
1031 5033 1131 5108 adsit
1151 5035 1381 5110 Constitutio
1409 5062 1484 5132 qua
1503 5037 1738 5132 prohibeatur.

256 5157 463 5230 Auditores
496 5154 716 5230 Nationales
754 5156 850 5230 ferre
888 5157 1105 5256 suffragium
1141 5159 1177 5232 in
1211 5159 1346 5234 Causis
1375 5185 1505 5234 eorum
1534 5161 1737 5257 Principum,

1831 5549 1832 5612 l

735 4373 865 4447 Lunae
897 4398 946 4465 24
974 4374 1132 4448 Ianuarii
1168 4378 1278 4468 1678.

337 5379 346 5413 ¹
365 5377 455 5438 Haec
473 5385 584 5452 postea
602 5377 727 5436 sancita
745 5377 874 5438 suerunt
893 5379 1032 5438 Decreto
1050 5379 1114 5439 diei
1132 5381 1151 5439 7
1169 5349 1311 5442 Ianuarii
1331 5382 1402 5442 1678
1419 5381 1481 5458 (lb,
1501 5399 1533 5443 n.
1554 5383 1622 5456 tta).
