3686 5916
281 306 336 364 562
907 306 1044 366 soeculo
1061 305 1187 366 XVIII

288 529 306 572 ‹
328 524 544 598 regressum
564 501 829 586 necessarium,
849 514 930 574 tum
949 501 1061 573 etiam
1081 501 1169 596 quia
1188 499 1401 598 collegabat
1418 516 1506 575 ante
1527 502 1763 574 reductionem

289 627 570 701 «Notariorum
599 651 672 699 non
701 625 943 700 consuevisse
971 623 1063 698 solvi
1097 627 1166 699 nisi
1194 625 1353 699 ducatos
1382 627 1512 699 decem
1540 650 1610 721 pro
1641 628 1763 700 admis-
1816 653 1817 666 ¹

290 753 441 838 cisione,
473 752 624 826 Domini
652 751 870 847 petitionem
899 751 1108 824 reiecerunt
1135 751 1410 847 respondentes
1430 776 1504 824 non
1531 776 1618 826 esse
1641 753 1765 848 simpli·

289 900 407 949 «cem
435 900 651 973 regressum
680 875 769 948 dum
798 875 879 970 ipse
908 898 981 948 non
1010 871 1213 970 recipiebat
1240 873 1387 946 titulum
1407 875 1475 948 sed
1502 875 1603 949 illum
1623 875 1736 950 transl
1751 920 1765 932 -

288 1027 305 1070 <
325 1001 431 1074 rebat
460 1000 495 1072 in
523 1023 726 1095 personam
748 999 919 1096 Nepotis,
942 1023 1009 1073 nec
1028 999 1222 1093 antiquum
1242 1013 1383 1072 statum
1410 1025 1478 1073 seu
1503 1001 1640 1097 stylum
1668 1002 1764 1074 hodie
1816 1063 1817 1066 ,

290 1150 307 1196 ‹
326 1147 442 1219 posse
471 1125 593 1199 locum
622 1123 772 1208 habere,
795 1125 883 1219 quia
901 1123 1013 1196 hodie
1034 1123 1213 1197 Notarius
1240 1123 1304 1219 qui
1332 1125 1542 1198 admittitur
1561 1125 1674 1200 habet
1691 1126 1765 1198 duo·

289 1248 447 1323 <decim
476 1249 596 1323 officia
624 1249 677 1322 uti
704 1249 910 1345 antiquitus
938 1247 1102 1322 habebat
1121 1263 1265 1322 tantum
1294 1273 1421 1345 unum,
1442 1251 1537 1324 etin
1567 1250 1672 1324 Bulla
1691 1275 1766 1346 sup-

290 1377 531 1471 ‹pressionis
569 1392 607 1450 et
637 1375 865 1448 reductionis
901 1400 931 1448 s.
962 1401 1009 1447 m.
1042 1373 1248 1448 Clementis
1276 1375 1314 1447 X
1352 1400 1533 1472 expresse
1570 1378 1765 1472 disponitur

289 1501 430 1597 <quod
458 1515 622 1597 quatuor
650 1499 796 1573 Notarii
825 1499 955 1596 vigore
983 1498 1151 1572 eiusdem
1180 1499 1343 1597 eligendi
1381 1501 1604 1598 illorumque
1634 1527 1767 1575 succes-

288 1651 434 1699 ‹sores
463 1627 648 1700 sustinere
676 1624 817 1698 debent
853 1603 982 1696 omnia
1011 1641 1050 1697 et
1087 1624 1234 1720 singula
1267 1649 1381 1699 onera
1417 1625 1505 1699 olim
1535 1631 1584 1718 48
1616 1629 1766 1700 Notariis

289 1752 586 1836 «incumbentia,
608 1766 646 1824 et
674 1765 875 1847 propterea
905 1749 1001 1824 sicut
1028 1749 1185 1824 Dataria
1212 1751 1315 1823 auxit
1348 1776 1453 1824 suam
1482 1755 1765 1848 componendam

288 1905 306 1948 <
324 1875 695 1973 proportionabiliter
712 1875 761 1949 ad
781 1900 976 1948 numerum
994 1875 1212 1963 officiorum,
1234 1877 1283 1949 ita
1302 1877 1416 1950 etiam
1435 1876 1536 1951 Rota
1555 1877 1653 1950 iuste
1672 1903 1766 1973 prae·

288 2002 482 2075 <tendere
510 2016 639 2097 potest
666 2000 1032 2096 proportionabiliter
1059 2017 1302 2098 augmentum
1330 2002 1518 2075 honorarii
1545 2003 1767 2076 admissionis

287 2152 448 2222 <usque
476 2127 525 2200 ad
553 2125 702 2198 ducatos
729 2148 810 2200 120.

370 2251 519 2324 «Unde
548 2276 632 2323 curn
661 2252 696 2324 in
726 2253 795 2324 hac
824 2251 925 2324 Rota
958 2251 1190 2346 porrexisset
1225 2275 1363 2324 novum
1393 2249 1612 2324 Memoriale
1640 2253 1765 2348 inquo

289 2377 484 2474 «petebat
512 2376 581 2451 sibi
607 2403 655 2450 ex
683 2400 786 2449 mera
814 2375 936 2473 gratia
956 2374 1142 2472 indulgeri
1169 2377 1272 2473 quod
1291 2401 1338 2448 ex
1357 2377 1497 2450 iustitia
1520 2402 1594 2451 non
1614 2403 1698 2452 esse
1716 2379 1765 2449 de-

287 2503 443 2576 ‹bitum
471 2502 713 2599 agnoscebat,
736 2499 889 2574 Domini
917 2500 996 2573 sine
1024 2501 1282 2574 controversia
1308 2499 1379 2573 hoc
1406 2523 1454 2572 ex
1482 2519 1663 2576 consueta
1690 2503 1766 2575 libe

288 2627 472 2701 ‹ralitate
501 2626 736 2700 indulserunt
757 2641 797 2698 ut
826 2649 895 2723 pro
924 2625 1014 2699 solis
1034 2624 1192 2698 Ducatis
1215 2626 1346 2699 decem
1365 2624 1631 2700 admitteretur
1649 2645 1687 2701 et
1703 2653 1764 2724 ego

289 2767 367 2825 ‹ut
394 2751 490 2825 illius
519 2751 699 2824 memoria
727 2766 875 2824 extaret
902 2751 973 2825 hoc
1000 2750 1059 2824 hic
1086 2749 1269 2824 adnotare
1292 2750 1405 2825 volui.

815 2963 926 3036 <Die
958 2968 1005 3035 26
1035 2962 1121 3035 maii
1156 2968 1254 3056 1679

287 3117 305 3163 <
327 3145 1728 3176 ......................
1745 3115 1759 3154 ›

361 3216 518 3291 Factum
546 3214 684 3289 idcirco
720 3231 780 3288 est
815 3229 857 3288 ut
890 3211 1075 3309 precibus,
1105 3236 1128 3285 a
1157 3211 1326 3307 Philippo
1356 3211 1555 3308 Paparozzi
1591 3230 1633 3286 ut
1666 3235 1767 3308 supra

278 3341 475 3437 porrectis,
505 3342 726 3436 rescriptum
755 3339 865 3412 luerit
883 3379 910 3392 -
929 3337 968 3410 ln
997 3338 1098 3411 Rota
1128 3357 1146 3430 5
1175 3336 1312 3411 Febrii
1336 3357 1435 3431 1759
1454 3337 1628 3412 -solutis
1649 3337 1768 3432 Depo

280 3467 409 3541 sitario
424 3464 635 3540 Tribunalis
655 3465 812 3539 Ducatis
832 3479 979 3536 centurn
999 3463 1130 3561 viginti
1148 3462 1367 3536 admittatur
1386 3463 1528 3536 Orator
1546 3505 1572 3517 -
1588 3465 1625 3538 P.
1645 3465 1669 3538 Ι.
1689 3463 1767 3535 Bus-

280 3595 357 3666 sius
386 3593 424 3666 S.
456 3593 500 3667 R.
534 3591 722 3665 Decanus.

985 3853 1075 3932 453.

280 4001 398 4074 Rotae
418 3999 575 4072 Notarii
598 4025 818 4073 communem
837 3999 1008 4071 Massam
1026 3997 1346 4071 mrolumentorum
1372 3998 1569 4092 conficiunt
1593 4025 1636 4072 ac
1656 3999 1767 4097 Depo

358 4125 532 4198 sz'rarz'um
560 4124 710 4220 elzgunt.

359 4281 475 4354 (Ancu.
493 4279 579 4353 Ror,
603 4304 616 4331 ι
629 4279 792 4338 Βίανίαπι
813 4278 987 4338 Camerale
999 4281 1034 4352 »).

768 4463 897 4536 Lunae
928 4485 974 4554 23
1006 4461 1147 4558 Aprilis
1182 4483 1293 4555 1759.
1376 4433 1377 4436 Ἴ

822 4625 922 4696 Rota
950 4621 1231 4696 memorialium.

360 4877 485 4950 Retuli
514 4877 600 4975 Ego
627 4875 898 4974 (Camerarius)
927 4874 963 4946 in
992 4875 1064 4948 hac
1093 4877 1192 4949 Rota
1221 4873 1323 4969 quod
1351 4874 1541 4971 sequitur:

359 5001 432 5074 Noi
459 5001 672 5074 infrascritti
700 4997 998 5098 collegialmente
1027 5000 1248 5098 congregati
1276 4999 1371 5072 nelle
1400 5014 1527 5073 stanze
1555 4998 1651 5072 nelle
1679 4993 1765 5094 quali

279 5126 310 5202 si
338 5127 546 5199 esercitano
573 5126 626 5223 gli
654 5124 763 5200 officii
792 5125 917 5198 Rotali
946 5126 1079 5199 conla
1106 5141 1283 5222 presente
1310 5125 1360 5197 da
1389 5125 1514 5198 valere
1542 5124 1655 5220 quale
1683 5121 1764 5219 pub·

278 5252 374 5326 blico
393 5251 578 5349 egiurato
593 5252 845 5324 lustromento
860 5275 882 5322 a
897 5266 1029 5324 tenore
1048 5249 1145 5324 delle
1165 5249 1299 5324 sacoltal
1317 5249 1530 5323 concesseci
1549 5248 1609 5322 nel
1630 5247 1762 5344 Capo3

278 5377 338 5450 dei
367 5373 530 5470 Capitoli
548 5374 677 5448 inserti
696 5373 779 5448 nell'
787 5374 1039 5448 instrumento
1068 5373 1152 5447 dell'
1166 5373 1303 5448 unione
1319 5398 1342 5447 e
1371 5398 1496 5448 massa
1514 5397 1672 5448 comune
1690 5365 1764 5444 delli
