3708 5918
861 105 878 140 N

890 301 1027 361 Soeculo
1045 299 1077 361 X
1086 301 1114 360 V

964 707 1029 786 82.

244 899 361 974 Rotae
396 899 648 987 Auditoribus,
688 900 918 975 Anthonium
952 902 997 975 de
1035 903 1235 977 Tesubeciis
1269 902 1461 976 admittere
1496 901 1741 987 renuentibus,

323 1024 504 1098 M'colaus
528 1026 566 1099 V
575 1027 730 1099 mandat
746 1039 821 1126 per
848 1025 1215 1102 [lete-cancellantur
1233 1027 1397 1100 utillum
1420 1027 1618 1100 admittant
1634 1025 1742 1120 infra

324 1158 398 1222 tres
425 1150 512 1226 dies.

323 1321 438 1395 (Auen.
457 1320 544 1394 Ron,
568 1323 819 1383 ‹Admr'ssioues
835 1349 857 1396 ›,
874 1331 962 1399 part.
981 1324 1009 1394 I,
1027 1324 1164 1384 Nr'cotao
1191 1326 1276 1400 V,u.
1295 1325 1358 1399 12).
1561 1413 1585 1474 S
1657 1413 1699 1472 da

1586 1415 1638 1474 ine
1700 1421 1744 1472 ta

323 1592 544 1666 Mandatum
572 1593 818 1668 Auditoribus
846 1609 1033 1691 quatenus
1062 1594 1376 1670 Archidiaconum
1405 1594 1662 1669 Tridentinum
1691 1593 1744 1668 ad

241 1715 401 1790 officium
421 1717 682 1792 Auditoriatus
714 1718 808 1791 infra
827 1733 905 1792 tres
924 1718 1005 1792 dies
1025 1721 1095 1794 sub
1123 1743 1221 1815 pena
1248 1719 1640 1793 excommunicationis
1667 1733 1743 1792 etc.
1842 1801 1843 1808 ἵ

241 1842 454 1916 admittant.
1664 1853 1668 1864 '

324 1967 430 2040 Bme
451 1959 488 2042 Ρ.
575 1967 776 2042 Beatitudo
795 1969 934 2044 Vestra
953 1970 1063 2045 Rmo.
1087 1971 1124 2044 d.
1141 1970 1183 2043 F.
1205 1969 1395 2066 Episcopo
1414 1969 1588 2043 Portuen.
1611 1984 1745 2042 sancte

242 2091 287 2164 R.
328 2092 372 2166 E.
411 2091 714 2169 vicecancellario
759 2118 804 2167 ac
846 2094 1002 2192 singulis
1044 2109 1084 2168 et
1124 2095 1299 2169 omnibus
1347 2096 1442 2168 sacri
1481 2093 1608 2190 palatii
1653 2117 1745 2168 cau-

242 2241 369 2291 sarum
406 2215 614 2312 Apostolici
647 2217 895 2294 Auditoribus
934 2218 1135 2305 mandavit,
1174 2235 1363 2315 quatenus
1399 2220 1577 2295 devotum
1599 2234 1744 2293 orato-

242 2365 321 2413 rem
348 2356 518 2416 vestrum
552 2343 744 2417 dominum
782 2344 1015 2418 Anthonium
1045 2345 1093 2419 de
1125 2344 1344 2419 Tosabeciis
1373 2345 1420 2417 de
1452 2343 1577 2441 papia,
1611 2343 1746 2416 decre·

239 2480 364 2539 torum
384 2467 580 2541 doctorem
599 2467 645 2541 et
657 2468 970 2544 Archidiaconum
990 2468 1260 2552 Tridentium,
1281 2469 1330 2542 ad
1349 2467 1509 2542 officium
1529 2465 1743 2540 huiusmodi

239 2591 500 2667 Auditoriatus
536 2592 735 2667 admittere
772 2593 966 2668 deberent.
1005 2593 1117 2668 Unde
1154 2594 1321 2690 prefatus
1358 2592 1442 2666 dms
1478 2589 1745 2665 vicecancella-

240 2714 317 2789 rius
344 2717 564 2791 mandatum
601 2718 811 2814 predictum
843 2719 1012 2815 gratiose
1049 2720 1192 2816 recepit
1226 2735 1266 2792 et
1302 2716 1549 2791 Auditoribus
1586 2714 1744 2813 prefatis

241 2841 354 2914 etiam
399 2841 602 2928 mandavit,
642 2858 830 2938 quatenus
863 2843 1050 2939 prefatum
1088 2843 1403 2918 Archidiaconum
1443 2843 1478 2915 in
1516 2840 1743 2915 Auditorem

239 2966 447 3062 reciperent
474 2983 513 3041 et
549 2968 599 3040 ad
636 2967 847 3042 huiusmodi
882 2967 1043 3042 officium
1075 2969 1339 3044 Auditoriatus
1375 2967 1636 3041 admitterenti
1671 2967 1744 3064 ipsi

239 3114 330 3163 vero
366 3090 584 3178 Auditores,
613 3106 817 3188 querentes
853 3091 1027 3167 eumdem
1065 3093 1378 3167 Archidiaconum
1420 3117 1489 3189 per
1524 3091 1743 3166 dilationem

239 3213 436 3298 deducere,
476 3216 625 3290 minime
661 3217 827 3312 recipere
859 3232 1045 3294 curarunt.
1082 3215 1211 3311 Quare
1248 3216 1423 3317 dignetur
1459 3217 1498 3290 S.
1535 3217 1581 3292 V.
1618 3215 1705 3314 pres
1727 3261 1743 3272 -

241 3337 289 3411 tis
317 3339 562 3414 Auditoribus
595 3341 728 3415 iterum
767 3341 955 3426 mandare,
994 3358 1191 3439 quatenus,
1222 3342 1293 3416 sub
1320 3367 1418 3439 pena
1444 3341 1743 3416 excommunica-

240 3463 351 3538 tionis
383 3480 423 3538 et
455 3465 712 3560 suspensionis
748 3467 796 3540 ab
828 3465 959 3550 officio,
990 3460 1082 3541 insr'a
1117 3481 1195 3540 tres
1228 3467 1308 3540 dies
1341 3468 1516 3541 eumdem
1543 3465 1742 3540 Archidia-

241 3613 376 3661 conum
402 3589 603 3663 admittant
630 3604 669 3662 et
696 3588 876 3686 recipiant
902 3588 950 3664 ad
987 3590 1148 3664 officium
1176 3591 1388 3665 huiusmodi
1413 3593 1560 3687 absque
1587 3589 1742 3664 alterius

241 3711 407 3788 mandati
447 3713 722 3808 expectatione.
767 3714 808 3787 In
849 3714 1075 3789 contrarium
1115 3702 1337 3790 iacientibus
1382 3739 1458 3790 non
1502 3715 1741 3789 obstantibus

242 3838 550 3935 quibuscumque.
571 3881 589 3894 -
607 3837 736 3911 Placet
760 3847 795 3911 et
819 3839 873 3912 ita
900 3839 1121 3913 mandamus
1147 3839 1189 3913 T.

959 4175 1023 4254 83.

242 4370 352 4446 Fides
380 4370 538 4443 Notnrzi
564 4368 739 4443 Camenae
765 4369 992 4467 Apostolicae
1027 4370 1071 4442 de
1105 4371 1311 4444 iuramento
1332 4371 1511 4470 praestito
1546 4371 1738 4444 incudem

326 4494 482 4568 Camena
509 4521 533 4567 a
551 4493 753 4569 Bernnrdo
770 4495 815 4568 de
833 4493 1427 4590 Bosco‚ann01451.-Camera
1453 4491 1626 4593 recepisse
1642 4496 1737 4568 orele-

321 4629 396 4703 tur,
425 4617 558 4692 nedum
585 4620 625 4692 iu
656 4618 904 4717 Capellanum‚
934 4619 1000 4692 sed
1022 4628 1057 4691 et
1081 4621 1121 4692 in
1150 4619 1379 4695 Auditorem.

321 4789 437 4862 (Arcu.
456 4789 542 4862 Ros,
567 4789 825 4849 ‹Admissr'ones
837 4813 864 4862 o,
882 4787 1018 4846 Nicolao
1041 4787 1073 4862 V,
1091 4804 1124 4848 n.
1145 4789 1206 4862 15).

1495 4879 1573 4950 1451,
1591 4877 1672 4938 iunii
1693 4879 1738 4936 10.

322 5012 482 5064 uccccm
511 4991 717 5066 indictione
746 5011 822 5073 xm,
852 4987 913 5063 die
940 5011 966 5060 x
993 4989 1133 5062 mensis
1161 4989 1259 5064 iunii.

324 5114 385 5187 Fit
411 5115 505 5190 fides
542 5132 731 5212 quatenus
767 5112 912 5211 prefata
944 5112 1004 5186 die
1032 5113 1078 5189 R.
1117 5138 1154 5210 p.
1188 5113 1224 5187 d.
1264 5115 1479 5191 Bernardus
1514 5115 1563 5189 de
1600 5115 1736 5198 Boseo,

241 5233 454 5314 Canonicus
482 5256 522 5315 et
547 5241 713 5316 Sacrista
741 5238 899 5313 Ilarden.
919 5235 988 5310 fuit
1015 5237 1052 5311 in
1079 5262 1227 5312 camera
1253 5241 1461 5338 apostolica
1484 5239 1531 5315 de
1559 5239 1739 5314 mandato

242 5359 279 5437 S.
312 5361 359 5438 D.
391 5388 425 5440 n.
456 5390 555 5462 pape
589 5379 764 5462 receptus
801 5361 838 5434 in
866 5360 1090 5436 Auditorem
1126 5364 1222 5436 sacri
1254 5365 1380 5461 palatii
1416 5390 1613 5441 causarum
1644 5387 1738 5459 apo·
