3720 5914
819 657 883 738 90.

97 835 306 909 Auditores
335 839 452 910 Rotae
471 849 600 936 preces
626 837 698 910 Pio
726 838 777 911 II
789 839 1009 937 porrigant,
1030 848 1191 939 petentes
1210 839 1453 938 pranz'legz'um
1487 865 1600 937 expe-

179 959 310 1034 diendi
338 963 470 1058 gratis.

182 1116 300 1186 (Anca.
319 1115 407 1190 Ron,
431 1117 647 1190 «Priviiegt'a
660 1142 687 1191 »,
706 1124 782 1176 tom.
802 1118 829 1192 J,
844 1123 932 1194 part.
951 1119 980 1192 I,
998 1136 1029 1176 n.
1049 1117 1160 1191 XVI).

816 1423 880 1502 91.

98 1600 165 1672 Pii
191 1601 244 1674 II
263 1599 424 1674 Rutulus
450 1626 512 1675 scu
542 1603 769 1678 Mandatum
797 1604 840 1677 de
862 1604 1103 1702 providendis
1122 1575 1197 1705 perv
1224 1605 1370 1680 Motum
1385 1608 1597 1706 propriam.

180 1777 296 1848 (Auen.
317 1779 406 1850 Ros,
429 1775 645 1849 ‹Privilegia
658 1801 685 1850 ›,
703 1782 780 1836 tom.
798 1776 825 1836 I.
840 1783 929 1851 part.
947 1776 975 1844 I,
993 1793 1026 1834 n.
1046 1775 1133 1850 XV).

1417 1939 1497 2001 Sine
1514 1941 1600 2000 data.

181 2134 290 2208 Motu
318 2133 471 2232 proprio
507 2133 652 2208 dilectis
689 2132 771 2208 filiis
809 2130 1023 2229 Capelianis
1056 2133 1196 2207 nostris
1227 2150 1267 2207 et
1303 2159 1504 2209 causarum-
1532 2161 1601 2232 pa-

95 2259 175 2335 latii
217 2259 414 2356 apostolici
456 2259 703 2334 Auditoribus
742 2273 781 2332 et
823 2258 1141 2333 Locatenentibus
1173 2260 1403 2346 eorumdem,
1438 2286 1599 2357 quorum

96 2385 250 2460 nomina
277 2384 428 2459 inferius
455 2398 695 2470 annotantur,
716 2381 871 2481 singulis
888 2381 1062 2458 videlicet
1075 2407 1219 2468 eorum,
1241 2385 1289 2457 de
1308 2383 1457 2459 duobus
1479 2384 1600 2459 Cano·

97 2509 282 2584 nicatibus
309 2507 466 2582 duarum
497 2506 776 2582 Cathedralium
813 2505 926 2580 etiam
961 2506 1338 2604 Metropolitanarum
1373 2533 1441 2584 seu
1478 2508 1599 2585 Colle-

96 2633 288 2732 giatarum
315 2633 555 2707 ecclesiarum
583 2657 652 2728 per
669 2657 736 2706 eos
765 2629 919 2705 ubilibet
946 2629 1204 2728 eligendarum
1232 2658 1316 2706 curn
1344 2634 1600 2710 reservatione

99 2759 260 2833 totidem
279 2757 366 2832 inibi
393 2755 669 2854 prebendarum
697 2757 810 2830 etiam
838 2755 1020 2829 maiorum
1049 2781 1116 2830 seu
1144 2756 1382 2856 pinguiorum
1411 2783 1456 2832 ac
1484 2756 1602 2858 digni·

97 2899 231 2969 tatum,
252 2895 533 2979 personatuum,
553 2879 916 2954 administrationum
936 2880 996 2954 vel
1014 2878 1219 2956 officiorum
1237 2881 1352 2956 etiam
1372 2881 1599 2958 Curatorum

93 3022 136 3081 et
163 3007 418 3092 electivorum,
448 3030 517 3081 nec
551 3029 627 3080 non
654 3005 983 3102 prestimoniorum
1017 3005 1351 3103 prestimonialium
1383 3008 1599 3103 portionum

96 3148 136 3205 et
163 3131 385 3228 simplicium
412 3129 676 3205 beneficiorum
706 3131 825 3216 unius,
847 3131 1019 3216 duorum,
1040 3131 1151 3204 trium
1170 3148 1237 3205 aut
1254 3132 1414 3227 plurium
1433 3133 1599 3230 ipsarum

96 3256 340 3331 ecclesiarum
370 3255 549 3331 Canonici
590 3270 657 3330 aut
698 3254 983 3343 Canonieorum,
1014 3280 1175 3351 quorum
1215 3256 1367 3352 quidem
1401 3257 1599 3353 prestimo-

99 3383 246 3455 niorum
273 3397 344 3456 etc.
373 3382 515 3455 fructus
543 3394 614 3455 etc.
645 3378 723 3455 CC.
752 3379 979 3454 florenorum
1015 3380 1095 3454 auri
1129 3380 1177 3453 de
1206 3379 1367 3456 Camera
1395 3381 1599 3456 secundum

98 3529 335 3580 communem
362 3505 639 3580 estimationem
667 3505 859 3578 annuatim
878 3529 953 3578 nou
971 3504 1158 3580 excedunt
1176 3505 1387 3580 vacantium
1406 3520 1473 3580 aut
1490 3529 1600 3580 vaca-

98 3649 268 3706 turorum
288 3629 407 3717 simul,
423 3630 483 3704 vel
499 3629 721 3716 successive,
740 3628 971 3703 Canonicatu
986 3645 1026 3703 et
1044 3630 1238 3726 prebenda
1250 3654 1295 3704 ac
1309 3629 1502 3730 dignitate,
1520 3656 1601 3729 per·

99 3770 248 3842 sonatu,
265 3754 587 3829 administratione
606 3753 665 3828 vel
684 3753 805 3828 officio
823 3754 860 3827 in
880 3753 1015 3828 eadem
1034 3753 1192 3829 ecclesia
1219 3779 1289 3851 pro
1317 3779 1393 3830 uno
1420 3755 1601 3831 beneficio

99 3878 328 3976 computatis
347 3878 604 3976 providemus:
620 3902 777 3953 necnon
793 3879 841 3952 de
859 3877 1010 3952 duobus
1028 3877 1217 3953 beneficiis
1236 3879 1497 3955 ecclesiasticis
1517 3906 1600 3954 cum

97 4029 188 4078 cura
215 4003 275 4076 vel
294 4003 374 4076 sine
402 4027 501 4092 cura,
532 4005 644 4078 etiam
674 4003 705 4076 si
724 4001 979 4076 Canonicatus
1006 4015 1045 4075 et
1072 4004 1276 4098 prebende,
1293 4003 1406 4078 etiam
1426 4005 1599 4091 maiores,

97 4129 273 4202 distincte
287 4128 346 4202 vel
360 4127 492 4216 medie,
510 4153 554 4202 ac
568 4129 782 4226 dignitates,
800 4143 1037 4223 personatus,
1053 4127 1394 4202 administrationes
1408 4129 1467 4202 vel
1481 4129 1601 4203 officia

97 4256 212 4327 etiam
232 4269 361 4326 curata
379 4269 420 4327 et
436 4251 592 4328 electiva
620 4255 655 4326 in
684 4253 973 4328 Cathedralibus
991 4268 1030 4325 et
1050 4253 1351 4350 Metropolitanis
1378 4278 1445 4327 seu
1475 4252 1600 4328 Colle-

97 4377 212 4476 giatis
231 4377 408 4465 ecclesiis,
429 4395 495 4452 aut
513 4377 914 4475 Arehipresbyteratus
932 4377 993 4452 vel
1010 4378 1217 4452 decanatus
1244 4379 1377 4452 ruralis
1395 4378 1461 4476 qui
1478 4379 1600 4476 digni-

98 4519 200 4577 tates
214 4518 321 4576 extra
337 4501 582 4578 Cathedrales
601 4504 779 4578 ecclesias
794 4519 833 4576 et
848 4499 978 4576 similia
993 4518 1123 4576 curata
1136 4502 1294 4577 electiva
1307 4517 1540 4600 reputentur,
1556 4526 1599 4575 ac

98 4629 368 4724 cuiuscumque
403 4629 516 4702 annui
543 4628 680 4703 valoris
717 4628 853 4704 suerint
884 4652 968 4700 cum
1004 4627 1112 4700 simili
1144 4629 1434 4726 computatione,
1459 4629 1600 4703 vacatis

98 4753 159 4826 vel
188 4754 375 4826 vacaturis
403 4754 452 4827 ad
486 4752 721 4828 collationem
758 4776 996 4850 quorumque
1026 4751 1260 4826 Collatorum
1292 4767 1331 4826 et
1361 4751 1600 4827 Collatricum

100 4878 324 4952 secularium
352 4893 392 4952 et
419 4876 673 4977 Regularium‚
704 4903 774 4974 per
801 4903 868 4952 eos
905 4878 1017 4952 etiam
1047 4877 1200 4952 ubilibet
1227 4877 1498 4974 eligendorum,
1517 4903 1601 4975 gra·

99 5005 197 5077 tiose
225 5003 448 5078 mandamus
477 5005 678 5100 provideri.
699 5003 749 5078 Et
773 5003 1043 5090 nichilominus,
1065 5029 1149 5078 cum
1178 5002 1336 5101 singulis
1364 5003 1531 5100 ipsorum
1560 5019 1603 5078 ut

101 5155 149 5202 ex
175 5129 355 5226 predictis
369 5127 613 5226 dignitatibus
632 5129 906 5227 personatibus,
927 5143 969 5202 ut
995 5154 1080 5203 cum
1099 5153 1189 5202 cura
1206 5127 1599 5212 administrationibus,

99 5255 229 5330 officiis
257 5268 298 5329 et
333 5252 523 5328 beneficiis
561 5253 637 5329 duo
671 5255 837 5351 recipere
878 5269 918 5328 et
953 5280 1036 5328 cum
1066 5278 1305 5350 quocumque
1333 5253 1405 5328 alio
1437 5277 1507 5349 per
1532 5278 1600 5326 eos

100 5383 257 5457 obtento
286 5375 551 5475 incompatibili
578 5377 759 5453 beneficio
777 5379 1044 5475 cuiuscumque
1072 5375 1264 5506 qualitatis
1283 5378 1410 5473 quoad
1442 5377 1601 5450 vixerint
