3708 5918
241 306 293 367 102
888 301 1026 362 Soeculo
1045 303 1115 362 XV

239 497 506 573 rationabiliter
534 496 767 583 solvendum,
788 519 862 570 non
891 497 1033 582 solvat;
1054 496 1143 570 etsi
1172 519 1409 593 quacumque
1428 521 1542 570 causa
1561 521 1651 570 vera
1678 497 1736 569 vel

237 622 420 708 simulata,
450 637 626 718 respectu
653 620 773 706 officii,
803 620 944 718 aliquid
962 620 1124 695 auditori
1142 620 1290 694 dederit
1308 621 1366 692 vel
1386 621 1549 704 solverit,
1570 621 1737 696 notarius

237 749 362 826 dando
390 765 430 822 et
457 745 607 822 auditor
635 747 859 842 recipiendo,
890 771 936 821 eo
969 747 1053 843 ipso
1086 746 1480 820 excommunicationis
1515 746 1739 842 sententiam

238 875 435 960 incurrant,
466 898 489 946 a
517 897 594 968 qua
622 888 811 967 nequeant
840 869 909 945 nisi
936 895 1005 967 per
1038 871 1177 966 Papam
1211 869 1367 956 absolvi,
1398 895 1442 944 ac
1479 870 1606 967 dupin,
1636 871 1739 968 quod

237 999 405 1074 notarius
432 997 531 1072 ultra
549 998 717 1070 debitum
746 994 901 1070 solverit
918 1011 957 1069 et
976 996 1124 1070 auditor
1153 997 1346 1092 receperit,
1368 1021 1435 1093 per
1457 1019 1588 1070 eorum
1607 1021 1740 1092 quem-

238 1124 327 1200 libet
354 1124 389 1197 in
414 1148 509 1196 usus
537 1146 746 1219 pauperum
778 1120 827 1194 de
865 1121 1043 1195 mandato
1076 1120 1164 1195 dicti
1192 1119 1491 1195 Vicecancellarii
1527 1121 1739 1196 distributo.

318 1251 337 1346 ᾖ
359 1273 420 1322 21.
451 1246 500 1320 Et
528 1246 631 1342 quod
659 1242 782 1318 nullus
810 1245 846 1317 in
874 1245 1058 1319 notarium
1078 1245 1275 1320 cuiuslibet
1298 1245 1511 1328 auditorum
1530 1245 1742 1342 praedicto-

239 1398 333 1459 rum,
364 1372 434 1446 nisi
463 1369 859 1468 vigesimumquintum
888 1394 979 1443 suae
1015 1371 1151 1443 aetatis
1187 1394 1325 1443 annum
1360 1369 1538 1467 attigerit,
1563 1337 1616 1444 ,et
1646 1369 1742 1444 alias

238 1497 446 1572 notariatus
474 1495 636 1569 officium
662 1495 882 1582 exercuerit,
913 1495 1036 1590 sitque
1069 1494 1157 1568 boni
1192 1495 1352 1569 nominis
1380 1511 1419 1568 et
1446 1497 1568 1570 bonae
1604 1494 1739 1582 famae,

237 1647 283 1696 ac
312 1620 498 1695 sufficiens
526 1635 566 1693 et
593 1619 750 1694 idoneus
778 1620 827 1693 ad
855 1618 995 1693 dictum
1024 1622 1232 1694 notariatus
1255 1617 1416 1694 officium
1437 1644 1634 1694 causarum
1653 1620 1743 1693 dicti

237 1746 364 1845 palatii
382 1745 634 1820 exercendum
653 1761 693 1818 et
711 1761 798 1840 post
816 1743 1034 1842 diligentem
1053 1742 1353 1820 informationem
1373 1769 1488 1841 super
1501 1745 1544 1818 iis
1563 1745 1740 1831 habitam,

238 1895 282 1944 ac
310 1869 427 1965 ipsius
454 1867 766 1943 examinationem
795 1884 834 1941 et
862 1867 910 1940 de
937 1869 1155 1964 praemissis
1183 1868 1402 1955 constiterit,
1432 1869 1663 1943 admittatur.

321 1995 340 2090 ᾖ
362 2018 423 2070 22.
444 1993 495 2066 Et
520 1992 682 2088 insuper,
700 1993 804 2089 quod
833 1991 964 2066 notarii
992 1993 1177 2066 dictorum
1204 1993 1416 2067 auditorum
1446 2017 1514 2066 sua
1534 1993 1743 2067 notariatus

239 2117 360 2192 officia
388 2116 636 2214 personaliter
661 2133 883 2204 exerceant;
912 2130 953 2190 et
980 2116 1009 2189 si
1043 2117 1127 2212 quis
1154 2116 1342 2213 (cessante
1370 2141 1485 2190 causa
1518 2116 1745 2213 necessaria)

239 2269 262 2316 a
291 2243 347 2316 sui
375 2242 583 2316 notariatus
612 2213 722 2315 officii
738 2239 916 2314 exercitio
935 2266 1004 2337 per
1023 2265 1189 2314 mensem
1209 2241 1385 2314 continuo
1404 2265 1446 2314 se
1473 2241 1741 2327 absentaverit,

245 2367 295 2442 sit
312 2367 413 2440 dicto
431 2361 552 2440 officio
570 2390 618 2439 eo
636 2366 721 2461 ipso
740 2366 920 2462 privatus,
942 2383 982 2440 et
1010 2365 1041 2438 si
1068 2389 1182 2438 causa
1212 2365 1420 2439 necessaria
1450 2363 1560 2440 luerit
1587 2381 1745 2462 propter

246 2515 357 2590 qpam
387 2493 510 2588 ipsum
542 2506 720 2586 oporteat
747 2491 887 2564 dictum
919 2490 1079 2564 officium
1106 2513 1177 2585 per
1204 2491 1448 2564 substitutum
1478 2513 1663 2578 exercere,
1695 2489 1745 2563 de

243 2614 305 2691 illo
334 2641 401 2713 per
429 2614 674 2689 substitutum
693 2615 905 2689 exercendo
924 2641 946 2688 a
965 2615 1065 2688 dicto
1084 2612 1398 2690 Vicecancellario
1419 2629 1526 2711 petat
1543 2614 1743 2698 licentiam,

241 2766 354 2838 quam
379 2739 477 2814 idem
497 2738 841 2826 Vicecancellarius,
868 2756 1072 2835 postquam
1101 2739 1148 2812 de
1176 2764 1290 2814 causa
1317 2739 1529 2813 huiusmodi
1557 2739 1627 2815 sibi
1654 2765 1745 2814 con·

241 2865 387 2949 stiterit,
418 2888 488 2960 per
515 2889 603 2937 suas
631 2863 770 2951 literas,
794 2889 946 2937 causam
966 2866 1085 2960 ipsam
1105 2864 1350 2952 continentes,
1371 2863 1576 2940 concedere
1603 2867 1746 2961 poterit

241 2989 291 3062 ad
319 3004 479 3086 tempus,
515 2988 668 3084 dequo
696 2988 766 3062 sibi
792 2987 978 3062 videbitur
1005 2989 1224 3065 laciendum.

322 3115 341 3210 ᾗ
363 3136 423 3206 ²3·
454 3110 504 3186 Et
532 3112 696 3208 insuper,
713 3113 816 3210 quod
846 3114 979 3187 notarii
998 3114 1178 3210 praedicti
1197 3114 1233 3187 in
1252 3114 1381 3190 habitu
1402 3115 1549 3189 decenti
1568 3115 1745 3189 incedant

245 3263 289 3312 ac
315 3237 478 3311 honesto
497 3238 552 3331 (et
571 3233 822 3340 convenienti)
851 3237 985 3314 clerico
1012 3237 1206 3314 soeculari.
1236 3237 1431 3313 Tabernas
1460 3264 1535 3313 non
1569 3240 1746 3336 frequen·

242 3378 333 3448 tent,
355 3387 423 3435 nec
452 3361 700 3436 concubinarii
719 3361 891 3448 existant,
914 3387 997 3435 cum
1017 3387 1065 3436 ex
1092 3363 1163 3436 hoc
1181 3362 1337 3436 vilescat
1356 3362 1528 3450 officium,
1550 3378 1589 3439 et
1607 3364 1744 3440 malam

244 3484 382 3560 samam
410 3486 624 3581 acquirant;
654 3485 751 3558 etsi
779 3485 1006 3559 contrarium
1033 3485 1189 3561 iecerint
1217 3487 1294 3562 suis
1322 3489 1515 3585 priventur
1542 3487 1684 3564 olliciis.

323 3613 341 3708 ξ
372 3635 431 3703 24.
463 3607 654 3706 Quodque
668 3609 838 3706 ,quilibet
866 3612 1033 3707 ipsorum
1062 3614 1364 3710 quamprimum
1392 3613 1591 3710 presbyter
1609 3612 1741 3698 lactus,

243 3762 310 3811 seu
338 3737 559 3833 dignitatem
588 3734 648 3808 vel
675 3751 922 3831 personatum
950 3737 986 3809 in
1014 3737 1219 3812 cathedrali
1246 3739 1305 3812 vel
1334 3738 1531 3836 collegiata
1563 3737 1741 3824 Ecclesia,
1843 3741 1844 3744 ’

205 3839 207 3846 ’
242 3877 308 3936 aut
334 3859 584 3958 parochialem
612 3860 819 3935 Ecclesiam
846 3861 997 3957 pacifice
1024 3879 1222 3937 assecutus
1251 3863 1370 3951 fuerit,
1401 3863 1614 3938 huiusmodi
1641 3880 1745 3938 nota·

243 3987 359 4060 riatus
387 3985 545 4058 officium
575 3986 726 4059 omnino
754 3985 927 4069 dimittat,
956 3988 1072 4060 etad
1100 3987 1311 4062 huiusmodi
1337 3988 1445 4064 officii
1472 3989 1688 4072 exercitium
1708 3989 1743 4062 in

244 4112 343 4184 dicta
370 4109 560 4182 audientia
587 4109 748 4206 amplius
776 4132 849 4184 non
868 4110 1099 4188 admittatur.

323 4237 342 4331 ς
364 4260 382 4306 2
390 4257 424 4328 5.
456 4233 506 4305 Et
534 4233 698 4329 insuper,
728 4235 832 4330 quod
860 4235 1026 4309 notarius
1049 4237 1113 4331 qui
1133 4253 1285 4312 notatus
1304 4253 1370 4312 aut
1388 4237 1601 4312 diffamatus
1620 4237 1741 4322 luerit,

243 4359 346 4456 quod
376 4356 571 4443 malitiose,
603 4356 848 4455 negligenter,
879 4359 939 4433 vel
966 4385 1035 4455 per
1062 4360 1189 4434 dolum
1219 4361 1410 4457 scripserit
1436 4361 1547 4449 aliud,
1574 4386 1686 4459 quarn
1707 4362 1742 4434 in

244 4506 424 4579 processu
451 4479 581 4554 autin
610 4481 743 4555 iudicio
771 4483 973 4590 deductum
1001 4485 1060 4558 vel
1088 4501 1214 4558 actum
1240 4485 1352 4560 luerit
1379 4488 1475 4560 inter
1506 4503 1645 4582 partes,
1675 4513 1742 4560 seu

243 4608 457 4682 diffamatus
485 4606 588 4701 quod
617 4608 666 4678 sit
693 4632 950 4704 personarum,
980 4610 1017 4683 in
1044 4633 1203 4706 quarum
1232 4611 1354 4684 causis
1387 4611 1523 4699 scribit,
1552 4628 1740 4708 acceptor,

245 4731 309 4806 uni
346 4731 431 4827 plus
472 4753 588 4825 quam
629 4731 736 4805 alteri
776 4732 947 4818 favendo,
991 4751 1030 4808 et
1067 4759 1203 4810 causae
1235 4749 1381 4811 secreta
1426 4736 1653 4834 detegendo,
1696 4761 1743 4811 eo

242 4859 325 4954 ipso
352 4880 376 4929 a
404 4880 474 4929 suo
501 4857 709 4930 notariatus
737 4855 857 4931 officio
882 4859 1155 4954 suspendatur:
1174 4874 1214 4934 et
1231 4885 1301 4956 per
1318 4860 1527 4936 auditorem
1547 4859 1741 4946 Camerae,

245 4981 304 5056 cui
333 4981 405 5056 hoc
432 5005 501 5076 per
528 4981 668 5056 dictum
696 4981 1048 5056 Vicecancellarium
1076 4986 1341 5073 committatur,
1363 4987 1574 5071 summarie,
1603 4985 1743 5082 simpli-

244 5107 336 5180 citer
363 5120 403 5179 et
430 5106 478 5178 de
506 5103 619 5201 plano
646 5107 696 5180 de
722 5106 934 5180 huiusmodi
962 5107 1111 5182 infamia
1139 5125 1178 5184 et
1203 5109 1284 5183 aliis
1303 5110 1519 5206 praemissis
1537 5112 1743 5207 inquiratur

244 5230 452 5329 diligenter,
482 5243 521 5301 et
548 5229 581 5302 si
606 5257 675 5328 per
694 5231 970 5327 inquisitionem
989 5232 1199 5308 huiusmodi
1219 5233 1413 5332 culpabilis
1432 5249 1604 5331 repertus
1621 5236 1741 5322 luerit,

243 5370 309 5429 aut
337 5354 368 5426 si
393 5353 569 5450 purgatio
597 5356 761 5430 extiterit
798 5357 1003 5442 indicenda,
1043 5374 1082 5432 et
1114 5359 1240 5434 debite
1277 5385 1319 5434 se
1355 5383 1430 5434 non
1464 5361 1741 5459 expurgaverit,
