3718 5918
230 313 285 372 tat
850 313 987 373 Saeculo
1005 312 1112 372 XVII

230 505 408 579 sonaliter
435 507 472 578 in
500 505 612 602 plena
642 504 803 579 Camera
830 505 1007 580 exhibere
1035 531 1144 580 suum
1174 504 1321 580 Motum
1350 504 1542 602 proprium
1570 507 1727 580 Audito-

230 646 347 705 ratus.
367 629 570 705 Conclusio
589 630 690 729 suit):
720 660 737 704 ι
758 630 958 705 Cameram
977 655 1111 705 revera
1130 657 1205 707 non
1224 631 1486 728 praetendisse
1505 647 1548 705 ut
1566 631 1729 706 Auditor

238 757 312 828 ‹in
339 771 424 829 actu
453 756 721 852 praestationis
748 755 946 830 iuramenti
973 771 1013 829 et
1052 755 1279 852 receptionis
1320 754 1518 828 Rocchetti
1554 754 1730 830 exhibeat

241 881 526 976 «personaliter
562 907 671 954 suurn
701 881 1056 977 Motumproprium,
1088 881 1156 954 sed
1185 879 1304 956 solum
1335 879 1439 977 quod
1459 879 1559 953 illum
1578 897 1730 955 antece-

241 1037 259 1077 «
277 1005 410 1079 denter
428 1005 525 1080 tradi
544 1006 653 1079 saciat
668 1031 737 1078 suo
753 1004 910 1081 Notario
928 1006 978 1079 ad
994 1003 1166 1079 effectum
1187 1004 1288 1080 illurn
1308 1005 1534 1103 registrandi
1552 1006 1587 1078 in
1608 1005 1729 1080 Libris

239 1129 460 1204 ‹Camerae
489 1146 528 1202 et
550 1131 584 1203 in
616 1130 777 1204 Camera
803 1129 954 1230 legendi
981 1129 1076 1202 illius
1105 1129 1377 1225 principium».

939 1467 1029 1546 352.

235 1627 564 1704 commendationes
589 1655 788 1704 causarum
816 1630 1010 1729 rccz'piebot
1035 1629 1135 1704 Rota
1160 1629 1249 1728 quia
1267 1629 1510 1704 conducebant
1524 1631 1580 1704 ad
1591 1631 1727 1718 facr'lzo·

313 1779 390 1828 rem
417 1755 578 1828 iusa'tz'ae
604 1755 969 1829 administrattonom.

316 1910 432 1984 (Atreu.
451 1911 538 1984 Ron,
562 1935 575 1961 ‹
586 1909 751 1970 Drarium
769 1910 882 1972 Iacobo·
896 1910 1036 1971 Enrerrx
1048 1911 1083 1982 ›).

729 2110 866 2187 Vener.
898 2119 921 2186 6
951 2111 1077 2186 Martii
1112 2117 1224 2187 1682.
1295 2131 1296 2134 ’

316 2262 404 2333 304.
442 2236 585 2312 Retulit
616 2236 724 2312 nobis
758 2235 871 2310 hodie
909 2235 958 2312 D.
998 2235 1186 2326 Decanus,
1217 2237 1287 2313 sibi
1327 2239 1378 2313 ab
1414 2239 1510 2315 Eriro
1539 2237 1654 2314 Card.
1684 2239 1731 2314 de

234 2362 338 2438 Luca
365 2388 485 2461 nuper
510 2363 736 2437 insinuatum
766 2360 881 2436 luisse
909 2377 952 2435 ut
978 2378 1211 2458 proponeret
1238 2378 1280 2436 ut
1316 2362 1497 2461 deinceps
1531 2387 1607 2438 non
1645 2365 1732 2439 reci·

233 2505 413 2586 petentur
437 2487 598 2584 amplius
627 2486 986 2562 Commendationes
1024 2486 1245 2575 Causarum,
1282 2488 1332 2561 ad
1368 2487 1472 2585 quod
1510 2489 1732 2563 unanimiter

234 2613 509 2709 respondimus,
537 2611 642 2708 quod
669 2609 825 2686 referret
853 2610 1088 2686 Eminentiae
1107 2610 1217 2696 Suae,
1240 2636 1309 2686 nos
1328 2612 1409 2687 sore
1427 2613 1730 2710 promptissimos

234 2739 387 2834 quando
416 2737 604 2812 Sanctitas
632 2736 710 2810 Sua
737 2735 790 2812 ita
817 2736 981 2824 iuberet;
1017 2734 1236 2810 desiderare
1276 2751 1402 2810 tamen
1440 2737 1593 2811 modum
1637 2739 1730 2812 scire

234 2887 348 2959 quem
376 2887 528 2938 servare
555 2864 780 2938 deberemus
809 2885 856 2936 ne
883 2861 1049 2957 alioquin
1082 2860 1154 2936 sub
1187 2876 1384 2958 praetextu
1418 2885 1493 2936 non
1530 2862 1729 2959 recipiendi

234 2986 416 3086 supplicia
453 2985 687 3062 Memorialia
730 2986 1108 3060 Commendationum
1145 2985 1409 3082 praecludatur
1446 2987 1730 3084 Magistratibus

233 3111 391 3211 aliisque
419 3111 670 3210 Litigantibus
697 3110 823 3185 aditus
851 3111 1051 3207 anticipate
1070 3108 1346 3184 transmittendi
1364 3109 1650 3186 informationes
1669 3126 1730 3184 aut

234 3237 391 3310 faciendi
418 3235 511 3310 alias
539 3233 754 3333 diligentias
772 3259 871 3332 quae
899 3234 1114 3308 conducunt
1131 3231 1180 3306 ad
1199 3231 1400 3309 faciliorem
1429 3233 1592 3308 iustitiae
1620 3234 1729 3309 admi·

235 3361 505 3437 nistrationem.

941 3590 1031 3670 353.

236 3753 447 3855 Apostolica
476 3752 633 3828 Camcra
659 3753 719 3828 ius
744 3753 816 3826 sibi
839 3753 982 3827 adserit
1006 3754 1140 3827 nodum
1166 3779 1275 3828 novos
1302 3754 1505 3828 Auditorcs
1535 3753 1591 3828 ad
1626 3756 1730 3828 iara-

316 3887 474 3952 mentum
509 3878 577 3951 sed
611 3877 667 3952 ad
703 3878 823 3977 ipsum
859 3877 1109 3952 Audo'toratus
1146 3877 1304 3974 officium
1340 3877 1566 3966 admittendi,
1606 3888 1730 3952 contra

315 4029 426 4102 qaam
455 4005 554 4078 Rota
578 4003 803 4078 Memoriale
829 4004 896 4076 dat
921 4002 1168 4080 sommam.

319 4160 434 4232 (Aaou.
453 4159 540 4231 Ron,
564 4157 754 4218 ‹Dr'arium
773 4157 885 4217 Iacobr'
900 4156 1041 4216 Emarr'x
1053 4160 1089 4230 »).

737 4357 832 4432 Ven.
870 4381 915 4432 ιο
944 4356 1086 4454 Aprilis
1121 4360 1231 4431 1682.

319 4491 406 4578 306.
439 4484 616 4559 Debebat
642 4483 754 4558 hodie
796 4481 875 4556 fieri
902 4481 1083 4557 admissio
1113 4482 1161 4559 D.
1193 4480 1351 4556 Caeciae
1378 4506 1477 4579 quae
1514 4480 1583 4554 suit
1620 4481 1729 4554 dilata

235 4610 285 4683 ad
314 4624 547 4705 sequentem,
563 4609 652 4704 quia
672 4607 848 4682 Decanus
869 4605 1052 4680 Camerae
1071 4607 1129 4680 cui
1149 4605 1270 4680 suerat
1288 4630 1357 4703 per
1389 4607 1524 4679 Erirum
1545 4605 1594 4680 D.
1618 4604 1727 4678 Card.

236 4733 283 4808 de
313 4734 413 4806 Luca
441 4733 755 4807 communicatum
785 4729 1005 4807 Memoriale
1046 4745 1262 4827 porrectum
1290 4730 1402 4805 Ssriro
1432 4731 1581 4805 nomine
1610 4731 1730 4806 Rotae
1841 4779 1842 4786 κ

236 4884 312 4956 quo
354 4859 578 4954 petebamus
615 4871 657 4930 ut
694 4855 855 4931 Camera
896 4858 931 4930 in
971 4837 1262 4931 admissionibus
1299 4855 1525 4929 Auditorum
1554 4853 1731 4951 deinceps

235 4984 480 5080 registrandis
508 4983 705 5057 occasione
733 4983 929 5058 iuramenti
957 4981 1060 5078 quod
1090 4996 1284 5078 praestare
1318 4980 1459 5057 debent
1498 4981 1534 5054 in
1572 4979 1733 5054 Camera
1841 5005 1842 5010 ¹

235 5123 439 5205 antequam
467 5108 504 5182 in
532 5109 630 5182 Rota
660 5107 918 5194 admittantur,
947 5121 1073 5181 servet
1102 5107 1238 5204 stylum
1266 5107 1462 5202 antiquum
1492 5105 1731 5180 observatum
1841 5117 1842 5172 l

238 5259 359 5330 usque
386 5235 436 5307 ad
463 5255 602 5306 annum
639 5236 750 5325 1644,
780 5233 877 5328 quia,
907 5232 991 5304 loco
1019 5230 1256 5306 describendi
1283 5231 1484 5306 instantias
1526 5246 1565 5305 et
1593 5253 1734 5305 succes·

238 5360 337 5431 sivas
365 5357 615 5432 admissiones
643 5381 826 5433 novorum
854 5357 1080 5431 Auditorum
1111 5371 1153 5430 ut
1180 5357 1367 5452 sequitur:
1406 5356 1488 5431 «R.
1511 5357 1549 5434 P.
1572 5356 1621 5432 D.
1645 5355 1733 5429 Coc·
