3708 5918
231 315 283 378 118
880 313 1019 374 Saeculo
1037 311 1070 373 X
1077 313 1106 374 V

226 522 433 594 contentas,
463 519 647 603 quantum
674 505 780 602 ipsos
801 505 987 580 Dominos
1006 503 1212 578 Auditores
1238 519 1438 601 presentes
1457 519 1497 580 et
1524 505 1669 581 laturos
1687 526 1724 580 et

225 657 355 707 corum
383 655 568 729 personas
586 653 812 705 concernere
832 654 899 702 seu
921 645 1077 727 tangere
1103 645 1318 716 noscuntur,
1339 627 1376 702 in
1405 645 1526 705 totum
1558 653 1607 704 ex
1626 647 1726 706 certa

225 757 390 842 scientia,
421 773 463 830 ut
490 771 676 842 asserunt,
713 751 875 840 sustulit,
905 753 1077 839 cassavit,
1107 769 1146 828 et
1173 755 1375 840 revocavit,
1396 751 1527 830 volens
1550 772 1591 830 et
1623 781 1727 831 man·

227 885 322 956 dans
368 879 476 956 nobis
518 896 560 954 ut
596 904 711 976 super
751 880 823 954 boc
864 878 1005 952 eisdem
1048 878 1222 952 Dominis
1264 879 1523 968 Auditoribus,
1562 882 1651 956 dum
1688 897 1728 954 et

224 1008 398 1103 quotiens
427 1020 682 1102 opportunum
709 1002 818 1091 loret,
834 1003 979 1078 litteras
1007 1001 1279 1078 testimoniales
1308 1005 1379 1078 sub
1398 1019 1530 1080 nostro
1549 1006 1727 1081 daremus

224 1131 359 1229 sigillo.
378 1131 462 1206 Hec
482 1129 725 1205 Universitati
743 1146 870 1203 vestre
889 1143 1022 1202 tenore
1045 1127 1276 1223 presentium
1305 1127 1460 1204 firmiter
1486 1145 1726 1214 attestantes,

225 1271 423 1353 presentes
452 1271 601 1330 nostras
630 1253 773 1328 litteras
802 1253 837 1326 in
865 1253 978 1328 fidem
1005 1269 1045 1327 et
1073 1253 1328 1329 testimonium
1356 1256 1626 1351 premissorum
1645 1281 1727 1353 pre·

224 1381 310 1456 latis
340 1378 512 1454 Dominis
541 1377 788 1454 Auditoribus
815 1377 1079 1464 concessimus,
1102 1378 1220 1452 nostri
1248 1377 1359 1477 sigilli
1386 1380 1586 1454 munimine
1613 1381 1728 1456 robo-

230 1520 343 1581 ratas·

308 1629 450 1704 Datum
493 1629 615 1702 Rome
655 1627 692 1701 in
735 1627 849 1702 domo
885 1625 1125 1702 habitationis
1162 1643 1300 1712 nostre,
1335 1652 1436 1704 anno
1475 1655 1499 1703 a
1533 1629 1727 1704 nativitate

227 1753 379 1828 Domini
400 1749 599 1826 Millesimo
626 1750 1000 1849 quadringentesimo
1018 1749 1204 1848 vigesimo
1222 1751 1363 1848 quinto,
1385 1750 1583 1827 indictione
1603 1753 1725 1838 tertia,
1848 1833 1849 1848 ζ

226 1877 286 1952 dle
313 1902 404 1952 vero
431 1890 565 1975 quarta
600 1875 745 1950 decima
780 1873 916 1962 Martii,
957 1875 1199 1950 Pontificatus
1235 1876 1369 1972 prelati
1412 1875 1564 1951 Domini
1597 1876 1728 1952 Nostri

228 2000 368 2075 domini
396 2000 546 2074 Martini
575 1999 641 2096 Pp.
670 1997 801 2092 Quinti
828 2023 930 2074 anno
955 2015 1102 2075 octavo.

946 2335 1010 2414 66.

236 2514 417 2590 Vetustius
442 2514 693 2588 inventarium
723 2512 892 2612 Capellae
919 2514 1047 2602 Rotae,
1078 2513 1183 2588 hodie
1210 2513 1390 2589 Archabz'o
1421 2539 1582 2599 manens,
1612 2515 1727 2608 canfe-

308 2649 404 2712 ctum
430 2639 542 2713 annai
568 2661 737 2736 1430-31.

308 2829 423 2902 (Arm.
441 2827 529 2902 Ron,
555 2828 775 2888 ‹Inventare'a
794 2833 827 2888 et
843 2833 1040 2889 testamenta
1053 2853 1079 2903 »,
1098 2828 1228 2890 Invent.
1245 2846 1279 2890 n.
1299 2832 1336 2903 l).

1338 3025 1417 3100 11311
1436 3025 1513 3085 maii
1530 3027 1575 3099 21,
1594 3025 1728 3086 Romae.

309 3331 546 3430 lnlrascripte
574 3346 662 3406 sunt
689 3356 751 3406 res
779 3355 853 3428 que
882 3349 1056 3430 spectant
1082 3333 1132 3408 ad
1160 3331 1356 3430 Capellam
1376 3334 1626 3409 Dominorum
1646 3335 1728 3409 Au·

227 3458 389 3533 ditorum
417 3472 558 3555 etque
593 3481 662 3554 per
695 3455 898 3532 Dominum
927 3457 1128 3532 Iohannem
1157 3457 1335 3556 Walling,
1365 3459 1602 3546 Auditorem,
1637 3473 1728 3533 tunc

227 3583 530 3668 Thesaurarium,
561 3600 649 3656 sunt
685 3582 877 3681 assignate
912 3584 1066 3658 Iohanni
1100 3584 1148 3658 de
1185 3583 1278 3672 Ede,
1310 3584 1477 3672 Cursori,
1506 3600 1547 3660 et
1577 3584 1728 3659 bedello

229 3709 397 3806 ipsorum
435 3707 694 3795 Dominornm,
725 3733 809 3782 cum
852 3709 1019 3784 clavibus
1059 3725 1099 3784 et
1138 3733 1252 3806 capsa
1290 3711 1325 3784 in
1367 3733 1443 3807 qua
1470 3724 1726 3784 reservantur.

231 3855 429 3910 uccccxxx
458 3832 517 3906 die
546 3855 611 3905 xxr
640 3833 779 3907 mensis
807 3834 904 3910 maii.

311 3959 433 4032 Primo
469 3957 716 4055 assignavit..
748 3981 862 4032 unum
904 3958 1055 4034 calicem
1093 3959 1142 4032 de
1175 3975 1336 4058 argento
1358 3985 1463 4065 cum
1501 3973 1641 4056 patena
1676 3958 1727 4034 de

229 4097 391 4181 argento
419 4099 490 4157 etc.
1462 4168 1465 4176 ,

311 4208 396 4306 Ego
424 4208 608 4282 Iohannes
635 4207 683 4282 de
713 4208 804 4296 Ede,
836 4206 1006 4283 bodellus
1043 4208 1245 4304 predictus,
1281 4209 1406 4306 recepi
1443 4209 1630 4306 predictas
1663 4233 1727 4283 res

228 4334 324 4407 sicut
342 4333 568 4431 premittitur
595 4333 682 4407 mihi
710 4332 924 4432 assignatas
952 4351 991 4406 et
1019 4333 1135 4407 iuravi
1159 4333 1317 4408 fideliter
1336 4334 1527 4409 custodire
1544 4349 1584 4408 et
1601 4333 1727 4408 omnia

228 4456 388 4533 fideliter
415 4482 579 4533 servare.

1291 4612 1370 4688 1431,
1388 4613 1528 4674 ianuarii
1545 4613 1572 4686 9,
1590 4611 1725 4672 Romae.

306 4755 442 4860 (verso)
457 4759 571 4832 Anno
585 4784 608 4833 a
624 4759 817 4832 nativitate
832 4758 973 4833 domini
987 4781 1212 4848 nrccccxxxr,
1226 4759 1428 4835 Indictione
1443 4783 1493 4847 rx,
1505 4759 1567 4834 die
1582 4761 1725 4846 martis,

230 4906 328 4957 nona
342 4884 481 4957 mensis
501 4883 663 4970 ianuarii,
685 4882 733 4956 de
749 4907 858 4958 mane
873 4884 963 4957 dum
979 4882 1131 4958 Domini
1146 4883 1354 4959 Auditores
1368 4884 1558 4960 intrabant
1572 4885 1723 4970 Rotam,

227 5006 465 5103 pontificatus
494 5005 602 5081 SSn‘ri
630 5008 771 5082 domini
800 5009 928 5094 nostri,
959 5009 1099 5083 domini
1128 5008 1279 5083 Martini
1308 5033 1407 5106 pape
1434 5011 1564 5107 quinti,
1581 5012 1617 5084 in
1635 5035 1727 5107 por·

230 5117 302 5203 lieu
349 5129 505 5205 ecclesie
551 5149 681 5206 sancte
723 5131 843 5208 Marie
885 5135 1047 5208 rotunde
1089 5134 1137 5208 de
1180 5133 1285 5209 Urbe
1330 5135 1556 5210 constitutus
1597 5160 1725 5210 coram

229 5255 384 5330 Rev.dis
412 5257 582 5352 patribus
610 5256 771 5332 dominis
799 5257 1026 5334 Geminiano
1066 5260 1252 5356 de.prato
1285 5276 1324 5334 et
1351 5260 1515 5334 Iohanne
1544 5259 1722 5361 Walling,

226 5377 352 5475 palatii
380 5381 576 5476 apostolici
604 5406 801 5457 causarum
829 5383 1087 5470 Auditoribus,
1117 5385 1153 5457 in
1181 5385 1372 5480 presentia
1408 5385 1481 5459 mei
1518 5385 1652 5460 notarii
1684 5407 1724 5459 et
