3718 5918
241 279 296 338 476
494 315 498 322 -
852 281 988 340 Soeculo
1008 278 1130 340 XVIII

241 473 414 548 eamdem
445 473 711 549 Bibliothecam
741 493 956 571 opportuno
985 475 1138 550 consilio
1166 474 1365 572 praecluso
1393 477 1512 564 xisto;
1543 501 1589 549 eo
1617 475 1746 549 animo

243 597 348 672 utin
376 599 476 674 dicto
509 599 581 672 situ
617 623 689 673 roo
725 623 907 673 annorum
945 625 1055 674 eursu
1092 597 1245 696 elapsae
1284 615 1524 696 ponerentur,
1558 601 1745 674 vetustio-

242 724 344 798 ribus
370 723 611 820 asportandis
638 725 674 798 in
703 725 886 822 superiori
914 742 1022 820 parte
1041 723 1127 798 xisti
1145 725 1210 820 qui
1228 749 1251 798 a
1270 724 1381 799 scalis
1399 725 1448 799 ad
1471 723 1743 800 Bibliothecam

242 873 363 947 usque
378 847 550 926 excurrit.
569 849 843 950 Benignissime
858 849 1099 946 propendens
1113 847 1303 923 Sanctitas
1315 848 1406 935 Sua,
1421 851 1624 946 scripturas
1639 873 1746 946 prae·

242 974 373 1060 dictas,
389 973 589 1048 Positiones
602 983 842 1074 nuncupatas,
865 973 1058 1072 perpetuis
1077 974 1208 1048 futuris
1227 975 1459 1070 temporibus
1478 975 1617 1050 ibidem
1637 999 1748 1070 repo·

242 1097 396 1185 nendas,
417 1113 456 1173 et
475 1101 524 1173 ab
552 1098 798 1173 Auditoribus
813 1099 862 1173 ad
882 1097 1146 1173 Cardinalatus
1164 1100 1308 1195 apicem
1323 1099 1475 1186 evectis,
1493 1124 1562 1174 seu
1589 1097 1746 1173 alterius

239 1221 382 1319 gradus
406 1238 445 1296 et
465 1221 668 1322 Dig'nitatis
689 1222 746 1296 vel
766 1247 814 1296 ex
832 1222 901 1297 hac
924 1223 1000 1298 vita
1020 1221 1276 1321 migrantibus,
1298 1238 1363 1298 aut
1382 1222 1516 1319 quovis
1534 1222 1607 1298 alio
1627 1222 1744 1297 modo

241 1349 490 1422 Auditoratus
505 1347 625 1423 officio
640 1372 713 1422 non
728 1347 888 1444 amplius
902 1347 1144 1446 iungentibus
1156 1347 1322 1422 Decreto
1333 1348 1458 1423 Rotali
1468 1346 1742 1422 concedendas.

320 1471 565 1570 Quapropter
593 1473 701 1546 ssmi
730 1472 778 1548 D.
806 1473 852 1548 N.
883 1473 998 1546 me'nti
1017 1473 1358 1570 obsequentissime
1377 1473 1626 1556 inhaerentes,
1649 1496 1745 1545 una·
1802 1567 1805 1582 Ι

241 1601 325 1674 nimi
353 1623 539 1674 consensu
559 1599 805 1682 decernimus,
827 1599 1020 1696 perpetuis
1040 1598 1172 1672 suturis
1190 1598 1425 1696 temporibus
1443 1598 1493 1671 ab
1511 1619 1744 1693 unoquoque

242 1741 411 1798 nostrum
439 1740 479 1797 et
507 1725 787 1798 successoribus
816 1723 954 1797 nostris
983 1721 1119 1818 quovis
1148 1723 1261 1798 modo
1291 1745 1365 1798 non
1392 1719 1552 1818 amplius
1579 1719 1746 1795 Audito-

241 1864 344 1924 ratus
371 1845 533 1923 officium
560 1849 830 1934 exercentibus,
860 1846 919 1922 vel
947 1850 996 1922 ab
1024 1848 1247 1922 haeredibus
1267 1847 1405 1921 nostris
1423 1860 1464 1920 et
1482 1869 1744 1919 successorum

242 1991 467 2062 nostrorum,
498 1967 726 2049 memoratas
761 1972 962 2047 Posr'tiones
990 1972 1200 2047 Causarum
1228 1997 1327 2069 quae
1355 1971 1492 2046 fuerint
1526 1995 1548 2046 a
1588 1968 1746 2068 singulis

241 2099 469 2196 propositae,
500 2124 570 2174 suo
590 2115 760 2195 ternpore
781 2098 940 2173 Custodi
960 2098 1174 2194 praedictae
1194 2096 1450 2172 Bibliothecae
1464 2094 1748 2169 Alexandrinae

241 2223 445 2299 tradendas
473 2223 736 2299 concedendas
755 2239 794 2297 et
822 2221 1108 2322 consignandas,
1132 2241 1173 2297 ut
1191 2220 1226 2296 in
1246 2223 1347 2298 dicto
1365 2220 1553 2306 Archivio,
1575 2219 1746 2316 locisque

240 2349 407 2436 adnexis,
429 2366 471 2422 ut
489 2349 726 2424 enunciatum
754 2364 824 2434 est,
855 2347 1084 2422 collocentur
1112 2362 1151 2421 et
1179 2363 1459 2422 conserventur.

322 2474 377 2548 lta
406 2475 440 2547 in
469 2473 672 2548 Audientia
700 2472 772 2548 diei
801 2497 882 2548 ven.
920 2480 966 2547 16
995 2472 1134 2548 Febbr.
1172 2495 1283 2565 1720.

806 2631 1417 2710 CmmmSRffimm

803 2761 851 2834 A.
883 2759 1125 2834 Falconerius
1153 2757 1191 2834 S.
1223 2758 1268 2834 R.
1298 2755 1463 2830 Auditor
1572 2809 1575 2816 -

807 2883 856 2959 H.
887 2882 1044 2978 Crispus
1073 2881 1111 2958 S.
1144 2883 1189 2958 R.
1221 2881 1320 2957 And.

806 3008 849 3084 C.
881 3008 1023 3082 Cerrus
1050 3006 1089 3084 S.
1121 3007 1168 3082 R.
1197 3007 1297 3082 And.

806 3133 847 3208 F.
880 3133 1032 3206 Foscari
1062 3129 1102 3209 S.
1133 3132 1179 3208 R.
1211 3130 1309 3205 Aud.

806 3259 846 3332 L.
879 3258 921 3331 E.
961 3255 1125 3332 Rovault
1152 3257 1200 3329 de
1233 3255 1448 3329 Gamaches
1481 3254 1520 3329 S.
1559 3254 1606 3328 R.
1637 3253 1740 3328 Aud.

804 3385 856 3458 lo.
886 3384 934 3458 de
963 3385 1132 3458 Herrera
1160 3383 1197 3457 S.
1230 3383 1275 3458 R.
1306 3381 1404 3455 Aud.

805 3510 857 3583 M.
889 3509 1025 3584 Curius
1053 3508 1092 3582 S.
1124 3509 1169 3583 R.
1200 3505 1300 3582 Aud.

804 3640 908 3710 Anu.
940 3633 1139 3730 Marymon
1168 3629 1205 3707 S.
1238 3633 1283 3705 R.
1313 3631 1413 3707 Aud.

947 3951 1037 4031 403.

775 4099 885 4171 Mors
918 4095 1108 4171 Clementis
1135 4096 1211 4170 XI.

322 4256 437 4328 (Anca.
456 4254 544 4326 Rom,
567 4253 692 4313 «Later
710 4254 742 4312 S.
762 4255 877 4322 Rotae,
895 4270 928 4310 n.
946 4251 972 4310 2
987 4275 1009 4325 »,
1025 4257 1104 4325 pag.
1118 4250 1180 4310 177
1191 4256 1274 4324 ssa).

574 4431 646 4506 Die
674 4431 844 4506 mercurii
879 4455 924 4524 19
954 4431 1094 4506 mensis
1123 4431 1244 4504 martii
1270 4431 1414 4528 (1721).

325 4593 433 4667 Hora
460 4591 771 4690 duodevigesima
803 4617 887 4666 cum
915 4590 1075 4676 dimidia,
1106 4589 1204 4664 idem
1244 4589 1421 4664 Summus
1458 4589 1627 4664 Pontifex
1656 4589 1741 4666 Cle·

243 4743 350 4792 mens
379 4718 432 4790 XI
459 4718 508 4830 ab
535 4716 604 4791 hac
630 4719 679 4792 ad
708 4717 901 4792 meliorem
929 4716 1043 4790 vitam
1072 4716 1292 4812 migravit...

322 4842 460 4918 Sacrae
480 4843 603 4918 Rotae
622 4842 827 4916 Auditores
845 4856 1047 4936 propterea
1065 4840 1237 4936 lugubria
1256 4855 1498 4936 sumpserunt
1516 4865 1587 4936 pro
1606 4843 1740 4938 quibus

244 4968 362 5042 Emus
392 4966 631 5042 Camerarius
658 4969 846 5042 concessit
872 4967 1090 5040 mandatum
1120 4981 1310 5060 scutorum
1342 4987 1414 5061 525
1454 4965 1740 5042 dividendorum

243 5093 338 5168 inter
366 5109 599 5188 praesentes,
627 5108 666 5167 et
694 5093 861 5168 similiter
888 5092 964 5166 duo
1001 5091 1120 5164 officia
1157 5107 1369 5188 nuncupata
1411 5089 1603 5164 Custodes
1646 5090 1739 5166 Con·

243 5218 368 5304 clavis,
399 5218 498 5292 unde
526 5233 686 5292 retracta
713 5219 863 5292 suerunt
889 5231 997 5290 scuta
1028 5237 1088 5309 75.
