3688 5924
229 283 267 344 ta
861 289 998 349 Saeculo
1017 289 1108 350 XIII

1286 389 1422 398 -·-—--—·-
1455 390 1478 396 ...
1506 389 1717 400 --·--—-—-·—.

229 478 330 554 Petri
356 497 395 555 et
429 479 593 555 Martino
632 481 817 557 Dominici
850 481 1031 569 clericis,
1052 505 1151 558 anno
1182 481 1323 557 domini
1358 489 1557 570 u⁰cc⁰nv1⁰,
1591 483 1722 557 Mense

229 604 328 690 Maii,
359 605 420 678 die
456 606 589 701 quinto
625 605 796 691 intrante,
827 607 1030 682 indictione
1065 629 1163 693 xnu,
1194 607 1433 702 pontificatus
1469 606 1609 682 domini
1640 606 1723 682 Ale-

229 729 360 803 xandri
389 753 487 826 pape
515 751 575 802 1111
603 754 702 805 anno
731 731 910 807 secundo,

309 853 394 953 Ego
415 853 591 930 Matheus
611 855 842 942 Narniensis,
863 871 1104 932 sacrosancte
1123 857 1293 931 Romane
1321 855 1478 932 ecclesie
1501 856 1722 931 auctoritate

230 977 419 1064 Notarius,
448 979 647 1076 prolationi
666 982 851 1074 sententie
879 981 1087 1077 prescripto
1111 979 1268 1066 interlui,
1290 997 1330 1056 et
1357 980 1406 1056 de
1433 980 1610 1056 mandato
1638 981 1726 1056 dicti

230 1102 402 1201 Magistri
431 1104 582 1179 Martini
602 1105 733 1198 scripsi
761 1105 864 1179 etin
891 1105 1078 1202 publicam
1105 1103 1264 1180 lormam
1282 1104 1424 1204 redegi.
1447 1105 1608 1180 Nomina
1635 1129 1726 1179 vero

229 1228 558 1324 parrochianorum
585 1245 626 1304 et
653 1230 855 1304 mortuaria
883 1253 950 1304 seu
969 1231 1097 1329 legata
1123 1228 1183 1305 vel
1202 1229 1501 1334 fedeicommissa
1520 1227 1580 1304 vel
1599 1229 1726 1305 relicta

227 1353 276 1425 ab
304 1352 394 1448 ipsis
424 1355 687 1448 parrochianis,
716 1378 740 1428 a
767 1354 945 1451 predictis
972 1357 1109 1429 abbate
1141 1370 1182 1429 et
1208 1371 1395 1429 conventu
1423 1370 1612 1452 percepta,
1652 1379 1727 1452 que

227 1477 466 1552 continentur
492 1479 528 1552 in
556 1479 680 1554 libello
707 1480 833 1576 posito
851 1479 887 1552 in
916 1479 1096 1578 Regesto,
1118 1479 1207 1577 quia
1227 1479 1401 1554 dominus
1421 1479 1606 1576 Magister
1625 1479 1728 1552 Mar-

228 1600 327 1674 tinus
355 1602 546 1676 mandavit
565 1602 651 1675 mihi
680 1602 784 1700 quod
810 1603 848 1676 in
874 1600 998 1677 libello
1017 1604 1142 1701 posito
1161 1603 1197 1675 in
1217 1604 1404 1676 sententia
1422 1602 1632 1699 prescripta
1652 1625 1727 1677 non

229 1723 444 1808 insererem,
468 1751 514 1800 ea
541 1727 625 1801 huic
653 1726 839 1802 sententie
866 1726 1032 1802 inserere
1058 1726 1320 1824 pretermisi».

315 1877 334 1922 r
354 1849 453 1927 Nulli
480 1868 550 1928 etc.
582 1868 710 1928 nostre
728 1851 1017 1928 confirmationis
1035 1871 1107 1928 etc.
1131 1851 1218 1931 Dat.
1240 1852 1424 1952 Anagnia,
1446 1873 1506 1926 1111
1526 1852 1610 1925 idus
1637 1852 1727 1926 iunii

229 1997 330 2048 anno
358 1977 580 2052 secundo».

952 2241 1014 2322 39.

236 2439 385 2516 Urbano
394 2441 462 2514 JV
473 2441 781 2538 (1261-1264).-
795 2440 827 2516 l.
843 2441 1035 2515 Diaconus
1051 2439 1275 2528 Cardinalu,
1290 2439 1445 2527 Garrire,
1459 2439 1587 2538 Papae
1603 2437 1728 2538 Capel-

308 2565 394 2640 bmo
420 2593 463 2640 ac
489 2565 647 2642 ezirsdem
666 2568 795 2667 Papae
810 2567 952 2668 palatii
965 2591 1164 2642 causarum
1178 2567 1351 2664 generali
1366 2565 1555 2650 Auditorr',
1576 2590 1729 2640 causam

308 2690 395 2766 olim
421 2691 612 2788 Magistro
640 2691 830 2766 Matthaeo
864 2693 909 2766 de
945 2691 1112 2780 Salem,
1133 2691 1261 2792 Papae
1291 2689 1498 2790 Capellam,
1526 2691 1591 2764 sub
1627 2701 1730 2766 certa

305 2815 432 2902 famus
458 2817 682 2890 commissam
708 2825 744 2890 et
767 2817 813 2890 ab
839 2817 958 2890 eodem
990 2816 1164 2892 sententra
1199 2815 1399 2908 definitam,
1427 2815 1615 2890 commata
1647 2825 1731 2890 tan·

309 2940 490 3014 nemmodo
516 2938 758 3015 audt'ertdam:
788 2940 933 3016 Garine
959 2950 1089 3026 autem,
1118 2965 1230 3016 causa
1249 2941 1438 3039 perdente,
1459 2966 1495 3016 se
1512 2939 1587 3014 ala
1605 2948 1730 3014 trans·

298 3065 451 3158 ferenti,
481 3064 658 3162 subrogat
683 3065 915 3162 Magistrum
944 3065 1168 3152 Delfinalem
1185 3065 1230 3140 de
1247 3066 1415 3166 Neapoli,
1436 3065 1577 3140 domini
1598 3066 1731 3164 Papae
1837 3145 1838 3148 Ἴ

311 3189 550 3290 Capellanum
567 3216 611 3264 ac
629 3191 785 3264 erusdem
805 3191 951 3266 Palatii
960 3192 1171 3290 generalem
1190 3191 1420 3276 Auditorum
1439 3189 1510 3264 sibi
1533 3216 1731 3264 reservans

309 3316 544 3412 diffinitivam
570 3343 700 3391 causae
725 3319 947 3392 sententeirm.

306 3509 398 3585 (Rue.
411 3507 505 3580 Vna,
522 3509 579 3582 29,
595 3509 654 3580 sol.
667 3509 727 3580 22,
740 3525 830 3567 anno
842 3508 906 3580 III,
917 3517 987 3582 cap.
1000 3509 1067 3576 40:
1084 3507 1107 3568 1.
1118 3507 1280 3578 Gumnun,
1293 3509 1330 3566 in
1348 3531 1360 3558 ι
1373 3507 1530 3566 Btblr'oth.
1543 3507 1599 3566 des
1612 3485 1748 3576 Βιοὶεε,

227 3599 437 3672 Francar'ses,
456 3598 521 3658 Les
539 3598 711 3670 Registres
728 3597 892 3657 d'tlreain
910 3597 972 3664 IV.
989 3597 1094 3657 Paris
1106 3622 1134 3666 ι,
1152 3613 1185 3656 n.
1203 3597 1290 3668 992).

1412 3809 1489 3884 taut,
1508 3809 1664 3868 februarii
1687 3811 1730 3896 19·

379 3975 530 4051 Cum
569 3976 744 4050 dominus
781 3975 959 4051 Urbanus
996 3999 1096 4072 papa
1129 3975 1203 4060 llll,
1249 3974 1433 4074 magistro
1476 3975 1633 4050 Matheo
1678 3975 1730 4048 de

198 4099 395 4202 ‘Salerno,
428 4098 634 4196 Capeliano
663 4124 743 4184 suo,
774 4099 982 4195 predictum
1011 4101 1208 4198 negocium
1238 4099 1308 4174 sub
1335 4115 1438 4174 certa
1465 4099 1584 4174 forma
1612 4098 1730 4172 duxe-

227 4225 275 4298 rit
301 4224 619 4312 committendum‚
650 4225 749 4300 idem
778 4223 1006 4321 Capellanus
1079 4223 1351 4300 sententialiter
1377 4221 1589 4300 declaravit
1649 4283 1656 4298 .
1721 4286 1729 4298 .

226 4473 340 4548 citato
367 4492 495 4548 autem
522 4475 766 4571 postmodum
794 4475 926 4571 primo,
957 4473 1124 4548 secundo
1152 4488 1191 4546 et
1219 4472 1330 4548 tertio
1361 4496 1481 4569 per...
1512 4471 1732 4570 (Carinum)

224 4595 408 4670 decanum
428 4599 784 4686 cathalaunensem,
805 4599 944 4675 domini
962 4621 1060 4694 pape
1080 4597 1326 4694 Capelianum
1345 4621 1390 4672 ac
1407 4595 1578 4671 eiusdem
1598 4595 1733 4672 Palatii

225 4724 441 4819 generalem
461 4723 683 4798 Auditorem
712 4748 920 4807 causarum,
942 4723 1001 4796 cui
1018 4722 1119 4796 vices
1147 4736 1298 4796 nostras
1317 4746 1391 4796 non
1417 4718 1583 4797 totaliter
1600 4720 1637 4794 in
1657 4721 1734 4796 hac

225 4864 333 4941 parte
352 4847 652 4926 commisimus...
675 4846 814 4922 Coram
829 4872 906 4943 quo
920 4847 1109 4922 decano...
1130 4862 1352 4942 procurator
1370 4845 1503 4942 prelati
1525 4845 1574 4920 H.
1592 4845 1733 4921 obtulit

226 4969 390 5044 libellum
420 4972 662 5068 postmodum
690 4974 777 5047 dicti
808 4971 858 5048 H.
889 4971 1038 5046 nomine
1066 4973 1135 5046 hac
1162 4970 1296 5047 forma:

315 5098 391 5171 ‹ln
421 5099 569 5173 nomine
598 5098 749 5172 Domini
776 5123 897 5173 amen.
920 5098 1060 5173 Coram
1088 5099 1207 5182 vobis,
1228 5097 1381 5172 domino
1407 5096 1559 5184 Garino,
1581 5095 1734 5170 decano

235 5220 563 5307 «cathalaunensi,
586 5223 725 5297 domini
754 5246 851 5320 pape
872 5220 1079 5317 Capeliano
1106 5245 1150 5296 ac
1177 5221 1346 5295 eiusdem
1374 5211 1501 5319 palatii
1528 5243 1734 5294 causarum

236 5377 253 5418 ι
271 5347 439 5445 generali
458 5346 643 5424 Auditore
662 5349 719 5423 cui
740 5347 959 5422 venerabilis
978 5359 1087 5444 pater
1105 5347 1279 5420 dominus
1298 5347 1323 5422 l.
1349 5361 1563 5420 sanctorum
1584 5343 1732 5420 Cosme
1797 5339 1802 5354 '
