3748 5914
225 265 281 326 280
872 272 1009 332 soeculo
1027 271 1114 332 XVI

226 489 270 536 ac
298 488 462 548 suorum,
492 480 531 538 et
558 465 612 538 eis
640 490 688 538 ex
716 466 847 538 eadem
885 487 1000 538 causa
1033 461 1253 538 collatorum
1288 463 1563 552 beneficiorum,
1603 463 1733 536 huius-

228 585 328 660 modi
355 587 508 674 lructus,
553 588 733 677 redditus,
763 605 803 664 et
844 603 1050 685 proventus
1092 586 1297 684 inequales,
1327 604 1366 662 et
1403 586 1554 661 maioris
1595 587 1734 662 valoris

227 711 372 798 luerint,
409 715 556 788 etiamsi
584 715 664 810 ipsa
693 713 914 810 inequalitas
934 713 1231 812 vigintiquatuor
1249 713 1411 787 florenos
1432 711 1582 796 similes,
1605 737 1732 786 secun-

228 835 317 910 dum
353 837 627 913 estimationem
670 837 875 935 predictam
919 861 993 911 non
1021 837 1266 912 transcendat
1303 836 1470 911 similiter
1497 837 1733 912 conserentes

228 961 383 1057 predicti
411 977 450 1036 et
476 962 525 1036 illi
554 962 689 1058 quibus
717 961 898 1036 beneficia
925 962 1075 1035 maioris
1102 960 1240 1036 valoris
1259 961 1471 1036 huiusmodi
1499 961 1635 1038 collata
1654 963 1734 1036 lue-

228 1086 310 1172 rint,
342 1088 388 1160 de
430 1088 651 1176 nominibus,
681 1105 721 1162 et
761 1087 1047 1186 cognominibus
1089 1111 1349 1184 personarum,
1390 1103 1428 1160 et
1467 1087 1732 1162 beneficiorum

227 1213 456 1297 eorumdem,
486 1237 530 1286 ac
566 1212 699 1287 diebus
739 1212 921 1286 factarum
963 1210 1203 1286 collationum
1245 1211 1457 1287 huiusmodi
1495 1211 1733 1288 Presidentes

228 1337 327 1411 dicte
356 1336 517 1412 Camere
536 1337 756 1433 Apostolice
781 1353 847 1411 aut
866 1335 1112 1424 Collectores,
1133 1337 1192 1411 vel
1214 1336 1513 1412 Subcollectores
1532 1337 1730 1422 sructuum,

177 1497 180 1516 ·
227 1479 266 1536 et
292 1478 543 1560 proventuum
570 1462 692 1537 eidem
722 1461 882 1536 Camere
911 1461 1123 1536 debitorum
1156 1462 1192 1536 in
1229 1463 1400 1559 partibus
1436 1461 1507 1536 illis
1538 1487 1608 1559 pro
1638 1477 1732 1536 tem-

175 1645 176 1650 ,
228 1612 320 1684 pore
348 1589 551 1682 deputatos
579 1588 671 1661 insra
700 1567 815 1660 unum
844 1587 876 1660 si
903 1585 996 1660 citra
1024 1600 1063 1659 et
1090 1601 1168 1659 tres
1201 1610 1351 1661 menses
1389 1586 1420 1659 si
1458 1586 1554 1661 ultra
1582 1602 1732 1661 montes

228 1713 444 1788 collationes
471 1713 552 1811 ipse
581 1713 676 1788 lacte
704 1712 840 1787 suerint
867 1713 971 1785 iuxta
998 1710 1103 1798 Sixti,
1134 1726 1174 1785 et
1197 1711 1400 1786 innocentii
1419 1711 1731 1810 predecessorum

228 1837 480 1933 predictorum
508 1863 622 1934 super
649 1837 720 1912 hoc
756 1837 877 1912 editas
914 1835 1042 1910 literas
1079 1835 1282 1910 certificare
1319 1851 1531 1933 procurent,
1566 1837 1731 1934 alioquin

227 1959 404 2035 beneficia
432 1963 514 2058 ipsa
541 1961 594 2034 sic
622 1959 756 2036 collata
783 1986 918 2035 vacare
947 1973 1173 2034 censeantur
1199 1985 1247 2034 eo
1275 1959 1369 2056 ipsu.

308 2083 408 2158 Nulli
436 2110 530 2184 ergo
557 2086 709 2159 omnino
736 2085 927 2158 hominum
955 2083 1065 2158 liceat
1091 2083 1186 2158 hanc
1214 2083 1392 2181 paginam
1421 2098 1550 2157 nostre
1579 2082 1731 2179 dispen-

227 2209 392 2297 sationis,
423 2209 566 2298 indulti‚
596 2209 859 2296 concessionis
881 2207 1046 2282 mandati
1075 2207 1336 2304 susceptionis
1372 2207 1612 2294 liberationis,
1647 2232 1730 2282 con·

228 2334 441 2422 stitutionis,
469 2334 734 2431 deputationis,
764 2333 1037 2422 declarationis,
1068 2332 1219 2420 decreti,
1250 2332 1507 2431 derogationis
1538 2349 1578 2408 et
1604 2333 1729 2410 volun·

229 2461 317 2534 tatis
345 2459 543 2558 infringere
572 2458 631 2534 vel
658 2460 704 2546 ei,
733 2483 827 2534 ausu
856 2457 1066 2545 temerario,
1096 2459 1302 2544 contraire;
1333 2460 1363 2532 si
1392 2457 1476 2555 quis
1503 2476 1631 2533 autem
1659 2458 1731 2533 hoc

227 2600 453 2680 attemptare
480 2584 762 2680 presumpserit,
792 2582 1085 2681 indignationem
1114 2582 1380 2679 omnipotentis
1410 2582 1492 2669 Dei,
1523 2607 1567 2656 ac
1603 2584 1730 2658 beato·

229 2735 308 2784 rum
339 2708 438 2782 Petri
465 2725 504 2782 et
532 2707 633 2784 Pauli
660 2707 918 2804 apostolorum
947 2708 1037 2792 eius,
1070 2731 1111 2780 se
1140 2707 1286 2780 noverit
1314 2706 1559 2782 incursurum.

308 2834 450 2908 Datum
479 2835 612 2921 Rome,
642 2832 744 2930 apud
764 2833 802 2908 S.
825 2832 987 2918 Petrum,
1017 2855 1116 2906 anno
1140 2831 1404 2907 incarnationis
1432 2831 1616 2906 dominice
1650 2831 1730 2904 Mil·

228 2958 358 3034 lesimo
385 2960 689 3057 quingentesimo
717 2957 902 3055 vigesimo
931 2957 1073 3052 quinto,
1103 2957 1236 3053 quinto
1265 2958 1372 3032 nonis
1400 2957 1564 3056 augusti,
1581 2956 1731 3032 Pontifi-

228 3098 334 3158 catus
363 3084 490 3157 nostri.
509 3084 621 3156 Anno
650 3083 829 3158 secundo.

1350 3207 1403 3282 ld.
1435 3205 1647 3282 Sadoletus.

919 3471 1004 3548 155.

231 3628 404 3704 Clemente
441 3630 524 3705 VII
543 3631 663 3717 Papa.
694 3673 709 3686 ·
743 3629 870 3702 Motus
899 3631 1083 3729 proprius
1100 3629 1302 3702 collatzom's
1330 3627 1593 3701 Audz'tortittus
1611 3626 1729 3700 Rotae

308 3756 410 3828 cuius
436 3756 597 3828 executz'o
632 3754 935 3830 Vicecancellario
966 3751 1081 3828 simul
1107 3763 1143 3827 et
1176 3753 1294 3826 Rotae
1328 3753 1480 3825 Decano
1515 3761 1550 3824 et
1574 3751 1729 3824 Audz'to·

308 3879 411 3952 ribus
437 3879 686 3956 committitur.
716 3879 904 3952 -Iacobus
930 3877 1128 3952 Samonetta
1155 3878 1219 3951 illo
1246 3903 1344 3951 anno
1370 3877 1564 3950 Decumum
1587 3875 1725 3974 agebat.

308 4035 423 4108 (Auen.
442 4035 537 4108 Rom,
561 4034 821 4094 ‹Admissiones
840 4057 866 4106 ι,
882 4037 970 4108 part.
987 4033 1016 4105 I,
1036 4033 1202 4093 Clemente
1228 4031 1299 4106 VII,
1317 4049 1351 4092 n.
1372 4032 1416 4108 3).

310 4160 463 4308 {eceptio
480 4169 512 4220 et
530 4159 720 4220 Mandatum
739 4174 807 4218 rev.
826 4157 949 4218 domini
968 4157 1078 4232 P[etril
1098 4157 1235 4218 Wuorst

339 4251 414 4309 lem.
434 4251 460 4308 7.
1055 4279 1056 4284 κ

312 4435 454 4525 9lan.,
489 4438 599 4528 1526.

310 4560 418 4634 Motu
446 4559 609 4655 propri0,
640 4575 723 4640 etc,
753 4555 923 4632 volentes
960 4554 1135 4629 dilectum
1174 4553 1287 4627 filium
1326 4553 1475 4626 Petrum
1513 4554 1560 4626 de
1597 4551 1724 4636 Vorst,

230 4685 424 4782 utriusque
452 4684 541 4755 iuris
568 4682 773 4769 doctorem,
805 4682 977 4756 clericum
1007 4679 1249 4754 Cameracen.
1281 4677 1375 4753 dioc.
1405 4678 1454 4751 de
1490 4677 1594 4751 cuius
1630 4678 1728 4754 litte-

229 4826 366 4896 ratura,
397 4798 612 4906 integritate
640 4831 787 4882 morum
825 4825 865 4880 et
892 4806 1080 4903 probitate
1108 4805 1184 4878 vite
1212 4804 1323 4899 plene
1364 4801 1550 4876 informati
1585 4828 1723 4888 sumus,

230 4934 425 5033 condignis
453 4932 642 5007 favoribus
670 4931 850 5028 prosequi
878 4930 1025 5027 sibique
1053 4930 1214 5028 gratiam
1250 4928 1373 5002 lacere
1402 4925 1611 5034 specialem,
1642 4952 1726 5000 eum

231 5057 477 5156 Capelianum
505 5072 675 5131 nostrum
703 5072 742 5130 et
770 5033 967 5130 causarum
997 5054 1124 5152 palatii
1152 5052 1349 5151 apostolici
1371 5052 1607 5138 Auditorem‚
1632 5049 1726 5126 Cum

229 5183 401 5260 omnibus
429 5183 643 5268 honoribus,
673 5182 848 5255 oneribus
876 5197 929 5286 et*
952 5179 1214 5255 emolumentis
1252 5177 1453 5270 consuetis,
1484 5193 1615 5252 tenore
1643 5201 1728 5273 pre·

231 5311 390 5384 sentium
432 5308 596 5394 facimus,
642 5305 916 5382 Constituimus
959 5323 998 5380 et
1038 5307 1265 5404 deputamus
1302 5321 1340 5395 et
1373 5303 1529 5379 aliorum
1566 5319 1605 5378 et
1641 5302 1727 5377 dicti
