3748 5914
230 326 286 386 238
817 329 953 390 Saecula
972 330 1089 392 ΧΗ
1096 332 1139 392 VI

313 523 487 597 Abbates

312 644 490 744 Episcopi

312 771 596 869 Archiepiscopi

307 897 492 972 Oratores
522 894 594 1002 [et]
622 897 757 995 prelati
784 899 1008 974 assistentes
1036 925 1135 997 pape
1162 903 1283 998 parati

310 1021 468 1096 Diaconi
496 1022 705 1097 cardinales
732 1038 804 1098 etc.
822 1082 830 1099 .
850 1085 857 1098 .
877 1036 939 1099 .'..

309 1146 510 1221 Presbiteri
531 1145 751 1222 Cardinales

309 1271 489 1368 Episcopi
519 1270 740 1346 Cardinales

309 1395 398 1469 Duo
426 1397 585 1492 dyaconi
613 1395 821 1471 cardinales
850 1422 949 1495 pape
976 1399 1200 1472 assistentes

310 1521 483 1595 Scutiferi
504 1579 513 1596 .
534 1581 542 1598 .
566 1581 574 1598 .

308 1645 397 1721 Duo
425 1646 571 1722 accoliti
598 1672 682 1720 cum
711 1645 945 1721 candelabris

308 1771 396 1844 Duo
424 1769 570 1846 accoliti
598 1797 681 1845 cum
712 1795 731 1844 2
764 1771 960 1846 thuribulis

308 1895 438 1993 Papa.
461 1956 470 1974 .
493 1957 501 1973 .
523 1956 531 1972 .

305 2020 470 2094 Auditor
496 2021 539 2094 de
566 2021 681 2094 mz‘tra
707 2021 868 2095 servunt
895 2047 979 2096 cum
1007 2021 1231 2096 cubiculario
1258 2037 1406 2096 secreto

306 2144 582 2220 Prothonotarii
609 2145 833 2220 assistentes
890 2147 893 2152 '

308 2269 444 2342 Prelati
472 2285 542 2345 etc.

933 2516 1019 2596 142.

223 2673 443 2748 Alexandri
475 2673 536 2749 VI
554 2674 758 2749 constituto
784 2681 988 2748 contraeas
1014 2675 1082 2773 qui
1096 2671 1290 2773 ‹offundunt
1313 2699 1397 2749 suos
1423 2675 1664 2774 collttt'gantos
1681 2677 1725 2750 in

305 2797 433 2884 Curia,
463 2825 507 2872 no
526 2800 674 2898 possint
697 2822 829 2872 causas
855 2822 943 2872 suas
969 2798 1174 2895 dcs‘endoe.
1204 2843 1231 2857 -
1265 2797 1477 2874 Constituto
1513 2799 1600 2873 haec
1625 2799 1725 2896 lega-

302 2923 412 2997 batur
438 2924 633 3021 quotannis
650 2926 690 2997 in
715 2933 898 3024 apertura
916 2923 1034 2997 Rotae
1051 2923 1167 2998 simul
1179 2949 1261 2998 cum
1287 2923 1374 2998 alz‘is
1399 2925 1721 3000 constitutionibus.

302 3079 418 3150 (Aaou.
435 3077 523 3152 Ron,
539 3102 552 3129 ι
566 3076 736 3139 constitut.
749 3077 823 3139 Rot.
836 3077 913 3138 Pal.
926 3083 1027 3154 apost.
1040 3102 1068 3153 2,
1078 3078 1144 3153 sot.
1156 3079 1215 3148 61,·
1237 3076 1363 3138 «Liber
1374 3077 1503 3137 Rotae»
1520 3080 1638 3151 corut).

1297 3237 1375 3312 1502,
1392 3236 1506 3312 aprilis
1526 3237 1569 3312 13,
1585 3236 1723 3298 Romae.

299 3399 516 3476 Alexander
551 3403 764 3500 episcopus,
804 3427 936 3477 servus
972 3427 1166 3478 servorum
1205 3402 1289 3477 Dei.
1319 3401 1382 3476 Ad
1414 3417 1636 3500 perpetuam
1665 3403 1722 3476 rei

219 3527 447 3604 memoriam.
470 3571 490 3585 -
522 3528 570 3602 In
588 3529 760 3602 eminenti
785 3529 894 3603 Sedis
921 3526 1129 3625 apostolice
1156 3527 1317 3624 Specula
1344 3527 1469 3602 divim
1496 3527 1722 3623 disponente

219 3650 426 3739 clementia,
456 3651 542 3727 licet
570 3654 754 3735 immeriti,
783 3655 984 3742 constituti,
1015 3654 1112 3727 inter
1137 3651 1361 3749 multiplices
1383 3667 1514 3726 nostre
1542 3650 1725 3727 sollicitu-

218 3775 315 3850 dinis
343 3800 452 3852 curas
470 3777 608 3873 quibus
626 3776 778 3852 assidue
798 3778 1010 3874 premimur,
1032 3776 1132 3852 illam
1151 3802 1221 3874 pro
1241 3791 1371 3852 nostro
1398 3773 1580 3872 pastorali
1597 3773 1723 3850 officio

218 3905 254 3976 in
281 3904 409 4001 primis
438 3904 630 3999 suscipere
658 3902 852 3988 debemus,
882 3926 952 3998 per
986 3928 1100 4000 quam
1138 3915 1269 3975 nostre
1304 3900 1531 4000 provisionis
1566 3923 1641 3997 ope
1666 3903 1721 3975 ad

218 4029 428 4104 Romanam
456 4030 607 4115 curiam,
628 4028 677 4102 ad
696 4053 810 4125 quam
838 4029 954 4103 veluti
972 4025 1131 4102 fidelium
1152 4027 1318 4102 omnium
1346 4043 1504 4102 matrem
1531 4041 1572 4101 et
1598 4025 1722 4124 magi·

217 4169 334 4226 stram
366 4178 410 4227 ac
446 4153 586 4227 iustitie
618 4151 762 4226 iontem
790 4178 860 4250 pro
887 4152 950 4227 illa
975 4152 1243 4248 consequenda
1271 4153 1445 4226 continue
1473 4151 1521 4225 de
1557 4151 1719 4225 diversis

216 4278 344 4351 mundi
371 4279 541 4374 partibus
569 4276 721 4351 confluit
749 4276 948 4351 multitudo
967 4303 1038 4375 pro
1057 4303 1187 4352 eorum
1206 4277 1330 4351 causis
1352 4276 1568 4362 tractandis,
1590 4275 1679 4350 cons
1699 4318 1720 4331 ·

216 4405 374 4500 gientes,
392 4402 549 4500 illasque
564 4403 600 4475 in
619 4403 752 4477 eadem
771 4417 1060 4500 prosequentes,
1083 4401 1238 4477 sublatis
1258 4402 1455 4498 quibusvis
1474 4401 1720 4498 impedimen-

217 4528 277 4613 tis,
297 4526 377 4600 iura
404 4553 473 4602 sua
492 4526 672 4624 prosequi
699 4543 738 4600 et
756 4527 817 4601 illa
846 4527 1112 4624 prosequendo
1140 4526 1177 4600 in
1204 4527 1338 4600 eadem
1358 4527 1459 4601 curia
1478 4525 1604 4612 libere,
1635 4539 1718 4599 tute

213 4665 252 4724 et
271 4651 408 4746 quiete,
426 4651 676 4747 personaliter
693 4651 845 4726 valeant
863 4674 1095 4747 permanere,
1112 4666 1235 4745 prout,
1253 4674 1500 4746 personarum
1515 4664 1555 4724 et
1569 4666 1718 4745 tempo-

215 4799 297 4847 rum
312 4775 525 4849 conditione
544 4774 724 4871 inspecta,
745 4775 783 4848 id
802 4775 838 4847 in
857 4773 1009 4849 domino
1028 4774 1278 4870 conspicimus
1306 4773 1505 4849 salubriter
1522 4773 1714 4870 expedire.

295 4898 405 4987 Sane,
436 4916 513 4973 tam
541 4899 761 4973 dilectorum
791 4899 949 4973 filiorum
977 4923 1174 4972 causarum
1209 4898 1336 4994 palatii
1372 4899 1570 4996 apostolici
1597 4898 1718 4972 Audi-

215 5041 338 5097 torum
374 5049 583 5121 eorumque
614 5022 906 5098 locatenentium
943 5037 983 5096 et
1013 5023 1170 5097 aliorum
1209 5021 1483 5122 fidedignorum
1520 5023 1713 5107 relatione,

214 5173 327 5244 quam
347 5148 559 5236 multorum,
582 5173 716 5223 causas
736 5172 825 5222 suas
845 5150 880 5221 in
900 5148 1000 5221 dicta
1018 5149 1119 5222 curia
1139 5149 1460 5245 prosequentium,
1481 5146 1715 5248 gravissimis

214 5273 387 5368 querelis,
418 5297 493 5346 non
520 5273 600 5348 sine
629 5272 790 5348 maxima
817 5273 953 5346 mentis
982 5288 1110 5346 nostre
1138 5272 1433 5369 perturbatione,
1464 5296 1715 5368 sepenumero

213 5398 425 5494 accepimus
453 5399 568 5495 quod,
598 5396 685 5472 licet
713 5423 793 5486 nos,
828 5396 943 5472 felicis
974 5397 1245 5472 recordationis
1277 5397 1495 5470 lnnocentio
1532 5396 1598 5493 Pp.
1628 5395 1713 5468 Vlll
