<?xml version="1.0" encoding="UTF-8"?>
<!DOCTYPE html PUBLIC "-//W3C//DTD XHTML 1.0 Transitional//EN"
    "http://www.w3.org/TR/xhtml1/DTD/xhtml1-transitional.dtd">
<html xmlns="http://www.w3.org/1999/xhtml" xml:lang="en" lang="en">
 <head>
  <title>
</title>
<meta http-equiv="Content-Type" content="text/html;charset=utf-8" />
  <meta name='ocr-system' content='tesseract 3.04.00' />
  <meta name='ocr-capabilities' content='ocr_page ocr_carea ocr_par ocr_line ocrx_word'/>
</head>
<body>
  <div class='ocr_page' id='page_1' title='image "./capellanipapaee00cercgoog_0062.png"; bbox 0 0 3688 5924; ppageno 0'>
   <div class='ocr_carea' id='block_1_1' title="bbox 245 324 1121 388">
    <p class='ocr_par' dir='ltr' id='par_1_1' title="bbox 245 324 1121 388">
     <span class='ocr_line' id='line_1_1' title="bbox 245 324 1121 388; baseline 0.005 -6"><span class='ocrx_word' id='word_1_1' title='bbox 245 324 278 382; x_wconf 86' lang='lat'>18</span> <span class='ocrx_word' id='word_1_2' title='bbox 875 328 1013 388; x_wconf 82' lang='lat' dir='ltr'>Soeculo</span> <span class='ocrx_word' id='word_1_3' title='bbox 1031 327 1121 386; x_wconf 84' lang='lat' dir='ltr'><em>XIII</em></span> 
     </span>
    </p>
   </div>
   <div class='ocr_carea' id='block_1_2' title="bbox 237 517 1836 2735">
    <p class='ocr_par' dir='ltr' id='par_1_2' title="bbox 237 517 1836 2362">
     <span class='ocr_line' id='line_1_2' title="bbox 242 517 1738 614; baseline -0.001 -25"><span class='ocrx_word' id='word_1_4' title='bbox 242 517 378 591; x_wconf 88' lang='lat' dir='ltr'>firmari</span> <span class='ocrx_word' id='word_1_5' title='bbox 405 535 445 592; x_wconf 93' lang='lat' dir='ltr'>et</span> <span class='ocrx_word' id='word_1_6' title='bbox 471 521 575 614; x_wconf 92' lang='lat' dir='ltr'>quod</span> <span class='ocrx_word' id='word_1_7' title='bbox 608 521 706 593; x_wconf 90' lang='lat' dir='ltr'>dicta</span> <span class='ocrx_word' id='word_1_8' title='bbox 733 519 890 595; x_wconf 89' lang='lat' dir='ltr'>ecclesia</span> <span class='ocrx_word' id='word_1_9' title='bbox 918 538 1047 594; x_wconf 92' lang='lat' dir='ltr'>sancte</span> <span class='ocrx_word' id='word_1_10' title='bbox 1076 520 1193 594; x_wconf 90' lang='lat' dir='ltr'>Marie</span> <span class='ocrx_word' id='word_1_11' title='bbox 1221 520 1269 591; x_wconf 90' lang='lat' dir='ltr'>ad</span> <span class='ocrx_word' id='word_1_12' title='bbox 1303 519 1373 592; x_wconf 91' lang='lat' dir='ltr'>hoc</span> <span class='ocrx_word' id='word_1_13' title='bbox 1402 517 1612 614; x_wconf 83' lang='lat' dir='ltr'>specialiter</span> <span class='ocrx_word' id='word_1_14' title='bbox 1638 533 1738 590; x_wconf 88' lang='lat' dir='ltr'>tene-</span> 
     </span>
     <span class='ocr_line' id='line_1_3' title="bbox 242 641 1735 739; baseline 0.001 -27"><span class='ocrx_word' id='word_1_15' title='bbox 242 657 346 715; x_wconf 87' lang='lat' dir='ltr'>retur</span> <span class='ocrx_word' id='word_1_16' title='bbox 372 666 441 739; x_wconf 89' lang='lat' dir='ltr'>per</span> <span class='ocrx_word' id='word_1_17' title='bbox 467 645 670 739; x_wconf 90' lang='lat' dir='ltr'>quamdam</span> <span class='ocrx_word' id='word_1_18' title='bbox 707 645 928 718; x_wconf 87' lang='lat' dir='ltr'>sententiam</span> <span class='ocrx_word' id='word_1_19' title='bbox 958 644 1070 718; x_wconf 92' lang='lat' dir='ltr'>latam</span> <span class='ocrx_word' id='word_1_20' title='bbox 1103 669 1127 716; x_wconf 90' lang='lat' dir='ltr'>a</span> <span class='ocrx_word' id='word_1_21' title='bbox 1160 645 1258 718; x_wconf 91' lang='lat' dir='ltr'>bone</span> <span class='ocrx_word' id='word_1_22' title='bbox 1286 643 1465 717; x_wconf 86' lang='lat' dir='ltr'>memorie</span> <span class='ocrx_word' id='word_1_23' title='bbox 1494 641 1541 716; x_wconf 94' lang='lat' dir='ltr'>O.</span> <span class='ocrx_word' id='word_1_24' title='bbox 1572 641 1735 714; x_wconf 90' lang='lat' dir='ltr'>Terdon.</span> 
     </span>
     <span class='ocr_line' id='line_1_4' title="bbox 242 751 1739 862; baseline 0.001 -25"><span class='ocrx_word' id='word_1_25' title='bbox 242 765 433 862; x_wconf 90' lang='lat' dir='ltr'><strong>Episcopo</strong></span> <span class='ocrx_word' id='word_1_26' title='bbox 469 784 508 840; x_wconf 90' lang='lat' dir='ltr'>et</span> <span class='ocrx_word' id='word_1_27' title='bbox 544 768 695 843; x_wconf 87' lang='lat' dir='ltr'>Abbate</span> <span class='ocrx_word' id='word_1_28' title='bbox 730 751 793 844; x_wconf 52' lang='lat' dir='ltr'>sc-i.</span> <span class='ocrx_word' id='word_1_29' title='bbox 833 769 985 844; x_wconf 89' lang='lat' dir='ltr'>Andree</span> <span class='ocrx_word' id='word_1_30' title='bbox 1026 770 1074 842; x_wconf 91' lang='lat' dir='ltr'>de</span> <span class='ocrx_word' id='word_1_31' title='bbox 1111 768 1229 842; x_wconf 87' lang='lat' dir='ltr'>Sexto</span> <span class='ocrx_word' id='word_1_32' title='bbox 1265 770 1414 842; x_wconf 90' lang='lat' dir='ltr'>ianuen.</span> <span class='ocrx_word' id='word_1_33' title='bbox 1454 767 1549 840; x_wconf 90' lang='lat' dir='ltr'>dioc.</span> <span class='ocrx_word' id='word_1_34' title='bbox 1588 791 1611 840; x_wconf 90' lang='lat' dir='ltr'>a</span> <span class='ocrx_word' id='word_1_35' title='bbox 1648 767 1739 840; x_wconf 90' lang='lat' dir='ltr'>sede</span> 
     </span>
     <span class='ocr_line' id='line_1_5' title="bbox 239 891 1737 991; baseline 0.001 -27"><span class='ocrx_word' id='word_1_36' title='bbox 239 891 446 986; x_wconf 90' lang='lat' dir='ltr'>apostolica</span> <span class='ocrx_word' id='word_1_37' title='bbox 472 891 658 991; x_wconf 87' lang='lat' dir='ltr'>delegatis</span> <span class='ocrx_word' id='word_1_38' title='bbox 685 909 855 966; x_wconf 86' lang='lat' dir='ltr'>astruere</span> <span class='ocrx_word' id='word_1_39' title='bbox 878 895 1081 984; x_wconf 73' lang='lat' dir='ltr'>nitebatur,</span> <span class='ocrx_word' id='word_1_40' title='bbox 1112 918 1181 988; x_wconf 93' lang='lat' dir='ltr'>per</span> <span class='ocrx_word' id='word_1_41' title='bbox 1208 918 1320 989; x_wconf 90' lang='lat' dir='ltr'>quam</span> <span class='ocrx_word' id='word_1_42' title='bbox 1359 893 1507 966; x_wconf 91' lang='lat' dir='ltr'>dicebat</span> <span class='ocrx_word' id='word_1_43' title='bbox 1543 891 1737 966; x_wconf 84' lang='lat' dir='ltr'>manifeste</span> 
     </span>
     <span class='ocr_line' id='line_1_6' title="bbox 240 1016 1736 1119; baseline -0.001 -31"><span class='ocrx_word' id='word_1_44' title='bbox 240 1016 390 1111; x_wconf 90' lang='lat' dir='ltr'>probari</span> <span class='ocrx_word' id='word_1_45' title='bbox 409 1022 641 1113; x_wconf 83' lang='lat' dir='ltr'>prepositum</span> <span class='ocrx_word' id='word_1_46' title='bbox 662 1034 791 1092; x_wconf 90' lang='lat' dir='ltr'>sancte</span> <span class='ocrx_word' id='word_1_47' title='bbox 807 1016 1112 1119; x_wconf 57' lang='lat' dir='ltr'>Mariegecipere</span> <span class='ocrx_word' id='word_1_48' title='bbox 1131 1018 1449 1092; x_wconf 86' lang='lat' dir='ltr'>confirmationem</span> <span class='ocrx_word' id='word_1_49' title='bbox 1469 1016 1609 1090; x_wconf 90' lang='lat' dir='ltr'>debere</span> <span class='ocrx_word' id='word_1_50' title='bbox 1628 1016 1736 1088; x_wconf 93' lang='lat' dir='ltr'>simui</span> 
     </span>
     <span class='ocr_line' id='line_1_7' title="bbox 240 1139 1738 1238; baseline -0.001 -25"><span class='ocrx_word' id='word_1_51' title='bbox 240 1140 289 1213; x_wconf 92' lang='lat' dir='ltr'>ab</span> <span class='ocrx_word' id='word_1_52' title='bbox 314 1140 609 1238; x_wconf 90' lang='lat' dir='ltr'>Archiepiscopo</span> <span class='ocrx_word' id='word_1_53' title='bbox 635 1159 676 1214; x_wconf 91' lang='lat' dir='ltr'>et</span> <span class='ocrx_word' id='word_1_54' title='bbox 702 1141 864 1238; x_wconf 89' lang='lat' dir='ltr'>capitulo</span> <span class='ocrx_word' id='word_1_55' title='bbox 892 1141 1117 1237; x_wconf 89' lang='lat' dir='ltr'>supradictis</span> <span class='ocrx_word' id='word_1_56' title='bbox 1144 1167 1187 1214; x_wconf 89' lang='lat' dir='ltr'>ac</span> <span class='ocrx_word' id='word_1_57' title='bbox 1206 1143 1261 1214; x_wconf 89' lang='lat' dir='ltr'>eis</span> <span class='ocrx_word' id='word_1_58' title='bbox 1287 1141 1462 1215; x_wconf 89' lang='lat' dir='ltr'>exhibere</span> <span class='ocrx_word' id='word_1_59' title='bbox 1485 1139 1738 1215; x_wconf 88' lang='lat' dir='ltr'>obedientiam</span> 
     </span>
     <span class='ocr_line' id='line_1_8' title="bbox 239 1263 1739 1362; baseline 0 -25"><span class='ocrx_word' id='word_1_60' title='bbox 239 1265 482 1360; x_wconf 82' lang='lat' dir='ltr'>corporalem,</span> <span class='ocrx_word' id='word_1_61' title='bbox 501 1265 659 1360; x_wconf 90' lang='lat' dir='ltr'>prestito</span> <span class='ocrx_word' id='word_1_62' title='bbox 678 1264 899 1340; x_wconf 89' lang='lat' dir='ltr'>iuramento.</span> <span class='ocrx_word' id='word_1_63' title='bbox 933 1265 1042 1338; x_wconf 93' lang='lat' dir='ltr'>Unde</span> <span class='ocrx_word' id='word_1_64' title='bbox 1070 1282 1229 1362; x_wconf 90' lang='lat' dir='ltr'>propter</span> <span class='ocrx_word' id='word_1_65' title='bbox 1256 1265 1425 1362; x_wconf 89' lang='lat' dir='ltr'>predicta</span> <span class='ocrx_word' id='word_1_66' title='bbox 1453 1264 1559 1361; x_wconf 91' lang='lat' dir='ltr'>petiit</span> <span class='ocrx_word' id='word_1_67' title='bbox 1587 1263 1739 1339; x_wconf 87' lang='lat' dir='ltr'>eiectio·</span> 
     </span>
     <span class='ocr_line' id='line_1_9' title="bbox 237 1387 1836 1487; baseline 0 -27"><span class='ocrx_word' id='word_1_68' title='bbox 237 1403 324 1462; x_wconf 55' lang='lat' dir='ltr'>‘nem</span> <span class='ocrx_word' id='word_1_69' title='bbox 353 1388 488 1463; x_wconf 87' lang='lat' dir='ltr'>iactam</span> <span class='ocrx_word' id='word_1_70' title='bbox 516 1389 564 1463; x_wconf 91' lang='lat' dir='ltr'>de</span> <span class='ocrx_word' id='word_1_71' title='bbox 593 1391 801 1486; x_wconf 88' lang='lat' dir='ltr'>prescripto</span> <span class='ocrx_word' id='word_1_72' title='bbox 829 1392 1051 1487; x_wconf 90' lang='lat' dir='ltr'>presbytero</span> <span class='ocrx_word' id='word_1_73' title='bbox 1079 1389 1234 1486; x_wconf 87' lang='lat' dir='ltr'>prelatis</span> <span class='ocrx_word' id='word_1_74' title='bbox 1256 1387 1551 1485; x_wconf 88' lang='lat' dir='ltr'>Archiepiscopo</span> <span class='ocrx_word' id='word_1_75' title='bbox 1570 1405 1608 1462; x_wconf 91' lang='lat' dir='ltr'>et</span> <span class='ocrx_word' id='word_1_76' title='bbox 1637 1391 1737 1483; x_wconf 89' lang='lat' dir='ltr'>capi·</span> <span class='ocrx_word' id='word_1_77' title='bbox 1835 1419 1836 1450; x_wconf 78' lang='lat'>1</span> 
     </span>
     <span class='ocr_line' id='line_1_10' title="bbox 240 1493 1737 1612; baseline 0 -28"><span class='ocrx_word' id='word_1_78' title='bbox 240 1493 319 1586; x_wconf 89' lang='lat' dir='ltr'>tulo</span> <span class='ocrx_word' id='word_1_79' title='bbox 348 1515 557 1609; x_wconf 87' lang='lat' dir='ltr'>presentari</span> <span class='ocrx_word' id='word_1_80' title='bbox 583 1530 623 1588; x_wconf 93' lang='lat' dir='ltr'>et</span> <span class='ocrx_word' id='word_1_81' title='bbox 650 1514 836 1588; x_wconf 90' lang='lat' dir='ltr'>silentium</span> <span class='ocrx_word' id='word_1_82' title='bbox 865 1540 978 1610; x_wconf 87' lang='lat' dir='ltr'>super</span> <span class='ocrx_word' id='word_1_83' title='bbox 1005 1515 1077 1588; x_wconf 92' lang='lat' dir='ltr'>hoc</span> <span class='ocrx_word' id='word_1_84' title='bbox 1104 1515 1244 1610; x_wconf 90' lang='lat' dir='ltr'>imponi</span> <span class='ocrx_word' id='word_1_85' title='bbox 1271 1513 1467 1612; x_wconf 89' lang='lat' dir='ltr'>preposito</span> <span class='ocrx_word' id='word_1_86' title='bbox 1494 1529 1533 1588; x_wconf 92' lang='lat' dir='ltr'>et</span> <span class='ocrx_word' id='word_1_87' title='bbox 1551 1513 1737 1586; x_wconf 90' lang='lat' dir='ltr'>canonicis</span> 
     </span>
     <span class='ocr_line' id='line_1_11' title="bbox 238 1639 1737 1737; baseline -0.001 -26"><span class='ocrx_word' id='word_1_88' title='bbox 238 1639 451 1734; x_wconf 89' lang='lat' dir='ltr'>sepedictis.</span> <span class='ocrx_word' id='word_1_89' title='bbox 475 1640 537 1713; x_wconf 79' lang='lat' dir='ltr'>Ad</span> <span class='ocrx_word' id='word_1_90' title='bbox 562 1641 668 1735; x_wconf 92' lang='lat' dir='ltr'>quod</span> <span class='ocrx_word' id='word_1_91' title='bbox 685 1639 754 1714; x_wconf 87' lang='lat' dir='ltr'>luit</span> <span class='ocrx_word' id='word_1_92' title='bbox 781 1666 849 1737; x_wconf 87' lang='lat' dir='ltr'>per</span> <span class='ocrx_word' id='word_1_93' title='bbox 868 1640 1049 1714; x_wconf 91' lang='lat' dir='ltr'>sindicum</span> <span class='ocrx_word' id='word_1_94' title='bbox 1069 1641 1186 1736; x_wconf 91' lang='lat' dir='ltr'>partis</span> <span class='ocrx_word' id='word_1_95' title='bbox 1214 1640 1373 1714; x_wconf 88' lang='lat' dir='ltr'>adverse</span> <span class='ocrx_word' id='word_1_96' title='bbox 1388 1663 1613 1735; x_wconf 88' lang='lat' dir='ltr'>responsum</span> <span class='ocrx_word' id='word_1_97' title='bbox 1633 1639 1737 1733; x_wconf 92' lang='lat' dir='ltr'>quod</span> 
     </span>
     <span class='ocr_line' id='line_1_12' title="bbox 239 1745 1737 1860; baseline -0.001 -25"><span class='ocrx_word' id='word_1_98' title='bbox 239 1762 337 1836; x_wconf 91' lang='lat' dir='ltr'>idem</span> <span class='ocrx_word' id='word_1_99' title='bbox 369 1763 570 1858; x_wconf 91' lang='lat' dir='ltr'>capitulum</span> <span class='ocrx_word' id='word_1_100' title='bbox 595 1765 631 1836; x_wconf 94' lang='lat' dir='ltr'>in</span> <span class='ocrx_word' id='word_1_101' title='bbox 659 1764 881 1860; x_wconf 88' lang='lat' dir='ltr'>probatione</span> <span class='ocrx_word' id='word_1_102' title='bbox 909 1763 1188 1838; x_wconf 88' lang='lat' dir='ltr'>consuetudinis</span> <span class='ocrx_word' id='word_1_103' title='bbox 1215 1762 1403 1837; x_wconf 85' lang='lat' dir='ltr'>deiecerat</span> <span class='ocrx_word' id='word_1_104' title='bbox 1431 1745 1527 1836; x_wconf 85' lang='lat' dir='ltr'>sicut</span> <span class='ocrx_word' id='word_1_105' title='bbox 1563 1777 1737 1835; x_wconf 89' lang='lat' dir='ltr'>constare</span> 
     </span>
     <span class='ocr_line' id='line_1_13' title="bbox 238 1886 1738 1987; baseline -0.001 -27"><span class='ocrx_word' id='word_1_106' title='bbox 238 1903 389 1983; x_wconf 88' lang='lat' dir='ltr'>poterat</span> <span class='ocrx_word' id='word_1_107' title='bbox 416 1913 485 1984; x_wconf 92' lang='lat' dir='ltr'>per</span> <span class='ocrx_word' id='word_1_108' title='bbox 516 1890 615 1962; x_wconf 90' lang='lat' dir='ltr'>dicta</span> <span class='ocrx_word' id='word_1_109' title='bbox 642 1889 795 1964; x_wconf 89' lang='lat' dir='ltr'>testium</span> <span class='ocrx_word' id='word_1_110' title='bbox 823 1890 1102 1987; x_wconf 90' lang='lat' dir='ltr'>productorum.</span> <span class='ocrx_word' id='word_1_111' title='bbox 1135 1888 1317 1986; x_wconf 86' lang='lat' dir='ltr'>Aliegans</span> <span class='ocrx_word' id='word_1_112' title='bbox 1350 1886 1606 1962; x_wconf 90' lang='lat' dir='ltr'>nichilominus</span> <span class='ocrx_word' id='word_1_113' title='bbox 1634 1888 1738 1983; x_wconf 93' lang='lat' dir='ltr'>quod</span> 
     </span>
     <span class='ocr_line' id='line_1_14' title="bbox 240 2011 1738 2112; baseline -0.001 -26"><span class='ocrx_word' id='word_1_114' title='bbox 240 2013 425 2087; x_wconf 85' lang='lat' dir='ltr'>sententia</span> <span class='ocrx_word' id='word_1_115' title='bbox 452 2013 616 2088; x_wconf 91' lang='lat' dir='ltr'>exhibita</span> <span class='ocrx_word' id='word_1_116' title='bbox 634 2014 732 2088; x_wconf 92' lang='lat' dir='ltr'>nulia</span> <span class='ocrx_word' id='word_1_117' title='bbox 760 2031 864 2089; x_wconf 89' lang='lat' dir='ltr'>esset</span> <span class='ocrx_word' id='word_1_118' title='bbox 882 2031 996 2111; x_wconf 92' lang='lat' dir='ltr'>prout</span> <span class='ocrx_word' id='word_1_119' title='bbox 1023 2016 1234 2112; x_wconf 88' lang='lat' dir='ltr'>apparebat</span> <span class='ocrx_word' id='word_1_120' title='bbox 1261 2037 1329 2110; x_wconf 90' lang='lat' dir='ltr'>per</span> <span class='ocrx_word' id='word_1_121' title='bbox 1355 2011 1473 2110; x_wconf 89' lang='lat' dir='ltr'>ipsius</span> <span class='ocrx_word' id='word_1_122' title='bbox 1496 2015 1631 2086; x_wconf 89' lang='lat' dir='ltr'>seriem</span> <span class='ocrx_word' id='word_1_123' title='bbox 1659 2013 1738 2085; x_wconf 90' lang='lat' dir='ltr'>evi-</span> 
     </span>
     <span class='ocr_line' id='line_1_15' title="bbox 239 2135 1737 2236; baseline 0.001 -27"><span class='ocrx_word' id='word_1_124' title='bbox 239 2136 375 2210; x_wconf 90' lang='lat' dir='ltr'>denter</span> <span class='ocrx_word' id='word_1_125' title='bbox 400 2161 512 2212; x_wconf 88' lang='lat' dir='ltr'>exeo</span> <span class='ocrx_word' id='word_1_126' title='bbox 531 2138 671 2213; x_wconf 89' lang='lat' dir='ltr'>scilicet</span> <span class='ocrx_word' id='word_1_127' title='bbox 690 2139 793 2236; x_wconf 90' lang='lat' dir='ltr'>quod</span> <span class='ocrx_word' id='word_1_128' title='bbox 821 2166 904 2213; x_wconf 90' lang='lat' dir='ltr'>cum</span> <span class='ocrx_word' id='word_1_129' title='bbox 923 2163 1036 2212; x_wconf 90' lang='lat' dir='ltr'>causa</span> <span class='ocrx_word' id='word_1_130' title='bbox 1065 2140 1147 2235; x_wconf 89' lang='lat' dir='ltr'>ipsa</span> <span class='ocrx_word' id='word_1_131' title='bbox 1176 2139 1294 2212; x_wconf 91' lang='lat' dir='ltr'>tribus</span> <span class='ocrx_word' id='word_1_132' title='bbox 1323 2138 1522 2212; x_wconf 86' lang='lat' dir='ltr'>commissa</span> <span class='ocrx_word' id='word_1_133' title='bbox 1550 2135 1683 2211; x_wconf 86' lang='lat' dir='ltr'>luisset</span> <span class='ocrx_word' id='word_1_134' title='bbox 1715 2163 1737 2210; x_wconf 88' lang='lat' dir='ltr'>a</span> 
     </span>
     <span class='ocr_line' id='line_1_16' title="bbox 239 2262 974 2362; baseline 0.006 -28"><span class='ocrx_word' id='word_1_135' title='bbox 239 2262 387 2336; x_wconf 92' lang='lat' dir='ltr'>duobus</span> <span class='ocrx_word' id='word_1_136' title='bbox 415 2262 483 2335; x_wconf 84' lang='lat' dir='ltr'>suit</span> <span class='ocrx_word' id='word_1_137' title='bbox 511 2265 698 2337; x_wconf 89' lang='lat' dir='ltr'>sententia</span> <span class='ocrx_word' id='word_1_138' title='bbox 726 2265 1027 2362; x_wconf 84' lang='lat' dir='ltr'>promulgata.</span> 
     </span>
    </p>

    <p class='ocr_par' dir='ltr' id='par_1_3' title="bbox 238 2386 1737 2735">
     <span class='ocr_line' id='line_1_17' title="bbox 319 2386 1737 2485; baseline -0.001 -25"><span class='ocrx_word' id='word_1_139' title='bbox 319 2386 547 2484; x_wconf 85' lang='lat' dir='ltr'>Capelianus</span> <span class='ocrx_word' id='word_1_140' title='bbox 576 2414 665 2463; x_wconf 90' lang='lat' dir='ltr'>vero</span> <span class='ocrx_word' id='word_1_141' title='bbox 693 2389 882 2485; x_wconf 88' lang='lat' dir='ltr'>predictus</span> <span class='ocrx_word' id='word_1_142' title='bbox 910 2389 1114 2463; x_wconf 90' lang='lat' dir='ltr'>rationibus</span> <span class='ocrx_word' id='word_1_143' title='bbox 1142 2389 1337 2483; x_wconf 88' lang='lat' dir='ltr'>utriusque</span> <span class='ocrx_word' id='word_1_144' title='bbox 1366 2389 1483 2483; x_wconf 88' lang='lat' dir='ltr'>partis</span> <span class='ocrx_word' id='word_1_145' title='bbox 1510 2387 1658 2472; x_wconf 89' lang='lat' dir='ltr'>auditis,</span> <span class='ocrx_word' id='word_1_146' title='bbox 1689 2389 1737 2459; x_wconf 91' lang='lat' dir='ltr'>de</span> 
     </span>
     <span class='ocr_line' id='line_1_18' title="bbox 238 2513 1736 2610; baseline 0 -26"><span class='ocrx_word' id='word_1_147' title='bbox 238 2514 417 2589; x_wconf 90' lang='lat' dir='ltr'>mandato</span> <span class='ocrx_word' id='word_1_148' title='bbox 444 2530 576 2588; x_wconf 92' lang='lat' dir='ltr'>nostro</span> <span class='ocrx_word' id='word_1_149' title='bbox 603 2515 730 2588; x_wconf 91' lang='lat' dir='ltr'>habito</span> <span class='ocrx_word' id='word_1_150' title='bbox 764 2515 917 2588; x_wconf 88' lang='lat' dir='ltr'>consilio</span> <span class='ocrx_word' id='word_1_151' title='bbox 953 2514 1175 2588; x_wconf 90' lang='lat' dir='ltr'>venerabilis</span> <span class='ocrx_word' id='word_1_152' title='bbox 1204 2514 1326 2587; x_wconf 86' lang='lat' dir='ltr'>fratris</span> <span class='ocrx_word' id='word_1_153' title='bbox 1355 2514 1472 2588; x_wconf 91' lang='lat' dir='ltr'>nostri</span> <span class='ocrx_word' id='word_1_154' title='bbox 1560 2513 1736 2610; x_wconf 87' lang='lat' dir='ltr'>Episcopi</span> 
     </span>
     <span class='ocr_line' id='line_1_19' title="bbox 238 2636 1736 2735; baseline 0.001 -26"><span class='ocrx_word' id='word_1_155' title='bbox 238 2636 422 2714; x_wconf 79' lang='lat' dir='ltr'>Albanen.</span> <span class='ocrx_word' id='word_1_156' title='bbox 452 2655 491 2712; x_wconf 91' lang='lat' dir='ltr'>et</span> <span class='ocrx_word' id='word_1_157' title='bbox 518 2639 673 2713; x_wconf 89' lang='lat' dir='ltr'>aliorum</span> <span class='ocrx_word' id='word_1_158' title='bbox 702 2639 940 2735; x_wconf 92' lang='lat' dir='ltr'>prudentium</span> <span class='ocrx_word' id='word_1_159' title='bbox 969 2640 1179 2735; x_wconf 82' lang='lat' dir='ltr'>sepefatum</span> <span class='ocrx_word' id='word_1_160' title='bbox 1207 2639 1388 2711; x_wconf 92' lang='lat' dir='ltr'>sindicum</span> <span class='ocrx_word' id='word_1_161' title='bbox 1416 2636 1573 2711; x_wconf 87' lang='lat' dir='ltr'>ecclesie</span> <span class='ocrx_word' id='word_1_162' title='bbox 1608 2653 1736 2711; x_wconf 90' lang='lat' dir='ltr'>sancte</span> 
     </span>
    </p>
   </div>
   <div class='ocr_carea' id='block_1_3' title="bbox 121 2761 1737 2862">
    <p class='ocr_par' dir='ltr' id='par_1_4' title="bbox 121 2761 1737 2862">
     <span class='ocr_line' id='line_1_20' title="bbox 121 2761 1737 2862; baseline 0.001 -28"><span class='ocrx_word' id='word_1_163' title='bbox 121 2785 126 2792; x_wconf 91' lang='lat'>·</span> <span class='ocrx_word' id='word_1_164' title='bbox 237 2761 357 2836; x_wconf 90' lang='lat' dir='ltr'>Marie</span> <span class='ocrx_word' id='word_1_165' title='bbox 372 2764 419 2836; x_wconf 91' lang='lat' dir='ltr'>de</span> <span class='ocrx_word' id='word_1_166' title='bbox 439 2764 566 2851; x_wconf 86' lang='lat' dir='ltr'>vineis,</span> <span class='ocrx_word' id='word_1_167' title='bbox 587 2764 705 2862; x_wconf 91' lang='lat' dir='ltr'>ipsius</span> <span class='ocrx_word' id='word_1_168' title='bbox 724 2765 879 2838; x_wconf 87' lang='lat' dir='ltr'>ecclesie</span> <span class='ocrx_word' id='word_1_169' title='bbox 898 2766 1058 2850; x_wconf 88' lang='lat' dir='ltr'>nomine,</span> <span class='ocrx_word' id='word_1_170' title='bbox 1081 2763 1354 2844; x_wconf 86' lang='lat' dir='ltr'>sententialiter</span> <span class='ocrx_word' id='word_1_171' title='bbox 1371 2762 1532 2836; x_wconf 90' lang='lat' dir='ltr'>absolvit</span> <span class='ocrx_word' id='word_1_172' title='bbox 1550 2764 1599 2837; x_wconf 92' lang='lat' dir='ltr'>ab</span> <span class='ocrx_word' id='word_1_173' title='bbox 1618 2761 1737 2858; x_wconf 89' lang='lat' dir='ltr'>impe-</span> 
     </span>
    </p>
   </div>
   <div class='ocr_carea' id='block_1_4' title="bbox 236 2889 1740 3730">
    <p class='ocr_par' dir='ltr' id='par_1_5' title="bbox 239 2889 790 2986">
     <span class='ocr_line' id='line_1_21' title="bbox 239 2889 790 2986; baseline 0.011 -27"><span class='ocrx_word' id='word_1_174' title='bbox 239 2889 369 2960; x_wconf 89' lang='lat' dir='ltr'>titione</span> <span class='ocrx_word' id='word_1_175' title='bbox 397 2889 547 2985; x_wconf 89' lang='lat' dir='ltr'>capituli</span> <span class='ocrx_word' id='word_1_176' title='bbox 576 2890 790 2986; x_wconf 90' lang='lat' dir='ltr'>supradicti.</span> 
     </span>
    </p>

    <p class='ocr_par' dir='ltr' id='par_1_6' title="bbox 236 3011 1740 3730">
     <span class='ocr_line' id='line_1_22' title="bbox 320 3011 1738 3106; baseline 0.001 -22"><span class='ocrx_word' id='word_1_177' title='bbox 320 3011 437 3086; x_wconf 91' lang='lat' dir='ltr'>Cuius</span> <span class='ocrx_word' id='word_1_178' title='bbox 456 3015 679 3088; x_wconf 88' lang='lat' dir='ltr'>sententiam</span> <span class='ocrx_word' id='word_1_179' title='bbox 708 3040 777 3087; x_wconf 90' lang='lat' dir='ltr'>nos</span> <span class='ocrx_word' id='word_1_180' title='bbox 797 3031 916 3088; x_wconf 91' lang='lat' dir='ltr'>ratam</span> <span class='ocrx_word' id='word_1_181' title='bbox 945 3015 1128 3088; x_wconf 90' lang='lat' dir='ltr'>habentes</span> <span class='ocrx_word' id='word_1_182' title='bbox 1142 3030 1180 3086; x_wconf 89' lang='lat' dir='ltr'>et</span> <span class='ocrx_word' id='word_1_183' title='bbox 1198 3013 1352 3099; x_wconf 85' lang='lat' dir='ltr'>firmam,</span> <span class='ocrx_word' id='word_1_184' title='bbox 1375 3014 1494 3106; x_wconf 90' lang='lat' dir='ltr'>ipsam</span> <span class='ocrx_word' id='word_1_185' title='bbox 1513 3013 1738 3086; x_wconf 90' lang='lat' dir='ltr'>auctoritate</span> 
     </span>
     <span class='ocr_line' id='line_1_23' title="bbox 237 3136 1740 3235; baseline 0.001 -28"><span class='ocrx_word' id='word_1_186' title='bbox 237 3136 445 3231; x_wconf 88' lang='lat' dir='ltr'>apostolica</span> <span class='ocrx_word' id='word_1_187' title='bbox 463 3138 743 3214; x_wconf 85' lang='lat' dir='ltr'>confirmamus:</span> <span class='ocrx_word' id='word_1_188' title='bbox 764 3141 939 3235; x_wconf 89' lang='lat' dir='ltr'>quocirca</span> <span class='ocrx_word' id='word_1_189' title='bbox 957 3139 1171 3212; x_wconf 88' lang='lat' dir='ltr'>discretioni</span> <span class='ocrx_word' id='word_1_190' title='bbox 1190 3153 1316 3210; x_wconf 87' lang='lat' dir='ltr'>vestre</span> <span class='ocrx_word' id='word_1_191' title='bbox 1403 3137 1625 3211; x_wconf 89' lang='lat' dir='ltr'>mandamus</span> <span class='ocrx_word' id='word_1_192' title='bbox 1648 3160 1740 3232; x_wconf 89' lang='lat' dir='ltr'>qua-</span> 
     </span>
     <span class='ocr_line' id='line_1_24' title="bbox 239 3261 1739 3357; baseline 0 -24"><span class='ocrx_word' id='word_1_193' title='bbox 239 3278 348 3335; x_wconf 89' lang='lat' dir='ltr'>tenus</span> <span class='ocrx_word' id='word_1_194' title='bbox 362 3264 466 3357; x_wconf 92' lang='lat' dir='ltr'>quod</span> <span class='ocrx_word' id='word_1_195' title='bbox 480 3289 502 3337; x_wconf 91' lang='lat' dir='ltr'>a</span> <span class='ocrx_word' id='word_1_196' title='bbox 518 3264 589 3338; x_wconf 89' lang='lat' dir='ltr'>iam</span> <span class='ocrx_word' id='word_1_197' title='bbox 606 3266 705 3339; x_wconf 91' lang='lat' dir='ltr'>dicto</span> <span class='ocrx_word' id='word_1_198' title='bbox 718 3266 955 3339; x_wconf 90' lang='lat' dir='ltr'>Subdiacono</span> <span class='ocrx_word' id='word_1_199' title='bbox 970 3279 1029 3338; x_wconf 92' lang='lat' dir='ltr'>est</span> <span class='ocrx_word' id='word_1_200' title='bbox 1043 3263 1314 3338; x_wconf 86' lang='lat' dir='ltr'>sententialiter</span> <span class='ocrx_word' id='word_1_201' title='bbox 1328 3261 1523 3336; x_wconf 87' lang='lat' dir='ltr'>diffinitum</span> <span class='ocrx_word' id='word_1_202' title='bbox 1539 3279 1577 3335; x_wconf 92' lang='lat' dir='ltr'>et</span> <span class='ocrx_word' id='word_1_203' title='bbox 1591 3287 1613 3336; x_wconf 91' lang='lat' dir='ltr'>a</span> <span class='ocrx_word' id='word_1_204' title='bbox 1629 3263 1739 3335; x_wconf 89' lang='lat' dir='ltr'>nobis</span> 
     </span>
     <span class='ocr_line' id='line_1_25' title="bbox 238 3381 1738 3480; baseline 0.001 -22"><span class='ocrx_word' id='word_1_205' title='bbox 238 3388 480 3480; x_wconf 91' lang='lat' dir='ltr'>postmodum</span> <span class='ocrx_word' id='word_1_206' title='bbox 508 3389 777 3476; x_wconf 86' lang='lat' dir='ltr'>confirmatum,</span> <span class='ocrx_word' id='word_1_207' title='bbox 808 3390 950 3464; x_wconf 89' lang='lat' dir='ltr'>laciatis</span> <span class='ocrx_word' id='word_1_208' title='bbox 1027 3389 1181 3463; x_wconf 84' lang='lat' dir='ltr'>firmiter</span> <span class='ocrx_word' id='word_1_209' title='bbox 1210 3381 1414 3462; x_wconf 78' lang='lat' dir='ltr'>obserrlari.</span> <span class='ocrx_word' id='word_1_210' title='bbox 1444 3387 1584 3460; x_wconf 89' lang='lat' dir='ltr'>Datum</span> <span class='ocrx_word' id='word_1_211' title='bbox 1615 3387 1738 3459; x_wconf 90' lang='lat' dir='ltr'>Rome</span> 
     </span>
     <span class='ocr_line' id='line_1_26' title="bbox 236 3511 1738 3609; baseline 0.003 -28"><span class='ocrx_word' id='word_1_212' title='bbox 236 3511 337 3606; x_wconf 89' lang='lat' dir='ltr'>apud</span> <span class='ocrx_word' id='word_1_213' title='bbox 375 3529 547 3587; x_wconf 89' lang='lat' dir='ltr'>sanctum</span> <span class='ocrx_word' id='word_1_214' title='bbox 587 3515 736 3588; x_wconf 89' lang='lat' dir='ltr'>Petrum</span> <span class='ocrx_word' id='word_1_215' title='bbox 769 3537 822 3587; x_wconf 90' lang='lat' dir='ltr'>vu</span> <span class='ocrx_word' id='word_1_216' title='bbox 857 3514 929 3591; x_wconf 88' lang='lat' dir='ltr'>kal.</span> <span class='ocrx_word' id='word_1_217' title='bbox 965 3513 1177 3588; x_wconf 90' lang='lat' dir='ltr'>decembris</span> <span class='ocrx_word' id='word_1_218' title='bbox 1212 3511 1451 3609; x_wconf 86' lang='lat' dir='ltr'>pontificatus</span> <span class='ocrx_word' id='word_1_219' title='bbox 1485 3511 1601 3585; x_wconf 89' lang='lat' dir='ltr'>nostri</span> <span class='ocrx_word' id='word_1_220' title='bbox 1637 3535 1738 3585; x_wconf 93' lang='lat' dir='ltr'>anno</span> 
     </span>
     <span class='ocr_line' id='line_1_27' title="bbox 240 3659 372 3730; baseline 0.038 -25"><span class='ocrx_word' id='word_1_221' title='bbox 240 3659 372 3730; x_wconf 76' lang='lat' dir='ltr'>primo,</span> 
     </span>
    </p>
   </div>
   <div class='ocr_carea' id='block_1_5' title="bbox 966 3957 1026 4034">
    <p class='ocr_par' dir='ltr' id='par_1_7' title="bbox 966 3957 1026 4034">
     <span class='ocr_line' id='line_1_28' title="bbox 966 3957 1026 4034; baseline 0.017 -1"><span class='ocrx_word' id='word_1_222' title='bbox 966 3957 1026 4034; x_wconf 88' lang='lat'>16.</span> 
     </span>
    </p>
   </div>
   <div class='ocr_carea' id='block_1_6' title="bbox 240 4183 1737 4410">
    <p class='ocr_par' dir='ltr' id='par_1_8' title="bbox 240 4183 1737 4410">
     <span class='ocr_line' id='line_1_29' title="bbox 240 4183 1737 4286; baseline 0.003 -29"><span class='ocrx_word' id='word_1_223' title='bbox 240 4185 433 4257; x_wconf 78' lang='lat' dir='ltr'>Honorius</span> <span class='ocrx_word' id='word_1_224' title='bbox 452 4184 525 4258; x_wconf 83' lang='lat' dir='ltr'>Ill</span> <span class='ocrx_word' id='word_1_225' title='bbox 549 4184 732 4270; x_wconf 67' lang='lat' dir='ltr'>Gratiam,</span> <span class='ocrx_word' id='word_1_226' title='bbox 767 4183 1004 4286; x_wconf 77' lang='lat' dir='ltr'>Capellanum</span> <span class='ocrx_word' id='word_1_227' title='bbox 1030 4212 1149 4275; x_wconf 76' lang='lat' dir='ltr'>suum,</span> <span class='ocrx_word' id='word_1_228' title='bbox 1180 4189 1224 4262; x_wconf 85' lang='lat' dir='ltr'>ab</span> <span class='ocrx_word' id='word_1_229' title='bbox 1253 4189 1457 4262; x_wconf 80' lang='lat' dir='ltr'>Innocentio</span> <span class='ocrx_word' id='word_1_230' title='bbox 1484 4188 1558 4262; x_wconf 84' lang='lat' dir='ltr'>Ill</span> <span class='ocrx_word' id='word_1_231' title='bbox 1583 4199 1619 4261; x_wconf 84' lang='lat' dir='ltr'>et</span> <span class='ocrx_word' id='word_1_232' title='bbox 1648 4215 1672 4262; x_wconf 86' lang='lat' dir='ltr'>a</span> <span class='ocrx_word' id='word_1_233' title='bbox 1700 4216 1737 4262; x_wconf 82' lang='lat' dir='ltr'>se</span> 
     </span>
     <span class='ocr_line' id='line_1_30' title="bbox 321 4311 1266 4410; baseline 0.008 -30"><span class='ocrx_word' id='word_1_234' title='bbox 321 4335 520 4381; x_wconf 85' lang='lat' dir='ltr'>concessum</span> <span class='ocrx_word' id='word_1_235' title='bbox 548 4311 776 4396; x_wconf 67' lang='lat' dir='ltr'>Andetrium,</span> <span class='ocrx_word' id='word_1_236' title='bbox 808 4314 1039 4410; x_wconf 74' lang='lat' dir='ltr'>Magistrum</span> <span class='ocrx_word' id='word_1_237' title='bbox 1061 4313 1266 4410; x_wconf 62' lang='lat' dir='ltr'>praeditat.</span> 
     </span>
    </p>
   </div>
   <div class='ocr_carea' id='block_1_7' title="bbox 317 4489 1535 4572">
    <p class='ocr_par' dir='ltr' id='par_1_9' title="bbox 317 4489 1535 4572">
     <span class='ocr_line' id='line_1_31' title="bbox 317 4489 1535 4572; baseline 0.006 -25"><span class='ocrx_word' id='word_1_238' title='bbox 317 4489 411 4563; x_wconf 76' lang='lat' dir='ltr'>(Rae.</span> <span class='ocrx_word' id='word_1_239' title='bbox 430 4489 524 4564; x_wconf 74' lang='lat' dir='ltr'>Van,</span> <span class='ocrx_word' id='word_1_240' title='bbox 542 4492 741 4568; x_wconf 65' lang='lat' dir='ltr'>9,fol.110r,</span> <span class='ocrx_word' id='word_1_241' title='bbox 759 4511 849 4556; x_wconf 86' lang='lat' dir='ltr'>anno</span> <span class='ocrx_word' id='word_1_242' title='bbox 867 4496 895 4570; x_wconf 87' lang='lat' dir='ltr'>I,</span> <span class='ocrx_word' id='word_1_243' title='bbox 912 4503 982 4570; x_wconf 82' lang='lat' dir='ltr'>cap.</span> <span class='ocrx_word' id='word_1_244' title='bbox 1002 4496 1130 4557; x_wconf 88' lang='lat' dir='ltr'><strong><em>CCCCL</em></strong></span> <span class='ocrx_word' id='word_1_245' title='bbox 1140 4497 1179 4560; x_wconf 84' lang='lat' dir='ltr'>V:</span> <span class='ocrx_word' id='word_1_246' title='bbox 1197 4498 1383 4572; x_wconf 75' lang='lat' dir='ltr'>Pnassumr,</span> <span class='ocrx_word' id='word_1_247' title='bbox 1401 4515 1434 4556; x_wconf 86' lang='lat' dir='ltr'>n.</span> <span class='ocrx_word' id='word_1_248' title='bbox 1453 4498 1535 4569; x_wconf 83' lang='lat'><strong><em>591).</em></strong></span> 
     </span>
    </p>
   </div>
   <div class='ocr_carea' id='block_1_8' title="bbox 1291 4665 1734 4743">
    <p class='ocr_par' dir='ltr' id='par_1_10' title="bbox 1291 4665 1734 4743">
     <span class='ocr_line' id='line_1_32' title="bbox 1291 4665 1734 4743; baseline 0 -17"><span class='ocrx_word' id='word_1_249' title='bbox 1291 4665 1368 4741; x_wconf 88' lang='lat'>1217,</span> <span class='ocrx_word' id='word_1_250' title='bbox 1389 4667 1466 4726; x_wconf 87' lang='lat' dir='ltr'>maii</span> <span class='ocrx_word' id='word_1_251' title='bbox 1484 4667 1529 4742; x_wconf 75' lang='lat'>26,</span> <span class='ocrx_word' id='word_1_252' title='bbox 1548 4667 1734 4743; x_wconf 84' lang='lat' dir='ltr'>Anagniae.</span> 
     </span>
    </p>
   </div>
   <div class='ocr_carea' id='block_1_9' title="bbox 238 4875 1741 5107">
    <p class='ocr_par' dir='ltr' id='par_1_11' title="bbox 238 4875 1741 5107">
     <span class='ocr_line' id='line_1_33' title="bbox 320 4875 1736 4982; baseline 0.006 -32"><span class='ocrx_word' id='word_1_253' title='bbox 320 4933 434 4951; x_wconf 92' lang='grc'><strong>.....</strong></span> <span class='ocrx_word' id='word_1_254' title='bbox 474 4875 631 4950; x_wconf 90' lang='lat' dir='ltr'>dilectus</span> <span class='ocrx_word' id='word_1_255' title='bbox 663 4875 758 4949; x_wconf 90' lang='lat' dir='ltr'>filius</span> <span class='ocrx_word' id='word_1_256' title='bbox 794 4875 840 4952; x_wconf 91' lang='lat' dir='ltr'>N.</span> <span class='ocrx_word' id='word_1_257' title='bbox 881 4877 1132 4955; x_wconf 90' lang='lat' dir='ltr'>subdiaconus</span> <span class='ocrx_word' id='word_1_258' title='bbox 1167 4885 1366 4956; x_wconf 89' lang='lat' dir='ltr'>canonicus</span> <span class='ocrx_word' id='word_1_259' title='bbox 1402 4883 1595 4980; x_wconf 89' lang='lat' dir='ltr'>Spalaten‚</span> <span class='ocrx_word' id='word_1_260' title='bbox 1633 4889 1736 4982; x_wconf 88' lang='lat' dir='ltr'>apud</span> 
     </span>
     <span class='ocr_line' id='line_1_34' title="bbox 238 5002 1741 5107; baseline 0.007 -33"><span class='ocrx_word' id='word_1_261' title='bbox 238 5002 368 5074; x_wconf 90' lang='lat' dir='ltr'>sedem</span> <span class='ocrx_word' id='word_1_262' title='bbox 397 5004 643 5096; x_wconf 91' lang='lat' dir='ltr'>apostolicam</span> <span class='ocrx_word' id='word_1_263' title='bbox 680 5003 916 5091; x_wconf 88' lang='lat' dir='ltr'>constitutus,</span> <span class='ocrx_word' id='word_1_264' title='bbox 946 5031 1069 5080; x_wconf 82' lang='lat' dir='ltr'>coram</span> <span class='ocrx_word' id='word_1_265' title='bbox 1096 5007 1221 5082; x_wconf 82' lang='lat' dir='ltr'>dilecto</span> <span class='ocrx_word' id='word_1_266' title='bbox 1237 5010 1327 5104; x_wconf 81' lang='lat' dir='ltr'>filio</span> <span class='ocrx_word' id='word_1_267' title='bbox 1362 5010 1553 5107; x_wconf 64' lang='lat' dir='ltr'>Magistro</span> <span class='ocrx_word' id='word_1_268' title='bbox 1583 5010 1741 5098; x_wconf 59' lang='lat' dir='ltr'>Gratrir,</span> 
     </span>
    </p>
   </div>
   <div class='ocr_carea' id='block_1_10' title="bbox 236 5122 1737 5480">
    <p class='ocr_par' dir='ltr' id='par_1_12' title="bbox 236 5122 1737 5480">
     <span class='ocr_line' id='line_1_35' title="bbox 242 5122 1737 5233; baseline 0.004 -29"><span class='ocrx_word' id='word_1_269' title='bbox 242 5122 441 5226; x_wconf 72' lang='lat' dir='ltr'>Capellam</span> <span class='ocrx_word' id='word_1_270' title='bbox 468 5138 601 5214; x_wconf 84' lang='lat' dir='ltr'>nostro,</span> <span class='ocrx_word' id='word_1_271' title='bbox 623 5128 691 5201; x_wconf 90' lang='lat' dir='ltr'>sibi</span> <span class='ocrx_word' id='word_1_272' title='bbox 719 5153 741 5202; x_wconf 90' lang='lat' dir='ltr'>a</span> <span class='ocrx_word' id='word_1_273' title='bbox 769 5129 866 5203; x_wconf 90' lang='lat' dir='ltr'>bone</span> <span class='ocrx_word' id='word_1_274' title='bbox 885 5153 956 5205; x_wconf 93' lang='lat' dir='ltr'>me.</span> <span class='ocrx_word' id='word_1_275' title='bbox 977 5130 1005 5226; x_wconf 88' lang='lat' dir='ltr'>J.</span> <span class='ocrx_word' id='word_1_276' title='bbox 1027 5155 1090 5228; x_wconf 91' lang='lat' dir='ltr'>pp.</span> <span class='ocrx_word' id='word_1_277' title='bbox 1112 5135 1383 5228; x_wconf 87' lang='lat' dir='ltr'>predecessore</span> <span class='ocrx_word' id='word_1_278' title='bbox 1411 5148 1541 5208; x_wconf 91' lang='lat' dir='ltr'>nostro</span> <span class='ocrx_word' id='word_1_279' title='bbox 1572 5154 1611 5210; x_wconf 92' lang='lat' dir='ltr'>et</span> <span class='ocrx_word' id='word_1_280' title='bbox 1636 5154 1737 5233; x_wconf 92' lang='lat' dir='ltr'>post-</span> 
     </span>
     <span class='ocr_line' id='line_1_36' title="bbox 238 5251 1736 5355; baseline 0.008 -32"><span class='ocrx_word' id='word_1_281' title='bbox 238 5251 391 5324; x_wconf 92' lang='lat' dir='ltr'>modum</span> <span class='ocrx_word' id='word_1_282' title='bbox 420 5277 443 5324; x_wconf 92' lang='lat' dir='ltr'>a</span> <span class='ocrx_word' id='word_1_283' title='bbox 462 5254 569 5326; x_wconf 93' lang='lat' dir='ltr'>nobis</span> <span class='ocrx_word' id='word_1_284' title='bbox 589 5253 775 5327; x_wconf 86' lang='lat' dir='ltr'>Auditore</span> <span class='ocrx_word' id='word_1_285' title='bbox 798 5277 988 5340; x_wconf 86' lang='lat' dir='ltr'>concesso,</span> <span class='ocrx_word' id='word_1_286' title='bbox 1005 5260 1204 5353; x_wconf 91' lang='lat' dir='ltr'>proposuit</span> <span class='ocrx_word' id='word_1_287' title='bbox 1221 5259 1325 5355; x_wconf 92' lang='lat' dir='ltr'>quod</span> <span class='ocrx_word' id='word_1_288' title='bbox 1345 5276 1415 5333; x_wconf 89' lang='lat' dir='ltr'>etc.</span> <span class='ocrx_word' id='word_1_289' title='bbox 1448 5319 1560 5337; x_wconf 91' lang='grc'><strong>.....</strong></span> <span class='ocrx_word' id='word_1_290' title='bbox 1594 5261 1736 5335; x_wconf 90' lang='lat' dir='ltr'>Datum</span> 
     </span>
     <span class='ocr_line' id='line_1_37' title="bbox 236 5376 1412 5480; baseline 0.008 -32"><span class='ocrx_word' id='word_1_291' title='bbox 236 5376 412 5475; x_wconf 82' lang='lat' dir='ltr'>Anagnie</span> <span class='ocrx_word' id='word_1_292' title='bbox 441 5399 494 5448; x_wconf 88' lang='lat' dir='ltr'>vu</span> <span class='ocrx_word' id='word_1_293' title='bbox 523 5377 595 5452; x_wconf 90' lang='lat' dir='ltr'>kal.</span> <span class='ocrx_word' id='word_1_294' title='bbox 626 5378 712 5450; x_wconf 90' lang='lat' dir='ltr'>iunii</span> <span class='ocrx_word' id='word_1_295' title='bbox 740 5377 978 5473; x_wconf 89' lang='lat' dir='ltr'>pontificatus</span> <span class='ocrx_word' id='word_1_296' title='bbox 1007 5381 1126 5455; x_wconf 90' lang='lat' dir='ltr'>nostri</span> <span class='ocrx_word' id='word_1_297' title='bbox 1154 5407 1252 5455; x_wconf 89' lang='lat' dir='ltr'>anno</span> <span class='ocrx_word' id='word_1_298' title='bbox 1280 5383 1412 5480; x_wconf 91' lang='lat' dir='ltr'>primo.</span> 
     </span>
    </p>
   </div>
   <div class='ocr_carea' id='block_1_11' title="bbox 0 0 1848 5924">
    <p class='ocr_par' dir='ltr' id='par_1_13' title="bbox 0 0 1848 5924">
     <span class='ocr_line' id='line_1_38' title="bbox 0 0 1848 5924; baseline 0 0"><span class='ocrx_word' id='word_1_299' title='bbox 0 0 1848 5924; x_wconf 95' lang='lat' dir='ltr'> </span> 
     </span>
    </p>
   </div>
  </div>
 </body>
</html>
