3748 5914
715 339 882 398 Clemente
903 339 986 398 VIII
1543 345 1599 406 319

177 535 241 621 46.
273 529 422 605 Deinde
440 515 569 605 actumx
584 531 633 605 de
652 533 838 608 Auditore
857 532 1059 634 deligendo
1078 551 1117 610 et
1136 539 1399 612 substituendo
1419 540 1454 612 in
1474 539 1596 614 locum

91 653 162 727 bo:
203 679 285 728 me:
325 653 471 728 Camilli
507 655 715 754 Peregrini;
744 682 815 754 pro
843 683 987 754 quare
1021 677 1081 733 est
1109 662 1399 749 observandum,
1431 663 1598 761 Rempu-

91 777 229 850 blicam
257 777 444 852 Venetam
472 805 519 853 ex
548 779 772 876 Apostolico
801 781 1000 882 Privilegio
1027 784 1167 858 habere
1196 811 1309 860 unum
1340 787 1462 860 Rotae
1483 789 1597 862 Audi-

90 918 239 1002 torem:
258 903 388 1000 itaque
416 929 484 1002 per
511 905 654 979 obitum
674 905 864 1004 Peregrini
884 909 1088 982 nominavit
1108 928 1272 1006 quatuor
1290 913 1476 999 doctores,
1499 912 1598 986 vidc-

90 1028 180 1099 licet
209 1029 253 1101 R.
277 1028 314 1103 P.
337 1027 386 1101 D.
417 1028 712 1128 Martinengum‚
742 1031 787 1106 R.
806 1031 845 1106 P.
863 1031 910 1106 D.
933 1033 1158 1120 Prezzatum,
1191 1035 1235 1110 R.
1259 1036 1299 1113 P.
1322 1036 1369 1111 D.
1394 1035 1596 1111 Coccinum

90 1169 132 1226 et
160 1153 352 1250 quendam
380 1153 588 1230 Ductorem
617 1155 778 1229 Zoncam
805 1157 870 1252 qui
899 1157 1039 1230 Patavii
1068 1159 1316 1254 profitebatur
1343 1161 1404 1235 lus
1434 1161 1597 1235 Canoni-

90 1303 191 1352 cum.
222 1277 329 1351 Ssrirs
360 1277 408 1354 D.
439 1278 486 1354 N.
518 1279 620 1377 Papa
639 1279 816 1354 Clemens
836 1281 1007 1356 Octavus
1027 1283 1097 1356 hoc
1117 1286 1253 1358 eodem
1282 1311 1412 1360 mense
1436 1305 1597 1383 septem·

89 1403 170 1476 bris
190 1425 260 1498 per
280 1400 516 1477 Cardinalem
537 1404 862 1479 Aldobrandinum
883 1406 1072 1503 Nepotem
1093 1434 1202 1481 suum
1224 1409 1373 1506 scriptis
1395 1411 1530 1486 Literis
1549 1413 1598 1484 ad

92 1528 138 1601 R.
172 1527 213 1598 P.
244 1525 293 1600 D.
324 1527 582 1625 Seraphinum,
614 1530 737 1603 Rotae
768 1529 972 1617 Decanum,
995 1532 1225 1630 significavit,
1249 1559 1290 1608 se
1309 1535 1505 1654 Apditoris
1525 1536 1598 1610 ele-

91 1654 257 1726 ctionem
287 1652 409 1726 Rotae
438 1653 575 1727 Iudicio
599 1655 844 1742 committere,
866 1671 905 1729 et
924 1671 1127 1754 propterea
1147 1659 1182 1730 in
1203 1659 1272 1732 hac
1293 1657 1598 1758 Congregatione

91 1777 215 1852 Nobis
231 1779 278 1851 de
297 1777 369 1850 hoc
388 1779 488 1852 serio
502 1777 704 1877 agentibus
721 1780 840 1853 visum
855 1795 915 1854 est
930 1767 1211 1857 rescribendum
1231 1784 1347 1859 luisse
1366 1787 1414 1859 ad
1434 1786 1597 1860 eundem

92 1901 336 1977 Cardinalem
364 1901 698 1992 Aldobrandinum,
731 1905 926 1980 Ferrariae
963 1932 1047 1980 cum
1085 1907 1163 1982 Sua
1195 1907 1404 1984 Sanctitate
1432 1935 1598 1985 commo-

91 2044 253 2114 rantem,
285 2053 363 2102 rem
391 2028 510 2103 visam
539 2028 652 2103 luisse
680 2031 789 2105 nobis
816 2056 973 2128 gravem
1001 2059 1085 2105 cum
1114 2050 1295 2130 ageretur
1322 2036 1370 2108 de
1398 2037 1595 2124 Auditore,

91 2152 258 2226 maximo
285 2154 587 2250 gravissimoque
615 2153 807 2228 Tribunali
836 2155 1098 2252 praeficiend0,
1129 2173 1168 2231 et
1196 2174 1400 2255 propterea
1419 2184 1503 2234 cum
1523 2185 1599 2234 non

91 2277 328 2373 potuerimus
354 2278 391 2352 in
420 2295 524 2353 tanta
552 2281 734 2376 temporis
764 2282 947 2355 brevitate
975 2298 1152 2356 excutere
1179 2283 1313 2357 merita
1350 2285 1594 2383 singulorum,

90 2402 275 2500 longioris
303 2404 484 2500 temporis
512 2403 677 2499 spatium
705 2430 791 2479 esse
828 2407 1081 2480 necessarium
1119 2406 1169 2480 ad
1206 2433 1290 2482 eam
1319 2408 1597 2504 inquisitionem

92 2527 314 2601 faciendam.

177 2673 239 2744 47.
272 2651 321 2725 Et
348 2655 525 2748 quoniam
546 2653 595 2728 D.
618 2653 827 2728 Cardinalis
846 2654 1154 2730 Aldobrandinus
1173 2673 1376 2755 postquam
1395 2658 1598 2755 scripserat

92 2777 242 2850 Literas
262 2779 410 2851 nomine
429 2777 530 2852 Suae
550 2779 766 2853 Sanctitatis
786 2780 923 2876 quibus
941 2781 1050 2856 nobis
1078 2782 1297 2880 iniungebat
1315 2799 1357 2857 ut
1374 2783 1496 2881 magis
1517 2784 1598 2858 ido-

92 2927 206 2976 neum
234 2900 471 3000 eligeremus,
493 2902 585 2978 alias
613 2927 744 2978 rursus
763 2904 910 2979 Literas
939 2907 988 2979 ad
1016 2905 1185 3004 singulos
1204 2906 1411 2981 Auditores
1439 2907 1598 2982 dederat

92 3025 231 3121 quibus
260 3025 485 3111 Prezzatum,
516 3052 630 3100 unum
660 3027 708 3101 de
735 3029 934 3103 nominatis
953 3055 977 3103 a
996 3030 1205 3126 Republica
1224 3032 1383 3116 Veneta,
1405 3055 1597 3106 commen·
1645 3009 1653 3028 ⁶

92 3152 220 3236 dabat,
251 3166 290 3223 et
318 3148 431 3247 aliqui
458 3177 507 3225 ex
535 3152 708 3227 Dominis
737 3154 959 3229 dubitabant
976 3179 1025 3228 an
1043 3174 1147 3229 esset
1165 3157 1199 3229 ei
1218 3181 1241 3230 a
1260 3157 1416 3255 singulis
1435 3182 1591 3254 respon-

92 3274 282 3351 dendum:
311 3275 432 3349 visum
461 3279 573 3350 etiam
593 3276 670 3365 suit,
702 3294 744 3351 ut
773 3279 895 3353 Rotae
914 3279 1093 3354 Decanus
1111 3279 1255 3354 eisdem
1275 3281 1411 3355 Literis
1430 3283 1595 3355 omniurn

92 3399 244 3473 nomine
271 3400 531 3497 responderet,
570 3420 610 3475 et
646 3387 859 3476 ordinatum
896 3421 1095 3500 praeterea
1123 3429 1170 3478 ne
1198 3406 1380 3501 cuiusque
1420 3406 1598 3504 Principis

92 3541 158 3598 aut
188 3523 398 3599 Cardinalis
426 3526 561 3600 Literis
588 3529 899 3602 commendatitiis
928 3528 1133 3603 Auditores
1162 3528 1446 3626 responderent,

176 3653 240 3744 48.
272 3647 477 3725 Cuiusdam
507 3676 597 3726 vero
627 3651 827 3750 singularis
855 3652 1052 3727 Auditoris
1081 3655 1162 3726 visa
1190 3654 1257 3728 suit
1284 3655 1393 3728 nimis
1433 3679 1597 3753 propera

93 3774 298 3873 diligentia,
329 3776 394 3871 qui
422 3790 510 3850 ante
537 3777 850 3851 consultationem
879 3780 915 3851 in
944 3777 1044 3852 Rota
1073 3778 1250 3867 habitam,
1279 3803 1396 3853 ausus
1423 3781 1491 3853 luit
1509 3807 1598 3878 pro-

94 3901 175 3995 pria
202 3900 427 3974 auctoritate
454 3901 610 3997 privatis
639 3901 849 3976 Cardinalis
878 3902 1153 3978 Aldobrandini
1182 3904 1318 3978 Literis
1352 3906 1595 4002 respondere.

800 4213 886 4292 184.

95 4375 195 4447 Rota
221 4399 270 4446 ex
296 4381 457 4470 quatuor
483 4376 681 4450 nominatis
707 4401 732 4448 a
760 4375 964 4475 Republica
1002 4376 1236 4450 Venellorum
1268 4376 1372 4473 eligit
1406 4377 1445 4450 in
1478 4377 1596 4450 Audi-

173 4524 253 4570 rem
281 4499 456 4573 Ioannem
483 4499 698 4598 Baptzrtam
728 4500 928 4576 Cercinam.

175 4653 291 4726 (Anca.
310 4655 397 4728 Rur,
420 4655 644 4716 ‹Extractum
664 4656 784 4716 Dr'arz'i
799 4656 916 4716 Pellae
927 4659 963 4727 »).

659 4856 732 4932 Die
762 4879 781 4952 5
813 4856 890 4930 Iulii
925 4877 1037 4950 1599.

179 5037 239 5109 51.
270 5015 310 5088 In
339 5016 408 5090 hac
437 5015 548 5104 Rota,
577 5042 677 5114 quae
704 5017 774 5090 luit
801 5017 929 5091 habita
957 5017 1151 5114 praedicto
1179 5018 1250 5104 die,
1272 5018 1318 5092 R.
1341 5019 1379 5090 P.
1402 5017 1452 5092 D.
1473 5016 1596 5093 Rotae

96 5139 274 5214 Decanus
303 5141 498 5238 proposito
527 5141 736 5215 Memoriali
764 5165 788 5214 a
816 5142 918 5237 Papa
945 5142 1169 5216 transmisso
1196 5165 1273 5238 quo
1302 5141 1454 5216 iubebat
1482 5143 1596 5216 deve-

95 5264 163 5336 niri
190 5265 239 5338 ad
267 5263 488 5340 electionem
516 5263 697 5340 auditoris
726 5266 848 5338 Rotae
877 5265 915 5337 in
944 5264 1065 5340 locum
1094 5268 1159 5340 bo:
1191 5291 1272 5342 me:
1303 5267 1503 5363 Peregrini,
1527 5291 1597 5363 per

97 5390 201 5464 lavas
229 5387 334 5464 albas
363 5406 404 5463 et
428 5390 567 5489 nigras,
596 5391 645 5464 ad
673 5389 892 5463 electionem
926 5389 993 5463 luit
1030 5385 1249 5487 profectum,
1279 5405 1318 5463 et
1353 5390 1403 5464 de
1436 5406 1600 5486 quatuor
