3684 5920
902 283 1040 344 Soecuto
1059 281 1141 342 XIX

969 606 1059 686 520.

264 752 523 824 Nuncooturae
549 777 643 849 quoe
669 775 741 824 non
767 759 883 824 essent
905 752 1026 842 premi
1049 751 1202 836 ordinis,
1228 707 1342 848 ptores
1363 751 1494 849 gradu
1521 751 1759 826 Auditorotui

344 877 461 949 Rotae
476 875 714 960 habebantur,
734 875 882 972 uterque
908 876 944 948 si
958 874 1015 948 od
1036 902 1085 948 ex
1103 875 1162 948 lus
1179 901 1293 948 uemm
1310 877 1567 950 nominaretur
1585 876 1753 956 Auditor,

344 1002 450 1082 nullo
472 1001 692 1098 granorum
728 1001 820 1072 actio
847 999 964 1072 locum
1000 999 1150 1074 habebnt
1174 1011 1288 1098 penes
1324 999 1514 1076 Summum
1541 999 1757 1090 Pontificem.

345 1155 460 1228 (Aaou.
478 1155 564 1227 Ros,
590 1153 715 1213 :Liber
734 1154 768 1212 S.
785 1153 890 1213 Rotae
909 1170 942 1212 n.
961 1155 1034 1224 4ι).

894 1321 1038 1393 Eadem
1067 1320 1137 1394 die.

345 1463 384 1534 ln
426 1459 561 1535 eodem
607 1461 843 1535 Consistorio
885 1461 930 1534 R.
977 1459 1015 1532 P.
1063 1459 1110 1534 D.
1156 1459 1428 1535 Constantinus
1462 1485 1510 1534 ex
1545 1461 1762 1534 Marchioni·

266 1589 337 1662 bus
380 1585 520 1670 Patrizi,
560 1610 657 1658 unus
694 1609 741 1657 ex
779 1585 897 1658 tribus
938 1584 1186 1658 Auditoribus
1230 1583 1354 1669 Urbis,
1393 1585 1535 1657 electus
1574 1585 1761 1680 Archiepi·

264 1737 403 1808 scopus
425 1711 641 1806 Philippen,
660 1711 726 1782 fuit
745 1735 901 1806 quoque
929 1711 1149 1808 designatus
1179 1709 1347 1782 Nuncius
1375 1707 1620 1806 Apostolicus
1649 1736 1761 1808 penes

269 1837 412 1912 Ducem
442 1837 652 1909 Aetruriae.
683 1835 850 1908 Plurimis
879 1839 928 1910 ab
956 1835 1062 1909 annis
1092 1835 1229 1908 nemini
1257 1835 1377 1908 suerat
1405 1861 1540 1908 munus
1570 1835 1643 1909 hoc
1662 1837 1763 1908 colla·

267 1979 358 2048 tum,
388 1959 553 2056 illudque
581 1985 704 2056 neque
732 1961 780 2033 ab
808 1961 892 2057 ipso
922 1961 966 2032 R.
999 1959 1036 2034 P.
1060 1959 1107 2034 D.
1132 1959 1273 2043 Patrizi,
1296 1985 1455 2056 nequea
1474 1959 1593 2033 Sacro
1612 1959 1760 2043 Ordine,

267 2113 336 2182 pro
365 2087 566 2159 honorifica
595 2084 839 2158 translatione
868 2085 1034 2158 habitum
1064 2100 1135 2172 est,
1165 2087 1252 2180 quia
1282 2111 1354 2159 non
1374 2085 1469 2157 inter
1488 2085 1595 2180 primi
1616 2083 1764 2157 Ordinis

268 2210 537 2284 Nunciationes
566 2225 793 2284 recensetur.
825 2209 938 2283 Nulla
965 2226 1168 2306 propterea
1186 2211 1389 2307 gratiarum
1410 2209 1508 2282 actio
1527 2235 1647 2306 penes
1664 2207 1762 2281 Sum·

269 2362 371 2408 mum
402 2334 626 2420 Pontificem,
667 2337 769 2407 iuxta
806 2332 966 2418 solitum,
1007 2333 1129 2407 locum
1167 2333 1305 2420 habuit,
1345 2335 1430 2407 licet
1470 2333 1623 2407 Praesul
1651 2331 1711 2406 ille
1743 2360 1762 2406 a

269 2460 383 2534 Sacra
413 2461 515 2533 Rota
543 2476 711 2532 remotus
739 2459 858 2545 luerit,
890 2461 976 2555 quia
1006 2459 1040 2530 in
1071 2459 1151 2556 pari
1179 2459 1321 2532 honore
1350 2459 1416 2533 luit
1444 2475 1700 2533 conservatus.

979 2719 1070 2800 521.

270 2863 453 2960 Defuncto
480 2865 599 2938 Leone
638 2863 734 2950 XII,
767 2865 978 2938 decernitur
1002 2872 1052 2949 ut,
1083 2863 1256 2936 vocontio
1296 2862 1401 2936 Setis
1437 2863 1607 2952 durante,
1637 2891 1764 2938 causae

347 2989 610 3064 commerciales
627 3017 651 3062 u
671 2991 770 3063 Rota
788 2989 1020 3064 dirimantur
1036 2989 1147 3062 semel
1161 2990 1201 3062 in
1220 3013 1346 3060 nieme.
1369 3031 1395 3042 -
1413 2989 1551 3062 Electri)
1571 2991 1639 3064 Pii
1658 2991 1761 3065 Vltl.

348 3145 463 3218 (Aaou.
481 3145 568 3218 Rom,
593 3143 718 3203 :Liber
736 3143 771 3205 S.
788 3145 905 3219 Rotae,
923 3163 956 3206 n.
976 3147 1038 3219 t»,
1052 3152 1132 3220 pag.
1150 3146 1240 3214 257).

763 3313 834 3385 Die
870 3336 911 3385 12
945 3312 1137 3387 Februarii
1174 3315 1282 3404 1829.

350 3457 388 3528 In
418 3456 612 3550 sequelam
642 3455 799 3528 Funeris
829 3455 866 3529 S.
898 3455 949 3530 M.
982 3455 1120 3528 Leonis
1147 3456 1229 3534 Xll.
1260 3471 1515 3530 convenerunt
1539 3458 1574 3528 in
1594 3455 1761 3530 Aedibus

273 3581 366 3654 meis
394 3580 557 3654 universi
587 3579 799 3654 Reverendi
829 3579 958 3654 Patres
990 3581 1190 3658 Domini

350 3764 411 3782 .....
425 3706 578 3779 Eisdem
599 3703 911 3778 Eminentissimis
932 3704 1102 3779 Patribus
1121 3707 1185 3801 qui
1206 3707 1373 3780 vacantis
1392 3707 1501 3781 Sedis
1520 3731 1635 3780 onera
1655 3707 1760 3779 susti-

271 3846 372 3917 nent,
393 3832 521 3903 datum
543 3847 601 3903 est
621 3831 780 3926 supplex
798 3830 898 3903 aliud
918 3829 1079 3904 libellum
1100 3831 1148 3904 ab
1168 3830 1459 3905 Bartholomaeo
1479 3831 1582 3918 Belli,
1602 3831 1641 3906 S.
1663 3832 1698 3904 P.
1716 3832 1757 3902 A.
1824 3927 1825 3936 ἵ

273 3957 445 4037 Patron0,
475 3955 740 4049 expostulante
769 3969 958 4051 utusque
987 3955 1036 4029 ad
1065 3955 1150 4028 novi
1179 3955 1364 4030 Pontificis
1393 3954 1623 4042 electionem,
1653 3951 1760 4028 semel

197 4166 201 4178 Ι
271 4079 403 4152 saltem
438 4080 474 4150 in
514 4103 657 4167 mense,
698 4079 735 4154 S.
766 4079 1006 4154 Auditorium
1043 4080 1166 4154 Rotae
1203 4105 1339 4154 causas
1374 4081 1651 4155 commerciales
1686 4079 1759 4152 diri·

272 4219 403 4276 meret.
434 4203 553 4275 Missa
579 4204 627 4276 ad
657 4229 715 4276 me
744 4204 875 4300 petitio
903 4203 982 4290 suit,
1013 4222 1054 4277 ut
1082 4229 1234 4278 sensum
1263 4229 1387 4278 meum
1424 4207 1640 4302 panderem,
1670 4223 1758 4276 retu·

271 4329 370 4425 lique
398 4328 597 4425 plurimum
627 4329 810 4424 prodesse
838 4355 952 4425 posse
980 4330 1029 4402 ad
1057 4328 1234 4402 iustitiam
1263 4330 1379 4403 etad
1407 4331 1616 4404 commercii
1645 4353 1756 4403 neces·

272 4454 421 4526 sitatem
450 4453 480 4525 si
509 4452 631 4549 gratia
659 4453 791 4525 suisset
819 4453 988 4550 elargita.
1022 4453 1225 4526 Decretum
1264 4469 1468 4551 propterea
1495 4453 1575 4541 luit,
1604 4453 1758 4550 quolibet

271 4603 410 4663 mense,
441 4593 479 4651 et
507 4577 568 4651 die
597 4577 715 4673 prima
745 4577 869 4650 Rotali
900 4601 973 4651 non
1001 4579 1190 4674 impedita,
1223 4579 1354 4651 Patres
1392 4579 1590 4652 convenire
1619 4579 1754 4656 debere,

270 4704 400 4777 iisdem
429 4703 544 4776 serme
573 4700 761 4776 methodis
790 4702 959 4787 servatis
990 4705 1127 4797 quibus
1155 4705 1373 4800 proceditur
1391 4705 1428 4777 in
1448 4703 1559 4779 Rotis
1581 4729 1647 4778 seu
1667 4701 1754 4774 Con-

269 4828 552 4926 gregationibus
574 4827 772 4900 Rotalibus
792 4826 969 4925 Augusti,
992 4827 1227 4923 Septembris
1246 4845 1286 4901 et
1306 4827 1496 4902 Octobris.
1519 4829 1589 4901 Pro
1608 4828 1673 4900 hac
1687 4825 1754 4895 rice

270 4952 486 5025 mandatum
515 4968 584 5036 est,
616 4953 812 5025 convenire
843 4951 972 5024 Patres
999 4952 1139 5026 debere
1168 4953 1204 5024 in
1233 4951 1404 5026 Aedibus
1432 4949 1752 5026 Eminentissimia

271 5076 434 5152 Secretis
462 5077 592 5150 Status
612 5101 710 5172 quae
731 5078 873 5149 suntin
894 5074 1034 5149 Palatio
1055 5073 1235 5168 Quirinali
1249 5134 1310 5153 .....
1342 5075 1415 5149 Die
1436 5102 1479 5171 31
1505 5077 1626 5150 martii
1648 5097 1750 5147 novus

272 5200 414 5275 electus
442 5218 502 5274 est
541 5200 709 5274 Pontifex
721 5257 783 5275 .....
816 5199 928 5274 Card.
961 5199 1261 5298 Castiglioni-.....
1291 5201 1354 5298 qui
1392 5225 1527 5274 nomen
1565 5196 1751 5292 assumpsit

275 5325 342 5398 Pii
376 5326 482 5399 Vlll.
499 5384 559 5400 .....
