3708 5918
782 331 941 404 Gregorio
959 330 992 390 X
1598 331 1635 389 59

1515 431 1632 439 ...ψ-...ι-

136 521 250 598 latum
277 536 317 598 et
343 523 474 620 plures
500 524 571 599 alie
591 549 666 620 que
693 524 931 600 continentur
959 523 995 596 in
1022 547 1217 619 processu,
1242 525 1277 598 in
1307 523 1443 598 iudicio
1469 523 1635 600 exhibito

137 671 202 744 per
228 647 488 724 adversarium
507 649 691 735 dictorum
719 648 991 746 archiepiscopi
1018 665 1059 723 et
1077 649 1213 746 prioris
1235 665 1364 725 sancte
1384 649 1632 724 Trinitatis».

222 772 441 860 <Tandem
471 771 595 850 libello
622 789 662 848 et
689 774 968 872 gravaminibus
988 773 1253 872 suprascriptis
1273 797 1341 870 per
1361 773 1501 848 dictum
1521 775 1635 872 magi-

138 914 255 971 strum
275 897 497 972 Riccardum
516 915 798 997 procuratorem
817 900 1002 986 exhibitis,
1018 913 1059 974 et
1077 922 1193 994 super
1210 900 1294 996 ipso
1314 897 1438 976 libello
1456 899 1520 974 lite
1542 897 1635 997 legi-

138 1023 224 1098 time
253 1039 475 1107 contestata,
504 1041 543 1098 et
571 1026 780 1100 iuramento
808 1039 884 1100 tam
912 1024 960 1099 de
989 1023 1210 1120 calumpnia,
1240 1048 1354 1121 quam
1392 1023 1441 1097 de
1476 1025 1636 1098 veritate

136 1147 293 1222 dicenda
319 1149 479 1244 prestito
507 1150 590 1224 hinc
622 1167 662 1224 et
689 1151 786 1232 inde.
817 1149 917 1225 datis
952 1150 1067 1225 etiam
1103 1148 1353 1246 positionibus
1389 1150 1439 1223 ab
1475 1165 1636 1245 utraque

138 1287 256 1368 parte,
294 1288 334 1346 et
365 1275 674 1371 responsionibus
711 1275 922 1351 subsecutis
960 1273 1011 1348 ad
1046 1273 1232 1370 quasdam
1268 1298 1410 1358 earum,
1444 1297 1493 1350 ex
1529 1291 1636 1371 parte

137 1396 320 1473 dictorum
347 1398 494 1474 abbatis
522 1414 562 1474 et
588 1416 795 1475 conventus
823 1398 975 1474 exhibiti
1003 1397 1154 1473 luerunt
1180 1395 1325 1472 articuli
1352 1397 1389 1472 in
1418 1423 1531 1474 causa
1550 1423 1636 1496 pre-

136 1519 234 1596 dicta
262 1523 298 1595 in
326 1521 484 1599 termino
511 1523 769 1621 peremptorio
803 1523 853 1599 ad
880 1523 952 1598 hoc
978 1523 1184 1621 assignato,
1215 1537 1324 1620 parte
1360 1522 1477 1597 altera
1515 1521 1636 1598 nullos

135 1644 312 1722 arficulos
348 1646 560 1723 exhibente.
587 1647 697 1733 Sane,
735 1648 836 1724 dicto
873 1649 1056 1745 magistro
1093 1647 1282 1722 Grimerio
1317 1647 1502 1734 auditore,
1537 1647 1636 1723 facto

135 1771 419 1868 archiepiscopo
446 1773 628 1869 Aquensi,
659 1799 776 1870 seque
815 1774 864 1849 ad
892 1799 999 1848 suam
1036 1773 1230 1849 ecclesiam
1261 1773 1519 1856 transferente,
1551 1799 1638 1848 san-

135 1897 323 1971 ctissimus
351 1914 460 1994 pater
486 1899 660 1974 dominus
697 1916 824 1974 noster
859 1899 1070 1997 Gregorius
1100 1923 1199 1994 papa
1226 1897 1275 1983 X,
1308 1897 1426 1984 nobis,
1456 1899 1637 1994 magistro

136 2023 339 2119 Aymerico
366 2023 533 2110 Guilloti,
564 2023 757 2122 capellano
783 2051 854 2100 suo
881 2043 920 2100 et
948 2025 1066 2122 ipsius
1094 2023 1221 2122 palatii
1249 2049 1446 2100 causarum
1471 2025 1639 2122 generali

135 2147 308 2232 auditori,
338 2149 497 2222 eandem
526 2173 679 2224 causam
705 2149 982 2246 suscipiendam
1009 2147 1046 2222 in
1073 2171 1120 2222 eo
1150 2163 1251 2222 statu
1279 2147 1316 2220 in
1336 2173 1412 2245 quo
1433 2171 1516 2223 eam
1535 2148 1639 2224 dimi·

136 2288 238 2346 serat
252 2272 374 2346 dictus
387 2272 567 2349 'dominus
580 2273 895 2371 archiepiscopus,
911 2273 1138 2348 audiendam
1157 2273 1342 2352 commisit
1360 2289 1400 2348 et
1419 2273 1491 2346 fine
1510 2272 1639 2347 debito

137 2397 421 2475 terminandam.
451 2397 569 2474 Porro
597 2399 779 2497 magistro
807 2399 990 2474 Gaulrido
1020 2397 1168 2472 Durato
1195 2397 1373 2500 legitimo
1393 2415 1638 2495 procuratore

133 2522 320 2597 dictorum
347 2525 496 2600 abbatis
522 2538 563 2598 et
589 2541 809 2611 conventus,
837 2540 876 2598 et
903 2522 1087 2622 magistro
1115 2522 1238 2597 Alano
1266 2539 1529 2619 procuratore·
1545 2521 1639 2620 legi·

134 2647 228 2721 timo
263 2647 351 2722 dicti
384 2648 609 2724 venerabilis
654 2650 771 2745 patris
808 2647 1078 2745 archiepiscopi
1116 2648 1381 2734 Eboracensis,
1417 2649 1467 2723 ab
1502 2648 1638 2722 eodem

130 2771 417 2870 archiepiscopo
436 2775 583 2848 noviter
600 2775 816 2858 constituto,
838 2775 1143 2870 comparentibus
1161 2773 1197 2845 in
1217 2772 1353 2846 iudicio
1370 2796 1497 2846 coram
1517 2774 1637 2862 uobis,

132 2895 236 2973 dicto
264 2899 378 2974 fratre
406 2899 580 2995 Aymone
609 2923 677 2994 per
704 2925 746 2974 se
773 2898 833 2973 vel
861 2899 973 2972 alium
1002 2898 1152 2972 minime
1170 2913 1423 2995 comparente,
1446 2898 1546 2972 idem
1565 2925 1640 2973 ma·

133 3023 255 3118 gister
280 3022 426 3097 Alanus
454 3024 704 3098 iuramentum
732 3023 896 3120 prestitit
914 3024 963 3096 de
981 3023 1139 3098 veritate
1158 3021 1327 3106 dicenda,
1347 3038 1387 3097 et
1412 3022 1639 3120 quibusdam

132 3146 493 3245 interrogationibus
519 3173 544 3223 a
563 3149 670 3222 nobis
688 3163 729 3224 et
746 3175 769 3222 a
788 3149 956 3245 predicto
976 3147 1159 3222 Gaufrido
1178 3165 1423 3246 procuratore
1446 3147 1515 3222 sibi
1534 3146 1641 3227 sactis

134 3272 342 3369 respondit.
374 3273 538 3346 Demum
566 3273 688 3347 dictus
716 3273 830 3346 irater
858 3273 982 3370 Aymo
1010 3274 1147 3348 citatus
1177 3288 1219 3346 ut
1245 3297 1372 3346 coram
1401 3273 1510 3347 nobis
1537 3287 1640 3336 com·

133 3411 289 3494 pareret
315 3397 352 3470 in
378 3397 479 3471 dicta
506 3421 631 3480 causa,
663 3397 867 3472 secundum
896 3412 1085 3472 retroacta
1113 3413 1152 3471 et
1180 3398 1331 3496 agenda
1358 3393 1525 3493 legitime
1552 3419 1641 3492 pro·

133 3547 324 3610 cessurus,
355 3547 424 3620 per
460 3548 503 3596 se
540 3546 614 3596 non
651 3523 862 3619 comparuit
889 3545 957 3596 nec
985 3519 1119 3618 aliquis
1157 3546 1228 3618 pro
1264 3522 1412 3596 eodem.
1444 3520 1536 3594 Post
1571 3519 1640 3594 hec

135 3649 301 3724 eundem
320 3648 472 3721 fratrem
491 3649 703 3745 Aymonem
722 3662 763 3722 et
778 3646 1102 3743 archiepiscopum
1129 3662 1377 3721 memoratum
1398 3647 1433 3717 in
1452 3645 1642 3719 audientia

134 3772 286 3869 publica
312 3771 467 3846 lecimus
493 3744 643 3846 evocali
672 3787 714 3844 ut
740 3796 809 3869 per
837 3796 878 3845 se
905 3770 966 3845 vel
985 3786 1268 3867 procuratorem
1287 3769 1492 3867 legitimum
1513 3792 1639 3842 coram

136 3899 246 3973 nobis
274 3897 312 3969 in
338 3912 445 3971 certo
473 3897 632 3971 termino
659 3910 924 3992 comparerent
950 3895 999 3970 ad
1018 3895 1270 3969 exhibendum
1290 3896 1547 3980 instrumenta,
1569 3894 1640 3989 pri-

136 4022 274 4120 vilegia
301 4037 341 4096 et
369 4021 448 4095 iura
475 4045 550 4118 que
579 4022 767 4096 habebant
794 4021 830 4094 in
853 4045 968 4096 causa
986 4020 1142 4117 prelata,
1163 4020 1301 4116 quibus
1320 4044 1389 4115 per
1407 4044 1449 4092 se
1469 4019 1528 4092 vel
1546 4016 1641 4092 alios

138 4147 363 4223 intermino
390 4147 445 4220 eis
473 4171 589 4243 super
620 4145 690 4221 hoc
718 4146 926 4244 assignato,
958 4145 1106 4242 minime
1141 4145 1455 4241 comparentibus,
1485 4143 1640 4217 eosdem

139 4274 397 4371 reputavimus
424 4271 559 4346 merito
587 4287 839 4358 contumaces,
867 4287 906 4372 et
933 4271 1087 4354 litteras,
1108 4267 1303 4366 privilegia
1322 4284 1362 4344 et
1381 4269 1638 4353 instrumenta,

138 4415 225 4472 acta
253 4395 389 4493 prioris
417 4420 540 4482 cause,
569 4412 610 4470 et
635 4393 708 4470 alia
735 4395 965 4469 munimenta
983 4394 1203 4491 recepimus,
1225 4417 1300 4490 que
1320 4394 1442 4466 dictus
1461 4391 1643 4489 magister

139 4520 346 4597 Gaulridus
374 4522 411 4594 iu
439 4521 599 4596 termino
626 4520 793 4595 exhibuit
821 4518 1050 4615 supradicto.
1072 4517 1208 4592 Citatis
1226 4518 1470 4614 postmodum
1488 4517 1642 4591 domiuo

137 4646 426 4742 archiepiscopo
452 4662 492 4720 et
518 4645 632 4718 fratre
659 4647 834 4742 Aymone
853 4644 1032 4740 predictis
1050 4644 1100 4716 ad
1118 4643 1317 4716 dicendum
1337 4658 1467 4716 contra
1486 4640 1641 4724 litteras,

138 4770 348 4868 privilegia,
377 4773 626 4846 instrumenta
652 4784 692 4846 et
719 4769 790 4844 alla
818 4771 1057 4854 munimenta,
1088 4770 1125 4841 in
1154 4767 1224 4842 hac
1252 4791 1367 4841 causa
1404 4790 1473 4862 per
1503 4766 1642 4839 dictum

140 4895 364 4994 magistrum
394 4893 629 4980 Gaulridum,
651 4910 692 4968 ut
720 4893 950 4980 dictumest,
971 4892 1166 4990 producta,
1188 4907 1229 4966 et
1247 4915 1322 4965 non
1341 4889 1643 4986 comparentibus

136 5019 174 5093 in
204 5020 365 5094 termino
391 5019 599 5116 assignato,
627 5019 677 5093 ad
704 5016 1002 5092 concludendum
1030 5018 1068 5090 in
1097 5039 1211 5090 causa
1240 5015 1408 5112 predicta
1435 5012 1589 5088 lecimus
1608 5012 1642 5085 in

137 5145 329 5220 audientia
357 5143 505 5240 publica
531 5144 690 5218 eosdem
717 5143 884 5241 legitime
911 5142 1072 5216 evocari.
1102 5142 1142 5213 ln
1179 5165 1257 5237 quo
1289 5139 1451 5212 termino
1486 5136 1536 5210 ad
1572 5137 1643 5211 hoc

138 5270 346 5369 assignato,
387 5269 476 5342 dieti
507 5269 675 5367 maglstri
711 5266 916 5341 Gaulridus
953 5284 992 5342 et
1029 5263 1174 5341 Alanus
1215 5279 1479 5362 procuratores
1516 5285 1642 5336 coram

141 5395 248 5472 nobis
275 5395 311 5470 in
340 5392 476 5468 iudicio
503 5406 777 5490 comparentes,
798 5393 836 5466 in
863 5415 977 5466 causa
1004 5390 1279 5472 concluserunt,
1299 5403 1338 5462 et
1357 5411 1427 5461 nos
1444 5410 1515 5482 pro
1533 5403 1642 5482 parte
