3684 5920
537 286 620 346 Sede
638 291 777 346 vacante
794 317 813 331 -
832 285 991 360 Gregorio
1010 287 1096 347 XVI
1509 291 1565 350 637

71 479 281 576 qualitatem
309 479 549 566 renunciavit,
566 495 605 554 et
623 481 770 576 absque
798 481 983 555 Adiutore
1001 505 1024 554 a
1044 480 1186 555 Studiis
1206 481 1287 577 ipse
1303 481 1348 556 R.
1367 483 1404 558 P.
1423 483 1472 556 D.
1495 480 1565 557 Ce-

72 605 188 680 lestini
216 604 404 678 remansit.
430 601 440 637 ¹

772 851 863 932 525.

649 997 759 1070 Mors
788 997 855 1070 Po·
869 1005 872 1012 '
887 997 994 1072 VIII.

144 1151 256 1222 (Auen.
276 1149 362 1224 Rom,
386 1149 512 1210 «Liber
531 1152 564 1210 S.
586 1151 690 1212 Rotae
706 1168 740 1211 n.
760 1153 822 1228 4»,
838 1159 918 1228 pag.
940 1151 1112 1226 ana-263>

554 1318 625 1392 Die
657 1341 706 1410 30
735 1319 948 1391 novembris
983 1321 1094 1410 1830.

143 1537 309 1555 .....
357 1481 580 1556 Pulsata.....
629 1479 690 1551 vix
732 1479 824 1552 hora
866 1495 1000 1574 quarta
1042 1477 1218 1552 Summus
1262 1477 1432 1551 Pontifex
1476 1476 1563 1550 Pius

69 1602 164 1699 Papa
191 1602 285 1680 VIII.
305 1605 355 1679 ad
385 1605 544 1680 Coelum
573 1604 861 1678 convolavit.....

767 1883 858 1964 526.

64 2027 148 2102 Sede
172 2039 322 2104 ooconte
347 2031 472 2104 debeat
497 2033 595 2105 Rolo
621 2032 730 2103 otiam
756 2031 796 2102 in
818 2038 1007 2126 posterum
1024 2053 1224 2102 corsorum
1241 2031 1447 2102 commercii
1470 2029 1560 2125 defi·

139 2157 273 2228 nitioni
296 2155 509 2228 incumbere.

139 2311 255 2378 (Aucti.
273 2309 361 2386 Rom,
384 2335 396 2360 ι
414 2309 511 2369 Liber
529 2311 562 2369 S.
582 2309 697 2382 Rotae,
715 2325 748 2368 n.
767 2310 832 2382 A»,
847 2316 925 2383 pag.
943 2305 1124 2380 265-266).

540 2477 611 2548 Die
648 2479 691 2548 18
724 2476 944 2550 Decembris
980 2479 1090 2569 1830.

139 2616 222 2692 Hac
252 2619 323 2705 die,
354 2620 471 2693 misso
498 2619 548 2691 ad
578 2619 641 2692 Me
671 2617 856 2714 Epistolio
889 2619 938 2692 ab
977 2619 1185 2692 Secretaria
1219 2615 1428 2704 Conclavis,
1458 2642 1561 2691 man·

63 2739 186 2816 datum
214 2761 286 2824 est.
318 2760 360 2817 ut
389 2743 530 2818 Noster
558 2743 667 2816 Ordo
696 2767 770 2815 non
799 2742 921 2816 solum
949 2743 997 2816 ad
1028 2743 1250 2837 Exemplum
1278 2741 1432 2816 alterius
1461 2743 1563 2816 Con·

62 2861 177 2951 clavis,
210 2867 280 2942 sed
309 2867 421 2940 etiam
451 2890 520 2961 pro
547 2867 680 2962 regula
707 2865 921 2951 invariabili,
951 2867 1137 2940 servanda
1164 2881 1336 2962 tempore
1365 2865 1563 2940 Conclavis

61 2989 167 3062 etiam
195 2991 232 3064 in
263 3009 470 3086 posterum,
502 2989 649 3064 Causas
679 2990 970 3064 Commerciales
998 2989 1160 3072 definiat,
1191 3015 1289 3086 quae
1316 2989 1365 3064 ad
1394 2993 1563 3064 tramites

63 3113 199 3214 Legum
228 3117 519 3192 novissimarum
546 3116 669 3190 eidem
697 3119 921 3192 commissae
951 3134 1049 3189 sunt.
1085 3115 1323 3212 Opportunis
1360 3133 1562 3212 propterea

63 3243 208 3334 prolatis
238 3243 596 3338 praescriptionibus
624 3243 674 3316 ad
703 3241 856 3316 Curiam
885 3242 1111 3316 monendam
1139 3241 1187 3315 de
1216 3266 1257 3314 re
1275 3242 1372 3316 adeo
1396 3265 1563 3316 momen-

62 3378 150 3451 tosa,
233 3369 454 3442 mandatum
482 3366 572 3470 (est)
601 3367 661 3440 die
693 3389 712 3460 7
745 3367 898 3441 ianuarii
924 3370 1017 3460 1831
1043 3391 1113 3462 pro
1141 3368 1260 3462 prima
1288 3365 1367 3440 vice
1387 3390 1457 3441 nos
1475 3391 1563 3440 con-

59 3495 204 3589 gregati
247 3491 387 3568 debere
429 3510 470 3566 ut
512 3492 658 3566 Causas
699 3491 971 3578 dirimeremus,
1009 3491 1169 3566 servatis
1214 3491 1403 3566 Methodis
1445 3493 1562 3566 solitis

61 3613 178 3692 Rotae
208 3615 495 3692 Memorialium.

766 3827 855 3906 527.

571 3971 704 4044 Electio
734 3970 916 4068 Gregorii
939 3971 1056 4046 XVI.

133 4126 252 4197 (Aucta
271 4126 357 4199 Rom,
381 4125 506 4186 «Liber
523 4125 557 4186 S.
576 4127 691 4200 Rotae,
709 4143 742 4184 n.
761 4127 825 4200 4»,
840 4133 919 4201 pag.
938 4127 1027 4200 266).

556 4291 629 4363 Die
664 4295 699 4362 1⁸
728 4290 919 4364 Februarii
953 4295 1063 4386 1831.

135 4431 254 4504 Facta
281 4434 353 4506 iam
382 4433 649 4527 scripturarum
681 4430 953 4506 Distributione
989 4458 1060 4529 pro
1098 4432 1407 4531 Congregatione
1436 4431 1562 4506 Rotali

54 4553 228 4630 habenda
257 4557 317 4630 die
337 4581 361 4650 4
380 4557 490 4630 huius
511 4557 714 4641 mensis,
737 4557 949 4630 nunciatum
968 4573 1038 4644 est,
1062 4559 1253 4632 Ecclesiae
1273 4582 1410 4632 novum
1432 4557 1561 4632 datum

53 4677 168 4754 luisse
207 4681 400 4754 Pastorem
437 4705 506 4777 per
541 4679 761 4754 electionem
801 4680 884 4753 Emi
918 4678 1031 4756 Card.
1070 4682 1193 4756 Mauri
1231 4681 1458 4779 Cappellari,
1499 4683 1562 4778 qui

53 4828 191 4878 nomen
221 4808 427 4902 assumpsit
455 4804 631 4904 Gregorii
661 4803 762 4880 XVI.
794 4805 934 4880 Idcirco
962 4807 1214 4882 circumducta
1235 4808 1371 4882 mansit
1391 4807 1563 4905 Congre-

50 4931 217 5026 gationis
247 4931 392 5005 Rotalis
419 4929 631 5015 destinatio,
662 4931 750 5027 quia
779 4933 863 5003 novi
893 4930 1079 5005 Pontificis
1108 4931 1263 5018 Electio,
1285 4933 1408 5008 omnia
1437 4935 1472 5005 in
1491 4935 1560 5030 pri·

52 5057 192 5127 stinum
223 5071 363 5130 statum
392 5055 534 5130 reducit
562 5079 660 5152 quae
688 5055 876 5150 pertinent
903 5056 952 5129 ad
981 5073 1150 5131 nostrum
1180 5057 1370 5133 Tribunal.

135 5279 143 5314 ¹
166 5277 210 5340 Ut
230 5277 326 5338 huius
344 5278 559 5338 adnotationIs
578 5280 628 5338 vis
647 5279 794 5354 apprime
814 5281 1018 5356 percipiatur,
1038 5281 1179 5340 videnda
1198 5291 1273 5341 sunt
1297 5299 1380 5358 quae
1404 5284 1445 5343 de
1468 5281 1562 5344 Cele-

52 5371 140 5430 stino
158 5367 279 5430 tradidi
298 5368 332 5428 in
350 5369 453 5428 altera
472 5369 569 5429 huius
588 5371 705 5444 operis.
