3720 5914
817 292 955 352 Soeculo
973 292 1006 354 X
1014 291 1091 354 V-X
1098 293 1146 353 VI

360 486 500 562 Coram
526 487 681 561 Matheo
709 487 757 560 de
786 487 898 561 Porta
925 488 1059 586 gallica

606 611 808 686 Bertoldus
836 611 965 687 Ganss

610 737 809 810 Heinricus
839 736 990 812 Sobletz

607 861 829 938 Franciscus
857 860 1018 936 Gauden

607 987 658 1062 lo.
690 987 789 1062 Petri

369 1111 501 1186 Petrus
530 1111 689 1186 Ferrera

543 1218 549 1228 ยน
607 1236 777 1310 Thomas
805 1237 916 1333 Deyx

607 1360 733 1436 Guido
762 1361 810 1436 de
839 1361 969 1459 Layon

608 1485 835 1562 Benedictus
864 1486 1009 1561 Molieti

607 1609 823 1684 Bernardus
851 1609 1008 1684 Sculteti

365 1735 597 1809 lheronimus
625 1733 674 1807 de
706 1735 885 1834 Porcarijs

608 1857 742 1932 Petrus
769 1857 943 1933 Turchus

606 1982 741 2058 Petrus
769 1983 959 2058 Vallestar

607 2107 783 2182 Andreas
811 2107 971 2182 Veinrot

610 2231 810 2306 Conradus
838 2232 961 2307 Milies

367 2357 610 2432 Guilhermus
637 2357 686 2430 de
714 2356 891 2454 Perrerys

610 2481 806 2556 Gerardus
834 2482 1114 2557 Oldenwachen

610 2605 788 2680 Nicolaus
817 2606 905 2680 Albi

608 2729 866 2805 Theodericus
897 2729 1141 2806 Honwachen

609 2854 762 2930 Berth0.
793 2857 841 2929 de
868 2855 996 2930 Padua

365 2980 416 3054 10.
447 2981 561 3056 Anto.
593 2981 792 3076 episcopus
822 2978 1099 3055 Alexandrinus
1127 2979 1250 3054 locum
1279 2993 1412 3055 tenens

610 3106 768 3180 Iacobus
797 3105 951 3202 Pichery

610 3229 853 3304 Eberhardus
883 3229 1047 3304 Cadiner

609 3353 898 3429 Bartholomeus
927 3353 1164 3452 Crispalinus

610 3479 716 3554 Obiit
743 3497 831 3572 4tus

368 3605 590 3680 Franciscus
620 3604 776 3678 Brevius

608 3730 659 3805 10.
693 3727 935 3828 Hagenwiler

607 3855 657 3930 lo.
688 3855 900 3930 Theobaldi

610 3979 716 4054 Nico.
748 3981 901 4054 Rauber

608 4104 852 4179 Bernhardus
880 4106 929 4178 de
948 4104 1169 4179 Salamanca

372 4224 523 4300 Feiinus
552 4227 598 4301 de
626 4227 787 4301 Sandeis

609 4352 835 4450 Bregentius
863 4352 911 4425 de
941 4353 1053 4447 Ayon

605 4476 762 4552 lacobus
790 4474 1030 4569 Quinttanoti

610 4602 743 4676 Petrus
772 4599 999 4698 Quinnagne

611 4725 745 4799 Paulus
760 4751 832 4800 von
854 4723 1101 4814 deriacken:
1123 4748 1193 4819 pro
1212 4748 1258 4797 eo
1273 4723 1464 4798 Sanderus

370 4849 545 4948 Egerdus
573 4851 774 4948 episcopus
804 4829 1049 4924 slesvicensis
1076 4847 1199 4923 locum
1227 4863 1360 4923 tenens

610 4975 662 5048 lo.
693 4973 931 5049 vicecomitis

611 5100 663 5172 10.
694 5097 869 5195 Voiquini

612 5225 793 5298 Acursius
822 5223 870 5298 de
900 5222 1011 5296 Petra

614 5349 800 5422 Martinus
827 5346 968 5444 Sapata
