3748 5914
251 300 306 358 274
387 285 391 296 ’
881 295 1017 356 Soeculo
1035 295 1119 356 XVI

252 523 295 571 ac
324 510 454 570 nostra
484 494 729 591 protectione,
766 493 988 566 auctoritate
1025 493 1233 588 apostolica
1277 509 1316 566 et
1353 509 1484 570 tenore
1521 497 1757 594 supradictis,

253 620 333 714 pari
365 635 471 694 motu
509 619 742 714 suscipimus,
772 633 812 691 et
843 619 893 690 ab
929 617 1031 690 omni
1059 616 1322 704 iurisdictione,
1351 621 1593 706 correctione,
1632 623 1761 698 visita-

253 746 364 830 tione,
394 745 569 830 domini0‚
601 743 874 838 superioritate,
905 757 944 816 et
971 756 1162 838 potestate
1190 768 1515 839 quorumcumque
1533 745 1758 845 legatorum,

253 869 364 942 etiam
392 869 440 942 de
467 869 596 955 latere,
625 892 669 940 ac
697 866 1090 962 Archiepiscopornm,
1120 866 1406 962 Episcoporum,
1443 869 1688 960 Prelatorum,
1722 891 1760 948 et

254 992 549 1074 ordinariorum,
580 990 801 1085 illorumque
830 987 1075 1076 Vicariorum,
1103 989 1337 1076 Officialium,
1369 991 1691 1084 Locatenentium,
1722 1015 1760 1073 et

253 1117 417 1192 ludicum
459 1116 572 1191 etiam
613 1141 636 1189 a
678 1115 776 1188 dicta
818 1114 910 1189 sede
950 1113 1218 1210 deputatorum
1261 1138 1367 1202 nunc,
1405 1132 1445 1190 et
1478 1143 1548 1214 pro
1585 1136 1759 1216 tempore

234 1249 237 1256 '
252 1243 504 1316 existentium.

332 1369 526 1463 Ipsosque,
548 1391 593 1440 ac
611 1390 742 1438 eorum
771 1390 844 1452 res,
865 1379 903 1438 et
930 1366 1030 1438 bona
1048 1365 1211 1460 propria,
1233 1380 1309 1440 tam
1328 1366 1363 1440 in
1380 1366 1496 1451 Urbe,
1518 1394 1631 1465 quam
1651 1387 1760 1444 extra

138 1505 141 1514 '
252 1513 346 1577 eam,
378 1514 400 1562 a
428 1490 614 1564 solutione
641 1507 681 1562 et
699 1490 895 1563 exactione
923 1513 1247 1585 quarumcumque
1274 1489 1504 1565 decimarum
1523 1492 1635 1566 etiam
1669 1518 1762 1589 apo·

252 1613 383 1689 stolica
410 1615 634 1688 auctoritate
671 1614 840 1710 predicta
875 1638 945 1709 pro
983 1628 1154 1710 tempore
1188 1614 1459 1709 impositarum,
1497 1614 1758 1714 pedagiorum,

251 1740 495 1838 gabellarum,
538 1737 791 1824 bullettarum,
821 1751 860 1812 et
900 1762 1224 1834 quorumcumque
1265 1737 1421 1812 aliorum
1463 1766 1634 1828 onerum,
1680 1757 1760 1816 tam

252 1863 522 1938 ordinariorum
559 1888 672 1959 quam
710 1862 1089 1936 extraordinariorum
1126 1861 1352 1958 ubicumque
1388 1861 1555 1938 locorum
1593 1867 1762 1942 existen-

252 1989 355 2074 tium,
386 1988 598 2076 liberamus,
628 1987 854 2084 liberosque,
885 1989 1069 2060 immunes
1097 2003 1136 2060 et
1163 2004 1364 2083 exemptos
1402 1991 1553 2064 omnino
1588 1991 1757 2078 facimus,

252 2113 522 2202 constituimus,
552 2112 790 2208 deputamus,
821 2128 860 2184 et
887 2110 1132 2186 declaramus.
1162 2112 1218 2184 lta
1245 2113 1349 2208 quod
1386 2113 1530 2212 Legati,
1560 2115 1762 2213 Archiepi-

252 2239 368 2334 scopi,
398 2238 589 2334 Episcopi,
620 2237 766 2321 Prelati,
799 2235 998 2322 Ordinarii,
1035 2234 1182 2320 Vicarii,
1223 2236 1426 2322 Officiales,
1466 2239 1758 2326 Locatenentes,

250 2379 289 2440 et
316 2364 460 2437 ludices
489 2361 657 2458 predicti,
687 2363 800 2436 etiam
829 2361 974 2436 ratione
1001 2360 1135 2446 delicti,
1168 2387 1235 2436 seu
1264 2378 1489 2450 contractus,
1519 2381 1585 2437 aut
1613 2365 1677 2450 rei,
1708 2367 1759 2440 de

252 2515 327 2587 qua
353 2502 542 2586 ageretur,
574 2487 800 2583 ubicumque
834 2487 1089 2561 committatur
1126 2486 1312 2574 delictum,
1349 2487 1495 2563 ineatur
1526 2506 1756 2578 contractus,

251 2629 318 2688 aut
346 2639 406 2688 res
434 2614 516 2708 ipsa
544 2611 737 2694 consistat,
767 2609 906 2684 nullam
938 2611 975 2683 in
1011 2635 1089 2698 eos,
1120 2629 1186 2684 aut
1213 2637 1343 2686 eorum
1370 2611 1546 2708 aliquem,
1577 2639 1645 2688 seu
1675 2615 1759 2690 illo-

252 2762 333 2811 rum
361 2738 550 2822 beneficia,
568 2737 687 2812 officia
714 2753 755 2810 et
780 2737 881 2812 bona
908 2737 1131 2821 huiusmodi,
1152 2736 1455 2824 iurisdictionem,
1473 2738 1757 2828 correctionem,

251 2863 511 2948 visitationem,
542 2862 758 2950 dominium,
788 2863 1089 2958 superioritatem
1121 2875 1160 2935 et
1197 2877 1438 2957 potestatem,
1473 2888 1660 2950 exercere,
1691 2883 1760 2940 aut

249 2987 651 3073 excommunicationis,
681 2988 850 3083 aliasque
878 2986 1094 3072 sententias,
1132 3012 1312 3060 censuras
1348 3003 1388 3060 et
1418 3012 1536 3084 penas
1572 2989 1757 3085 proferre,

251 3113 330 3186 Nec
356 3130 555 3187 exactores
583 3112 811 3186 decimarum
839 3110 1082 3209 gabellarum,
1113 3110 1371 3208 pedagiorum,
1392 3126 1433 3186 et
1449 3136 1606 3186 onerum
1626 3114 1758 3188 buius-

252 3239 352 3312 modi
379 3262 447 3310 eos
473 3238 524 3312 ad
551 3237 714 3333 aliquam
752 3235 989 3321 solutionem,
1028 3259 1168 3333 cogere
1205 3234 1439 3331 compellere,
1476 3253 1516 3310 et
1549 3255 1756 3326 coarctare,

251 3377 317 3436 aut
343 3363 570 3458 quicumque
598 3360 658 3434 alii
686 3363 952 3456 cuiuscumque
980 3360 1172 3458 dignitatis
1200 3375 1334 3448 status,
1355 3362 1589 3448 conditionis,
1610 3380 1650 3438 et
1668 3388 1758 3460 pre-

251 3488 426 3562 minentie
453 3485 715 3571 ecclesiastice,
746 3486 805 3559 vel
842 3487 1041 3571 mundane,
1077 3487 1252 3571 existant,
1290 3510 1358 3561 eos
1395 3511 1510 3583 super
1547 3489 1755 3584 premissis,

249 3629 314 3685 aut
341 3612 486 3687 illorum
514 3636 596 3697 usu,
618 3611 731 3684 etiam
758 3625 932 3707 pretextu
955 3610 1222 3707 cuiuscumque
1241 3611 1415 3698 criminiS,
1434 3611 1492 3685 vel
1512 3609 1636 3685 delicti
1655 3612 1753 3700 facti,

250 3736 307 3809 vel
336 3737 543 3833 perpetrati
579 3760 640 3810 ex.
667 3761 797 3810 eorum
825 3733 958 3819 officio,
989 3734 1049 3810 vel
1084 3736 1134 3809 ad
1173 3734 1389 3810 instantiam
1431 3761 1756 3835 quorumcumque

248 3861 388 3935 directe
416 3862 475 3935 vel
503 3860 692 3947 indirecte,
724 3861 858 3958 quovis
894 3861 1044 3957 quesito
1080 3858 1219 3946 colore,
1259 3861 1318 3935 vel
1345 3861 1507 3959 ingenio,
1537 3861 1754 3950 molestare,

246 4003 312 4058 aut
338 3958 430 4059 alias
459 3985 744 4081 quomodolibet
770 3985 961 4081 impedire,
991 3985 1264 4081 quoquomodo
1292 4001 1524 4080 presumant.

326 4111 594 4194 Decernentes,
625 4124 665 4183 et
692 4109 938 4193 declarantes,
955 4109 1195 4205 presentibus
1213 4107 1358 4195 litteris,
1380 4133 1541 4184 necnon
1560 4113 1755 4207 premissis

244 4250 282 4308 et
309 4231 391 4308 aliis
418 4234 631 4331 privilegiis,
661 4251 702 4308 et
728 4232 879 4307 indultis
907 4233 1205 4329 quibuscumque
1244 4232 1385 4307 eisdem
1412 4235 1675 4323 Auditoribus,
1716 4255 1756 4310 et

244 4358 561 4433 Locatenentibus
598 4385 668 4455 pro
705 4375 876 4455 tempore
917 4357 1107 4432 concessis
1142 4383 1192 4431 ex
1228 4359 1361 4455 quavis
1399 4360 1511 4433 etiam
1539 4337 1754 4435 necessario

242 4483 487 4578 exprimenda
528 4509 653 4570 causa,
683 4484 742 4558 vel
784 4483 981 4558 occasione
1023 4507 1091 4579 per
1132 4508 1214 4570 nos,
1245 4499 1285 4557 et
1327 4482 1467 4556 Sedem
1504 4486 1676 4573 eandem,
1717 4487 1753 4559 in

243 4629 384 4706 genere
412 4607 471 4680 vel
499 4609 534 4681 in
563 4609 700 4704 specie,
729 4607 842 4683 etiam
870 4633 940 4704 per
967 4607 1253 4682 constitutiones
1281 4607 1520 4704 apostolicas,
1551 4635 1618 4684 seu
1652 4609 1753 4684 Can-

242 4731 389 4806 cellarie
416 4732 623 4827 apostolice
651 4733 813 4830 regulas,
843 4735 955 4807 etiam
984 4732 1292 4808 consistorialiter
1318 4757 1389 4828 pro
1417 4749 1589 4831 tempore
1616 4734 1748 4822 editas,

244 4874 311 4929 aut
338 4879 597 4953 quascumque
633 4857 726 4931 alias
767 4859 911 4930 litteras
952 4856 1181 4953 apostolicas
1224 4858 1337 4931 etiam
1378 4857 1483 4953 quod
1520 4873 1681 4946 tenores,
1712 4876 1750 4934 et

246 4981 363 5056 forme
392 4981 537 5056 illorum
565 4982 773 5056 habeantur
800 5005 870 5079 pro
889 4983 1079 5078 expressis
1107 5006 1173 5056 seu
1202 4981 1294 5056 alias
1321 4981 1520 5070 clausulas,
1541 4999 1581 5058 et
1598 4985 1749 5060 decreta

247 5135 483 5207 quecumque
511 5109 547 5181 in
584 5134 626 5182 se
661 5111 907 5196 continentes,
938 5108 1049 5182 etiam
1084 5110 1279 5204 quibusvis
1313 5109 1411 5183 dicte
1449 5109 1562 5183 Curie
1599 5109 1749 5185 Officia·

248 5235 356 5321 libus,
391 5235 502 5308 etiam
538 5233 692 5329 prelatis
721 5233 973 5330 Scriptoribus
1000 5258 1071 5330 pro
1099 5250 1270 5329 tempore
1298 5258 1511 5320 concessas,
1541 5261 1607 5308 seu
1637 5235 1749 5308 etiam

248 5360 378 5460 vigore
400 5358 576 5455 implicite
603 5360 859 5458 derogationis
885 5359 1068 5434 latissime
1094 5359 1332 5434 extendende
1351 5359 1387 5433 in
1415 5359 1749 5456 supplicationibus
