3708 5918
219 287 256 348 88
843 295 979 354 Saeculo
998 291 1086 354 XIV

219 489 340 562 causis
376 513 445 585 per
480 487 687 563 Auditores
716 513 923 571 causarum,
954 487 1165 562 huiusmodi
1193 487 1331 561 laboris
1367 503 1587 582 competens
1614 485 1715 561 dicto

219 615 380 688 Patrono
407 614 467 686 vel
495 615 729 710 procuratori
757 613 961 690 satisfactio
989 612 1236 708 impendetur.

303 735 405 832 30.*
434 739 641 827 Postremo,
678 739 820 814 eisdem
858 738 1064 812 Advocatis
1101 754 1142 810 et
1178 736 1486 811 Procuratoribus
1518 759 1714 810 causarum

218 864 443 962 iniungimus
471 880 513 938 ut
539 867 725 961 premissa
753 863 1010 938 inviolabiliter
1037 863 1215 936 studeant
1241 861 1457 935 observare.

301 1011 362 1082 31.
379 987 399 1030 *
427 990 600 1063 Caveant
617 1006 744 1064 autem
759 989 863 1086 quod
882 988 979 1062 ultra
1007 1003 1233 1062 conventum
1252 985 1425 1060 salarium
1446 984 1533 1059 nihil
1552 985 1714 1072 omnino,

218 1115 282 1188 lite
318 1115 518 1211 pendente,
557 1115 737 1212 recipiant
777 1129 1124 1212 quantumcumque
1157 1111 1276 1210 gratis
1317 1111 1497 1196 oblatum,
1528 1136 1596 1184 nec
1632 1137 1716 1184 cum

218 1238 400 1313 clientulis
428 1238 488 1312 vel
515 1239 596 1313 aliis
624 1263 693 1335 pro
721 1237 824 1336 ipsis,
854 1239 979 1312 ineant
1006 1261 1075 1310 nec
1102 1235 1265 1332 aliquam
1293 1236 1430 1308 faciant
1457 1235 1687 1332 pactionem:

301 1386 362 1457 32.
383 1361 404 1404 *
429 1364 592 1461 alioquin
611 1364 659 1438 ad
688 1362 961 1438 restitutionem
981 1362 1084 1459 dupli
1112 1359 1216 1458 quod
1235 1361 1445 1457 receperint
1463 1358 1560 1434 ultra
1579 1361 1717 1434 dictam

219 1489 517 1577 conventionem,
547 1505 757 1575 teneantur,
789 1487 889 1562 nulla
930 1487 1150 1561 remissione
1190 1485 1307 1582 partis
1335 1483 1541 1581 profutura.
1564 1485 1613 1558 Et
1632 1509 1718 1558 con·

220 1629 363 1688 tractus
390 1614 603 1688 huiusmodi
630 1614 769 1687 viribus
799 1638 872 1687 non
900 1611 1119 1698 subsistant,
1149 1627 1189 1684 et
1216 1609 1308 1684 alias
1344 1632 1413 1705 per
1448 1607 1718 1685 Vicecancella-

221 1738 312 1812 rium
340 1739 377 1810 in
405 1739 528 1812 causis
557 1736 899 1822 Consistorialibus,
931 1739 967 1810 in
1003 1735 1084 1810 aliis
1118 1758 1211 1809 vero
1247 1734 1370 1808 causis
1406 1758 1476 1831 per
1511 1734 1719 1808 Auditores

220 1887 360 1946 earum,
390 1878 504 1958 prout
530 1862 651 1936 visum
679 1860 802 1950 fuerit,
832 1863 1044 1958 puniantur.

303 2011 322 2080 3
330 1985 405 2081 3.*
434 1987 473 2060 Si
501 1989 585 2082 quis
614 2004 740 2062 autem
783 1987 991 2062 eorundem
1032 1987 1317 2059 Advocatorum
1353 1999 1392 2058 et
1432 1998 1718 2083 procuratorum

219 2112 316 2186 ultra
343 2112 622 2187 moderationes
650 2112 863 2186 huiusmodi
891 2110 1067 2209 quicquid
1096 2111 1280 2208 receperit
1307 2111 1420 2183 etiam
1439 2133 1462 2182 a
1484 2109 1645 2194 volente,
1667 2111 1719 2182 ad

220 2236 374 2333 duplum
413 2237 494 2310 eius
530 2260 605 2332 que
642 2237 827 2332 receperit
862 2237 960 2311 ultra
998 2234 1269 2310 restituendum
1301 2233 1488 2321 clientulo
1518 2234 1553 2308 in
1593 2234 1718 2308 causis

220 2360 539 2436 consistorialibus
580 2385 649 2458 per
691 2359 1055 2446 Vicecancellarium,
1096 2360 1131 2432 in
1171 2358 1252 2433 aliis
1284 2382 1374 2433 vero
1415 2383 1484 2455 per
1511 2357 1719 2432 Auditores

220 2511 428 2573 causarum,
457 2486 602 2582 absque
630 2483 695 2560 lite
721 2501 761 2560 et
787 2485 1038 2583 appellatione
1066 2485 1243 2580 qualibet,
1269 2509 1338 2582 per
1366 2507 1561 2557 censuram
1591 2481 1718 2556 Eccle-

220 2611 408 2685 siasticam
435 2610 690 2708 compellatur,
722 2609 821 2686 nulla
849 2611 885 2683 in
913 2610 970 2684 his
998 2609 1216 2684 remissione
1245 2609 1305 2683 vel
1333 2607 1546 2690 donatione,
1572 2607 1668 2682 facta
1697 2631 1721 2680 a

220 2736 401 2830 partibus,
431 2735 600 2810 valitura.

303 2857 404 2953 34*
433 2859 627 2933 Premissis
655 2884 810 2956 quoque
837 2859 1044 2943 adiicendo,
1074 2859 1327 2956 providemus,
1360 2871 1400 2930 ut
1427 2857 1458 2932 si
1486 2857 1573 2931 dicti
1593 2855 1721 2931 Advo-

220 2984 292 3058 cati
319 2983 378 3057 vel
405 2998 672 3080 procuratores
700 2985 822 3058 minus
850 2983 1009 3058 fideliter
1036 2983 1095 3058 vel
1127 2982 1372 3081 negligenter,
1403 3007 1537 3056 causas
1576 3005 1721 3055 assum·

220 3125 306 3206 ptas
335 3110 487 3182 duxisse
513 3109 571 3182 vel
600 3109 791 3196 direxisse,
813 3109 873 3182 vel
902 3110 1064 3182 scienter
1082 3109 1218 3182 malam
1236 3133 1400 3194 causam,
1421 3107 1481 3181 vel
1508 3107 1720 3202 improbam

219 3233 470 3329 assumpsisse
499 3233 639 3308 inventi
665 3233 810 3316 fuerint,
841 3258 910 3329 per
938 3233 1107 3329 prefatos
1135 3230 1486 3306 Vicecancellarium
1518 3231 1554 3304 in
1595 3232 1721 3305 causis

219 3359 429 3434 consistorii
460 3374 501 3430 et
536 3385 604 3456 per
631 3358 837 3433 Auditores
866 3360 901 3432 in
930 3359 1054 3432 causis
1083 3381 1179 3453 quas
1207 3356 1371 3444 audient,
1400 3357 1450 3432 ad
1485 3355 1721 3431 emendatio·
1842 3455 1843 3460 Ἰ

159 3472 165 3497 “
218 3508 305 3556 nem
333 3481 555 3556 damnorum
569 3498 608 3556 et
636 3506 982 3579 expensarumque
1011 3497 1050 3556 et
1077 3507 1175 3580 quos
1194 3480 1244 3555 ad
1272 3481 1343 3556 hoc
1371 3497 1499 3578 partes
1517 3481 1718 3566 incurrent,

218 3608 318 3681 omni
346 3607 598 3702 appellatione
626 3621 810 3691 cessante,
841 3630 998 3680 censura
1027 3605 1134 3680 simili
1161 3607 1442 3704 astringantur:

301 3753 361 3826 35.
383 3729 403 3772 '¹‘
431 3732 520 3805 etsi
538 3730 660 3806 eidem
679 3730 1002 3818 Vicecancellario,
1019 3729 1079 3804 vel
1099 3730 1357 3818 Auditoribus,
1374 3731 1528 3804 forsitan
1547 3729 1722 3803 videatur

218 3881 265 3929 ex
293 3854 473 3952 qualitate
501 3855 561 3928 vel
588 3854 799 3951 frequentia
817 3854 1001 3929 dictorum
1021 3879 1245 3928 excessuum
1274 3853 1334 3929 vel
1352 3853 1563 3927 defectuum
1596 3853 1721 3928 dictos

218 3980 449 4066 Advocatos,
493 3979 553 4053 vel
594 3995 868 4077 procuratores,
906 3980 986 4054 fore
1027 3978 1180 4078 gravius
1221 3979 1440 4076 puniendos,
1480 3977 1628 4074 possint
1669 3979 1721 4050 ad

216 4119 380 4201 tempus,
409 4103 469 4178 vel
497 4105 533 4178 iu
561 4121 798 4200 perpetuum,
818 4106 873 4179 eis
891 4105 1112 4178 interdicere
1131 4103 1253 4178 officia
1279 4103 1471 4199 prelibata.
1493 4099 1549 4158 *-
1567 4101 1606 4175 Si
1626 4125 1722 4176 vero

218 4229 405 4303 Advocati
432 4229 589 4326 predicti
617 4228 652 4302 in
680 4229 905 4304 consistorio
932 4229 1235 4304 constitutionem
1264 4230 1472 4325 predictam
1509 4227 1544 4300 in
1581 4251 1721 4326 propo·

218 4353 342 4426 nendo
370 4376 444 4426 non
472 4355 715 4440 servaverint,
736 4377 806 4449 per
831 4355 971 4428 dictum
1002 4351 1355 4428 Vicecancellarium
1382 4352 1431 4427 ad
1450 4368 1593 4427 certum
1620 4367 1722 4425 tem-

218 4500 301 4570 pus,
330 4477 400 4560 vel,
432 4478 462 4550 si
492 4475 598 4551 nimis
626 4477 957 4574 frequentaverint,
979 4478 1016 4552 in
1035 4492 1271 4574 perpetuum,
1293 4494 1406 4575 prout
1425 4477 1459 4550 ei
1478 4476 1673 4563 videbitur,
1697 4503 1721 4550 a

218 4598 317 4674 dicto
345 4602 626 4697 suspendantur
652 4603 787 4676 officio.
1331 4595 1335 4602 ’

300 4733 361 4819 36.
382 4723 403 4766 *
432 4725 607 4824 Denique
635 4728 886 4825 periculosum
915 4745 1048 4824 posset
1077 4753 1164 4803 esse
1192 4729 1371 4824 partibus,
1403 4730 1434 4802 si
1462 4729 1609 4825 patroni
1629 4752 1722 4802 cau-

218 4874 354 4935 sarum,
385 4876 483 4947 quos
523 4869 589 4926 aut
629 4853 801 4925 meritum
837 4854 1037 4950 peritiores
1071 4852 1201 4928 fecerit
1227 4871 1293 4926 aut
1325 4869 1507 4939 vetustas,
1544 4875 1614 4949 pro
1643 4877 1721 4927 una

218 4990 325 5069 parte
353 4975 560 5050 consistant
588 4977 716 5072 sicque
743 4993 889 5072 partem
917 4976 1028 5051 aliam
1057 5001 1211 5052 necesse
1248 4993 1307 5052 est
1344 5003 1367 5052 a
1404 4978 1559 5052 rudibus
1599 4993 1721 5074 atque

218 5099 399 5174 tironibus
429 5101 640 5187 substineri,

301 5221 397 5317 37.*
426 5227 634 5309 statuimus,
665 5242 717 5310 ut,
746 5227 778 5300 si
805 5240 933 5323 partes
962 5226 1033 5302 hoc
1061 5227 1246 5324 petierint,
1286 5229 1558 5302 causidicorum
1596 5228 1721 5301 distri·

216 5349 331 5432 butio,
362 5365 475 5445 prout
503 5349 634 5423 melius
662 5347 741 5424 fieri
770 5353 920 5448 poterit,
950 5351 1026 5439 fiat,
1057 5366 1096 5426 et
1124 5351 1354 5450 singulorum
1384 5367 1593 5447 exequetur
1629 5375 1720 5447 par-
