<?xml version="1.0" encoding="UTF-8"?>
<!DOCTYPE html PUBLIC "-//W3C//DTD XHTML 1.0 Transitional//EN"
    "http://www.w3.org/TR/xhtml1/DTD/xhtml1-transitional.dtd">
<html xmlns="http://www.w3.org/1999/xhtml" xml:lang="en" lang="en">
 <head>
  <title>
</title>
<meta http-equiv="Content-Type" content="text/html;charset=utf-8" />
  <meta name='ocr-system' content='tesseract 3.04.00' />
  <meta name='ocr-capabilities' content='ocr_page ocr_carea ocr_par ocr_line ocrx_word'/>
</head>
<body>
  <div class='ocr_page' id='page_1' title='image "./capellanipapaee00cercgoog_0352.png"; bbox 0 0 3748 5914; ppageno 0'>
   <div class='ocr_carea' id='block_1_1' title="bbox 228 261 1117 328">
    <p class='ocr_par' dir='ltr' id='par_1_1' title="bbox 228 261 1117 328">
     <span class='ocr_line' id='line_1_1' title="bbox 228 261 1117 328; baseline -0.008 0"><span class='ocrx_word' id='word_1_1' title='bbox 228 269 283 328; x_wconf 71' lang='lat'>³08</span> <span class='ocrx_word' id='word_1_2' title='bbox 874 263 1014 322; x_wconf 84' lang='lat' dir='ltr'>Soeculo</span> <span class='ocrx_word' id='word_1_3' title='bbox 1032 261 1117 322; x_wconf 84' lang='lat' dir='ltr'>XVI</span> 
     </span>
    </p>
   </div>
   <div class='ocr_carea' id='block_1_2' title="bbox 168 454 1746 3298">
    <p class='ocr_par' dir='ltr' id='par_1_2' title="bbox 168 454 1745 2924">
     <span class='ocr_line' id='line_1_2' title="bbox 229 454 1740 554; baseline -0.004 -24"><span class='ocrx_word' id='word_1_4' title='bbox 229 457 388 533; x_wconf 90' lang='lat' dir='ltr'>lominus</span> <span class='ocrx_word' id='word_1_5' title='bbox 422 457 558 554; x_wconf 92' lang='lat' dir='ltr'>potiori</span> <span class='ocrx_word' id='word_1_6' title='bbox 591 481 662 553; x_wconf 91' lang='lat' dir='ltr'>pro</span> <span class='ocrx_word' id='word_1_7' title='bbox 697 456 844 530; x_wconf 87' lang='lat' dir='ltr'>cautela</span> <span class='ocrx_word' id='word_1_8' title='bbox 876 469 943 529; x_wconf 89' lang='lat' dir='ltr'>aut</span> <span class='ocrx_word' id='word_1_9' title='bbox 975 455 1258 532; x_wconf 84' lang='lat' dir='ltr'>concessionem</span> <span class='ocrx_word' id='word_1_10' title='bbox 1290 454 1548 552; x_wconf 86' lang='lat' dir='ltr'>praeinsertae</span> <span class='ocrx_word' id='word_1_11' title='bbox 1586 454 1740 551; x_wconf 89' lang='lat' dir='ltr'>gratiae</span> 
     </span>
     <span class='ocr_line' id='line_1_3' title="bbox 230 575 1738 678; baseline -0.005 -21"><span class='ocrx_word' id='word_1_12' title='bbox 230 582 443 657; x_wconf 83' lang='lat' dir='ltr'>huiusmodi</span> <span class='ocrx_word' id='word_1_13' title='bbox 462 607 507 656; x_wconf 94' lang='lat' dir='ltr'>ac</span> <span class='ocrx_word' id='word_1_14' title='bbox 525 606 657 656; x_wconf 89' lang='lat' dir='ltr'>omnes</span> <span class='ocrx_word' id='word_1_15' title='bbox 676 597 715 654; x_wconf 92' lang='lat' dir='ltr'>et</span> <span class='ocrx_word' id='word_1_16' title='bbox 735 579 903 676; x_wconf 86' lang='lat' dir='ltr'>singulas</span> <span class='ocrx_word' id='word_1_17' title='bbox 922 577 1207 666; x_wconf 83' lang='lat' dir='ltr'>declarationes,</span> <span class='ocrx_word' id='word_1_18' title='bbox 1233 578 1512 678; x_wconf 84' lang='lat' dir='ltr'>derogationes,</span> <span class='ocrx_word' id='word_1_19' title='bbox 1533 575 1738 658; x_wconf 88' lang='lat' dir='ltr'>clausulas,</span> 
     </span>
     <span class='ocr_line' id='line_1_4' title="bbox 231 702 1741 805; baseline -0.004 -23"><span class='ocrx_word' id='word_1_20' title='bbox 231 709 384 783; x_wconf 89' lang='lat' dir='ltr'>decreta</span> <span class='ocrx_word' id='word_1_21' title='bbox 401 723 442 782; x_wconf 89' lang='lat' dir='ltr'>et</span> <span class='ocrx_word' id='word_1_22' title='bbox 460 731 721 805; x_wconf 91' lang='lat' dir='ltr'>quaecumque</span> <span class='ocrx_word' id='word_1_23' title='bbox 740 705 776 778; x_wconf 92' lang='lat' dir='ltr'>in</span> <span class='ocrx_word' id='word_1_24' title='bbox 796 703 857 780; x_wconf 88' lang='lat' dir='ltr'>illa</span> <span class='ocrx_word' id='word_1_25' title='bbox 876 704 1052 802; x_wconf 85' lang='lat' dir='ltr'>apposita</span> <span class='ocrx_word' id='word_1_26' title='bbox 1070 703 1106 777; x_wconf 93' lang='lat' dir='ltr'>in</span> <span class='ocrx_word' id='word_1_27' title='bbox 1125 702 1183 777; x_wconf 91' lang='lat' dir='ltr'>his</span> <span class='ocrx_word' id='word_1_28' title='bbox 1197 703 1368 777; x_wconf 90' lang='lat' dir='ltr'>videlicet</span> <span class='ocrx_word' id='word_1_29' title='bbox 1386 705 1585 778; x_wconf 77' lang='lat' dir='ltr'>dumtaxat</span> <span class='ocrx_word' id='word_1_30' title='bbox 1597 702 1741 798; x_wconf 90' lang='lat' dir='ltr'>quibus</span> 
     </span>
     <span class='ocr_line' id='line_1_5' title="bbox 232 828 1743 928; baseline -0.003 -23"><span class='ocrx_word' id='word_1_31' title='bbox 232 833 375 908; x_wconf 86' lang='lat' dir='ltr'>iuribus</span> <span class='ocrx_word' id='word_1_32' title='bbox 401 848 441 905; x_wconf 93' lang='lat' dir='ltr'>et</span> <span class='ocrx_word' id='word_1_33' title='bbox 468 830 672 928; x_wconf 89' lang='lat' dir='ltr'>privilegiis</span> <span class='ocrx_word' id='word_1_34' title='bbox 699 831 908 904; x_wconf 88' lang='lat' dir='ltr'>eorundem</span> <span class='ocrx_word' id='word_1_35' title='bbox 937 829 1080 904; x_wconf 86' lang='lat' dir='ltr'>Decani</span> <span class='ocrx_word' id='word_1_36' title='bbox 1108 844 1148 903; x_wconf 92' lang='lat' dir='ltr'>et</span> <span class='ocrx_word' id='word_1_37' title='bbox 1170 828 1398 904; x_wconf 88' lang='lat' dir='ltr'>Auditorum</span> <span class='ocrx_word' id='word_1_38' title='bbox 1417 853 1462 903; x_wconf 95' lang='lat' dir='ltr'>ac</span> <span class='ocrx_word' id='word_1_39' title='bbox 1480 829 1743 903; x_wconf 87' lang='lat' dir='ltr'>locumtenen-</span> 
     </span>
     <span class='ocr_line' id='line_1_6' title="bbox 232 953 1740 1054; baseline -0.005 -23"><span class='ocrx_word' id='word_1_40' title='bbox 232 958 336 1040; x_wconf 85' lang='lat' dir='ltr'>tium‚</span> <span class='ocrx_word' id='word_1_41' title='bbox 365 980 573 1054; x_wconf 89' lang='lat' dir='ltr'>eorumque</span> <span class='ocrx_word' id='word_1_42' title='bbox 602 953 762 1054; x_wconf 89' lang='lat' dir='ltr'>collegio</span> <span class='ocrx_word' id='word_1_43' title='bbox 790 955 825 1028; x_wconf 93' lang='lat' dir='ltr'>in</span> <span class='ocrx_word' id='word_1_44' title='bbox 857 954 982 1052; x_wconf 88' lang='lat' dir='ltr'>specie</span> <span class='ocrx_word' id='word_1_45' title='bbox 1009 970 1076 1028; x_wconf 87' lang='lat' dir='ltr'>aut</span> <span class='ocrx_word' id='word_1_46' title='bbox 1103 977 1244 1052; x_wconf 84' lang='lat' dir='ltr'>genere</span> <span class='ocrx_word' id='word_1_47' title='bbox 1270 953 1329 1027; x_wconf 89' lang='lat' dir='ltr'>vel</span> <span class='ocrx_word' id='word_1_48' title='bbox 1356 955 1392 1028; x_wconf 93' lang='lat' dir='ltr'>in</span> <span class='ocrx_word' id='word_1_49' title='bbox 1421 954 1572 1028; x_wconf 93' lang='lat' dir='ltr'>minimo</span> <span class='ocrx_word' id='word_1_50' title='bbox 1590 953 1740 1051; x_wconf 86' lang='lat' dir='ltr'>praeiu-</span> 
     </span>
     <span class='ocr_line' id='line_1_7' title="bbox 231 1078 1738 1180; baseline -0.003 -24"><span class='ocrx_word' id='word_1_51' title='bbox 231 1081 377 1180; x_wconf 86' lang='lat' dir='ltr'>dicatur</span> <span class='ocrx_word' id='word_1_52' title='bbox 403 1105 611 1164; x_wconf 90' lang='lat' dir='ltr'>cassamus,</span> <span class='ocrx_word' id='word_1_53' title='bbox 633 1103 854 1153; x_wconf 85' lang='lat' dir='ltr'>revocamus</span> <span class='ocrx_word' id='word_1_54' title='bbox 873 1095 913 1154; x_wconf 93' lang='lat' dir='ltr'>et</span> <span class='ocrx_word' id='word_1_55' title='bbox 931 1079 1131 1162; x_wconf 88' lang='lat' dir='ltr'>irritamus,</span> <span class='ocrx_word' id='word_1_56' title='bbox 1152 1078 1329 1176; x_wconf 90' lang='lat' dir='ltr'>illamque</span> <span class='ocrx_word' id='word_1_57' title='bbox 1351 1095 1390 1152; x_wconf 87' lang='lat' dir='ltr'>et</span> <span class='ocrx_word' id='word_1_58' title='bbox 1408 1104 1455 1152; x_wconf 88' lang='lat' dir='ltr'>ea</span> <span class='ocrx_word' id='word_1_59' title='bbox 1473 1094 1575 1152; x_wconf 86' lang='lat' dir='ltr'>stare</span> <span class='ocrx_word' id='word_1_60' title='bbox 1594 1079 1738 1152; x_wconf 88' lang='lat' dir='ltr'>debere</span> 
     </span>
     <span class='ocr_line' id='line_1_8' title="bbox 233 1202 1738 1304; baseline -0.002 -23"><span class='ocrx_word' id='word_1_61' title='bbox 233 1205 390 1304; x_wconf 89' lang='lat' dir='ltr'>perinde</span> <span class='ocrx_word' id='word_1_62' title='bbox 417 1233 461 1281; x_wconf 87' lang='lat' dir='ltr'>ac</span> <span class='ocrx_word' id='word_1_63' title='bbox 490 1207 520 1279; x_wconf 92' lang='lat' dir='ltr'>si</span> <span class='ocrx_word' id='word_1_64' title='bbox 548 1221 664 1301; x_wconf 91' lang='lat' dir='ltr'>prout</span> <span class='ocrx_word' id='word_1_65' title='bbox 690 1205 738 1278; x_wconf 89' lang='lat' dir='ltr'>de</span> <span class='ocrx_word' id='word_1_66' title='bbox 766 1204 846 1277; x_wconf 91' lang='lat' dir='ltr'>iure</span> <span class='ocrx_word' id='word_1_67' title='bbox 872 1220 912 1278; x_wconf 92' lang='lat' dir='ltr'>et</span> <span class='ocrx_word' id='word_1_68' title='bbox 939 1229 1024 1277; x_wconf 93' lang='lat' dir='ltr'>cum</span> <span class='ocrx_word' id='word_1_69' title='bbox 1052 1202 1218 1278; x_wconf 88' lang='lat' dir='ltr'>clausula</span> <span class='ocrx_word' id='word_1_70' title='bbox 1250 1229 1433 1300; x_wconf 87' lang='lat' dir='ltr'>expressa</span> <span class='ocrx_word' id='word_1_71' title='bbox 1465 1219 1738 1300; x_wconf 88' lang='lat' dir='ltr'>praeservante</span> 
     </span>
     <span class='ocr_line' id='line_1_9' title="bbox 235 1327 1736 1428; baseline -0.001 -24"><span class='ocrx_word' id='word_1_72' title='bbox 235 1333 327 1419; x_wconf 86' lang='lat' dir='ltr'>iura,</span> <span class='ocrx_word' id='word_1_73' title='bbox 361 1349 400 1406; x_wconf 90' lang='lat' dir='ltr'>et</span> <span class='ocrx_word' id='word_1_74' title='bbox 432 1329 628 1428; x_wconf 87' lang='lat' dir='ltr'>privilegia</span> <span class='ocrx_word' id='word_1_75' title='bbox 660 1328 849 1404; x_wconf 89' lang='lat' dir='ltr'>modernis</span> <span class='ocrx_word' id='word_1_76' title='bbox 887 1346 927 1402; x_wconf 91' lang='lat' dir='ltr'>et</span> <span class='ocrx_word' id='word_1_77' title='bbox 965 1354 1035 1425; x_wconf 91' lang='lat' dir='ltr'>pro</span> <span class='ocrx_word' id='word_1_78' title='bbox 1073 1346 1244 1425; x_wconf 87' lang='lat' dir='ltr'>tempore</span> <span class='ocrx_word' id='word_1_79' title='bbox 1283 1327 1529 1404; x_wconf 84' lang='lat' dir='ltr'>existentibus</span> <span class='ocrx_word' id='word_1_80' title='bbox 1566 1329 1736 1412; x_wconf 86' lang='lat' dir='ltr'>Decano,</span> 
     </span>
     <span class='ocr_line' id='line_1_10' title="bbox 235 1453 1738 1554; baseline -0.003 -22"><span class='ocrx_word' id='word_1_81' title='bbox 235 1457 494 1538; x_wconf 87' lang='lat' dir='ltr'>Auditoribus.</span> <span class='ocrx_word' id='word_1_82' title='bbox 525 1455 874 1542; x_wconf 71' lang='lat' dir='ltr'>locumtenentibus</span> <span class='ocrx_word' id='word_1_83' title='bbox 896 1471 1084 1529; x_wconf 90' lang='lat' dir='ltr'>eteorum</span> <span class='ocrx_word' id='word_1_84' title='bbox 1113 1453 1273 1554; x_wconf 90' lang='lat' dir='ltr'>collegio</span> <span class='ocrx_word' id='word_1_85' title='bbox 1299 1456 1337 1529; x_wconf 94' lang='lat' dir='ltr'>in</span> <span class='ocrx_word' id='word_1_86' title='bbox 1360 1457 1486 1553; x_wconf 90' lang='lat' dir='ltr'>specie</span> <span class='ocrx_word' id='word_1_87' title='bbox 1504 1455 1563 1528; x_wconf 89' lang='lat' dir='ltr'>vel</span> <span class='ocrx_word' id='word_1_88' title='bbox 1582 1480 1738 1552; x_wconf 87' lang='lat' dir='ltr'>genere,</span> 
     </span>
     <span class='ocr_line' id='line_1_11' title="bbox 235 1579 1740 1678; baseline -0.003 -20"><span class='ocrx_word' id='word_1_89' title='bbox 235 1607 279 1658; x_wconf 88' lang='lat' dir='ltr'>ac</span> <span class='ocrx_word' id='word_1_90' title='bbox 307 1600 384 1656; x_wconf 88' lang='lat' dir='ltr'>tam</span> <span class='ocrx_word' id='word_1_91' title='bbox 413 1582 635 1658; x_wconf 89' lang='lat' dir='ltr'>coniunctim</span> <span class='ocrx_word' id='word_1_92' title='bbox 665 1605 778 1677; x_wconf 90' lang='lat' dir='ltr'>quam</span> <span class='ocrx_word' id='word_1_93' title='bbox 806 1579 964 1667; x_wconf 90' lang='lat' dir='ltr'>divisim,</span> <span class='ocrx_word' id='word_1_94' title='bbox 995 1579 1283 1676; x_wconf 89' lang='lat' dir='ltr'>quomodolibet</span> <span class='ocrx_word' id='word_1_95' title='bbox 1310 1605 1492 1655; x_wconf 89' lang='lat' dir='ltr'>concessa</span> <span class='ocrx_word' id='word_1_96' title='bbox 1521 1597 1561 1656; x_wconf 91' lang='lat' dir='ltr'>et</span> <span class='ocrx_word' id='word_1_97' title='bbox 1588 1606 1740 1678; x_wconf 90' lang='lat' dir='ltr'>compe·</span> 
     </span>
     <span class='ocr_line' id='line_1_12' title="bbox 237 1705 1740 1804; baseline 0 -24"><span class='ocrx_word' id='word_1_98' title='bbox 237 1707 354 1781; x_wconf 90' lang='lat' dir='ltr'>tentia</span> <span class='ocrx_word' id='word_1_99' title='bbox 382 1724 421 1781; x_wconf 92' lang='lat' dir='ltr'>et</span> <span class='ocrx_word' id='word_1_100' title='bbox 449 1731 525 1792; x_wconf 84' lang='lat' dir='ltr'>non</span> <span class='ocrx_word' id='word_1_101' title='bbox 552 1705 645 1780; x_wconf 90' lang='lat' dir='ltr'>alias</span> <span class='ocrx_word' id='word_1_102' title='bbox 673 1731 763 1780; x_wconf 90' lang='lat' dir='ltr'>vero</span> <span class='ocrx_word' id='word_1_103' title='bbox 790 1731 813 1779; x_wconf 88' lang='lat' dir='ltr'>a</span> <span class='ocrx_word' id='word_1_104' title='bbox 833 1705 1013 1802; x_wconf 91' lang='lat' dir='ltr'>principio</span> <span class='ocrx_word' id='word_1_105' title='bbox 1032 1731 1056 1780; x_wconf 91' lang='lat' dir='ltr'>a</span> <span class='ocrx_word' id='word_1_106' title='bbox 1074 1707 1182 1780; x_wconf 91' lang='lat' dir='ltr'>nobis</span> <span class='ocrx_word' id='word_1_107' title='bbox 1201 1723 1430 1793; x_wconf 87' lang='lat' dir='ltr'>emanasset,</span> <span class='ocrx_word' id='word_1_108' title='bbox 1446 1723 1485 1780; x_wconf 91' lang='lat' dir='ltr'>et</span> <span class='ocrx_word' id='word_1_109' title='bbox 1504 1705 1556 1779; x_wconf 90' lang='lat' dir='ltr'>sic</span> <span class='ocrx_word' id='word_1_110' title='bbox 1575 1707 1612 1780; x_wconf 96' lang='lat' dir='ltr'>in</span> <span class='ocrx_word' id='word_1_111' title='bbox 1632 1731 1740 1804; x_wconf 89' lang='lat' dir='ltr'>prae-</span> 
     </span>
     <span class='ocr_line' id='line_1_13' title="bbox 238 1829 1739 1929; baseline 0.001 -25"><span class='ocrx_word' id='word_1_112' title='bbox 238 1831 363 1905; x_wconf 90' lang='lat' dir='ltr'>missis</span> <span class='ocrx_word' id='word_1_113' title='bbox 390 1831 567 1906; x_wconf 90' lang='lat' dir='ltr'>omnibus</span> <span class='ocrx_word' id='word_1_114' title='bbox 595 1846 633 1904; x_wconf 90' lang='lat' dir='ltr'>et</span> <span class='ocrx_word' id='word_1_115' title='bbox 664 1831 820 1929; x_wconf 90' lang='lat' dir='ltr'>singulis</span> <span class='ocrx_word' id='word_1_116' title='bbox 847 1855 917 1928; x_wconf 89' lang='lat' dir='ltr'>per</span> <span class='ocrx_word' id='word_1_117' title='bbox 944 1854 1204 1928; x_wconf 89' lang='lat' dir='ltr'>quoscumque</span> <span class='ocrx_word' id='word_1_118' title='bbox 1232 1829 1376 1905; x_wconf 89' lang='lat' dir='ltr'>ludices</span> <span class='ocrx_word' id='word_1_119' title='bbox 1404 1845 1476 1906; x_wconf 89' lang='lat' dir='ltr'>etc.</span> <span class='ocrx_word' id='word_1_120' title='bbox 1498 1829 1647 1906; x_wconf 88' lang='lat' dir='ltr'>sublata</span> <span class='ocrx_word' id='word_1_121' title='bbox 1666 1847 1739 1905; x_wconf 88' lang='lat' dir='ltr'>etc.</span> 
     </span>
     <span class='ocr_line' id='line_1_14' title="bbox 238 1955 1743 2053; baseline -0.001 -22"><span class='ocrx_word' id='word_1_122' title='bbox 238 1957 391 2031; x_wconf 89' lang='lat' dir='ltr'>indicari</span> <span class='ocrx_word' id='word_1_123' title='bbox 418 1973 488 2032; x_wconf 90' lang='lat' dir='ltr'>etc.</span> <span class='ocrx_word' id='word_1_124' title='bbox 519 1955 669 2038; x_wconf 88' lang='lat' dir='ltr'>debere,</span> <span class='ocrx_word' id='word_1_125' title='bbox 699 1956 842 2030; x_wconf 91' lang='lat' dir='ltr'>irritum</span> <span class='ocrx_word' id='word_1_126' title='bbox 870 1971 1090 2052; x_wconf 82' lang='lat' dir='ltr'>quoquest</span> <span class='ocrx_word' id='word_1_127' title='bbox 1126 1956 1237 2029; x_wconf 82' lang='lat' dir='ltr'>inane</span> <span class='ocrx_word' id='word_1_128' title='bbox 1270 1955 1478 2053; x_wconf 87' lang='lat' dir='ltr'>apostolica</span> <span class='ocrx_word' id='word_1_129' title='bbox 1515 1957 1743 2033; x_wconf 90' lang='lat' dir='ltr'>auctoritate</span> 
     </span>
     <span class='ocr_line' id='line_1_15' title="bbox 239 2081 1743 2178; baseline -0.003 -21"><span class='ocrx_word' id='word_1_130' title='bbox 239 2083 487 2157; x_wconf 88' lang='lat' dir='ltr'>decernimus.</span> <span class='ocrx_word' id='word_1_131' title='bbox 518 2081 604 2155; x_wconf 91' lang='lat' dir='ltr'>Non</span> <span class='ocrx_word' id='word_1_132' title='bbox 634 2083 812 2157; x_wconf 86' lang='lat' dir='ltr'>obstante</span> <span class='ocrx_word' id='word_1_133' title='bbox 838 2081 970 2155; x_wconf 87' lang='lat' dir='ltr'>eadem</span> <span class='ocrx_word' id='word_1_134' title='bbox 999 2081 1243 2176; x_wconf 88' lang='lat' dir='ltr'>praeinserta,</span> <span class='ocrx_word' id='word_1_135' title='bbox 1263 2105 1308 2154; x_wconf 85' lang='lat' dir='ltr'>ac</span> <span class='ocrx_word' id='word_1_136' title='bbox 1327 2083 1625 2178; x_wconf 89' lang='lat' dir='ltr'>quibuscumque</span> <span class='ocrx_word' id='word_1_137' title='bbox 1643 2081 1743 2154; x_wconf 90' lang='lat' dir='ltr'>illius</span> 
     </span>
     <span class='ocr_line' id='line_1_16' title="bbox 168 2204 1743 2304; baseline -0.001 -25"><span class='ocrx_word' id='word_1_138' title='bbox 168 2233 171 2244; x_wconf 93' lang='lat'>·</span> <span class='ocrx_word' id='word_1_139' title='bbox 240 2207 371 2304; x_wconf 89' lang='lat' dir='ltr'>vigore</span> <span class='ocrx_word' id='word_1_140' title='bbox 399 2205 684 2301; x_wconf 90' lang='lat' dir='ltr'>quomodolibet</span> <span class='ocrx_word' id='word_1_141' title='bbox 710 2205 893 2279; x_wconf 86' lang='lat' dir='ltr'>emanatis</span> <span class='ocrx_word' id='word_1_142' title='bbox 920 2230 964 2278; x_wconf 87' lang='lat' dir='ltr'>ac</span> <span class='ocrx_word' id='word_1_143' title='bbox 991 2204 1222 2289; x_wconf 87' lang='lat' dir='ltr'>emanandis,</span> <span class='ocrx_word' id='word_1_144' title='bbox 1244 2205 1571 2279; x_wconf 90' lang='lat' dir='ltr'>constitutionibus</span> <span class='ocrx_word' id='word_1_145' title='bbox 1585 2229 1743 2302; x_wconf 92' lang='lat' dir='ltr'>quoque</span> 
     </span>
     <span class='ocr_line' id='line_1_17' title="bbox 240 2329 1745 2426; baseline -0.001 -22"><span class='ocrx_word' id='word_1_146' title='bbox 240 2347 279 2404; x_wconf 91' lang='lat' dir='ltr'>et</span> <span class='ocrx_word' id='word_1_147' title='bbox 297 2329 594 2405; x_wconf 88' lang='lat' dir='ltr'>ordinationibus</span> <span class='ocrx_word' id='word_1_148' title='bbox 612 2329 828 2426; x_wconf 88' lang='lat' dir='ltr'>apostolicis</span> <span class='ocrx_word' id='word_1_149' title='bbox 848 2354 892 2402; x_wconf 88' lang='lat' dir='ltr'>ac</span> <span class='ocrx_word' id='word_1_150' title='bbox 911 2329 1045 2403; x_wconf 88' lang='lat' dir='ltr'>ceteris</span> <span class='ocrx_word' id='word_1_151' title='bbox 1065 2329 1261 2402; x_wconf 90' lang='lat' dir='ltr'>contrariis</span> <span class='ocrx_word' id='word_1_152' title='bbox 1279 2329 1593 2426; x_wconf 89' lang='lat' dir='ltr'>quibuscumque.</span> <span class='ocrx_word' id='word_1_153' title='bbox 1617 2330 1745 2403; x_wconf 89' lang='lat' dir='ltr'>Huius</span> 
     </span>
     <span class='ocr_line' id='line_1_18' title="bbox 239 2453 1743 2552; baseline -0.002 -23"><span class='ocrx_word' id='word_1_154' title='bbox 239 2470 365 2530; x_wconf 91' lang='lat' dir='ltr'>autem</span> <span class='ocrx_word' id='word_1_155' title='bbox 395 2455 524 2528; x_wconf 90' lang='lat' dir='ltr'>Motus</span> <span class='ocrx_word' id='word_1_156' title='bbox 552 2454 693 2551; x_wconf 86' lang='lat' dir='ltr'>proprii</span> <span class='ocrx_word' id='word_1_157' title='bbox 721 2455 838 2530; x_wconf 90' lang='lat' dir='ltr'>nostri</span> <span class='ocrx_word' id='word_1_158' title='bbox 875 2453 993 2530; x_wconf 86' lang='lat' dir='ltr'>solam</span> <span class='ocrx_word' id='word_1_159' title='bbox 1037 2453 1268 2552; x_wconf 88' lang='lat' dir='ltr'>signaturam</span> <span class='ocrx_word' id='word_1_160' title='bbox 1311 2453 1481 2529; x_wconf 87' lang='lat' dir='ltr'>sufficere</span> <span class='ocrx_word' id='word_1_161' title='bbox 1521 2470 1561 2529; x_wconf 89' lang='lat' dir='ltr'>et</span> <span class='ocrx_word' id='word_1_162' title='bbox 1601 2455 1743 2552; x_wconf 91' lang='lat' dir='ltr'>ubique</span> 
     </span>
     <span class='ocr_line' id='line_1_19' title="bbox 242 2578 1742 2678; baseline -0.001 -25"><span class='ocrx_word' id='word_1_163' title='bbox 242 2580 354 2653; x_wconf 88' lang='lat' dir='ltr'>fidem</span> <span class='ocrx_word' id='word_1_164' title='bbox 383 2579 418 2652; x_wconf 92' lang='lat' dir='ltr'>in</span> <span class='ocrx_word' id='word_1_165' title='bbox 447 2578 582 2653; x_wconf 89' lang='lat' dir='ltr'>iudicio</span> <span class='ocrx_word' id='word_1_166' title='bbox 610 2595 649 2652; x_wconf 91' lang='lat' dir='ltr'>et</span> <span class='ocrx_word' id='word_1_167' title='bbox 676 2593 783 2653; x_wconf 90' lang='lat' dir='ltr'>extra</span> <span class='ocrx_word' id='word_1_168' title='bbox 810 2579 933 2653; x_wconf 87' lang='lat' dir='ltr'>iacere</span> <span class='ocrx_word' id='word_1_169' title='bbox 960 2579 1072 2652; x_wconf 88' lang='lat' dir='ltr'>etiam</span> <span class='ocrx_word' id='word_1_170' title='bbox 1100 2580 1246 2675; x_wconf 88' lang='lat' dir='ltr'>absque</span> <span class='ocrx_word' id='word_1_171' title='bbox 1284 2603 1330 2654; x_wconf 89' lang='lat' dir='ltr'>eo</span> <span class='ocrx_word' id='word_1_172' title='bbox 1363 2579 1467 2676; x_wconf 90' lang='lat' dir='ltr'>quod</span> <span class='ocrx_word' id='word_1_173' title='bbox 1505 2579 1742 2678; x_wconf 86' lang='lat' dir='ltr'>registretur,</span> 
     </span>
     <span class='ocr_line' id='line_1_20' title="bbox 242 2704 1742 2803; baseline 0.001 -25"><span class='ocrx_word' id='word_1_174' title='bbox 242 2704 374 2803; x_wconf 88' lang='lat' dir='ltr'>regula</span> <span class='ocrx_word' id='word_1_175' title='bbox 401 2727 640 2800; x_wconf 86' lang='lat' dir='ltr'>quacumque</span> <span class='ocrx_word' id='word_1_176' title='bbox 667 2704 704 2776; x_wconf 95' lang='lat' dir='ltr'>in</span> <span class='ocrx_word' id='word_1_177' title='bbox 732 2705 959 2780; x_wconf 92' lang='lat' dir='ltr'>contrarium</span> <span class='ocrx_word' id='word_1_178' title='bbox 988 2728 1058 2800; x_wconf 91' lang='lat' dir='ltr'>pro</span> <span class='ocrx_word' id='word_1_179' title='bbox 1095 2720 1269 2800; x_wconf 88' lang='lat' dir='ltr'>tempore</span> <span class='ocrx_word' id='word_1_180' title='bbox 1303 2705 1405 2779; x_wconf 90' lang='lat' dir='ltr'>edita</span> <span class='ocrx_word' id='word_1_181' title='bbox 1440 2730 1514 2779; x_wconf 94' lang='lat' dir='ltr'>non</span> <span class='ocrx_word' id='word_1_182' title='bbox 1550 2705 1742 2788; x_wconf 91' lang='lat' dir='ltr'>obstante,</span> 
     </span>
     <span class='ocr_line' id='line_1_21' title="bbox 242 2828 837 2924; baseline 0.002 -22"><span class='ocrx_word' id='word_1_183' title='bbox 242 2828 416 2904; x_wconf 91' lang='lat' dir='ltr'>volumus</span> <span class='ocrx_word' id='word_1_184' title='bbox 443 2844 560 2924; x_wconf 91' lang='lat' dir='ltr'>atque</span> <span class='ocrx_word' id='word_1_185' title='bbox 587 2828 837 2904; x_wconf 88' lang='lat' dir='ltr'>concedimus.</span> 
     </span>
    </p>

    <p class='ocr_par' dir='ltr' id='par_1_3' title="bbox 243 2951 1746 3298">
     <span class='ocr_line' id='line_1_22' title="bbox 325 2951 1746 3056; baseline 0.001 -29"><span class='ocrx_word' id='word_1_186' title='bbox 325 2951 459 3056; x_wconf 82' lang='lat' dir='ltr'>(verso)</span> <span class='ocrx_word' id='word_1_187' title='bbox 488 2953 681 3051; x_wconf 90' lang='lat' dir='ltr'>Scripture</span> <span class='ocrx_word' id='word_1_188' title='bbox 708 2955 940 3051; x_wconf 88' lang='lat' dir='ltr'>pertinentes</span> <span class='ocrx_word' id='word_1_189' title='bbox 967 2955 1015 3028; x_wconf 90' lang='lat' dir='ltr'>ad</span> <span class='ocrx_word' id='word_1_190' title='bbox 1044 2953 1279 3053; x_wconf 88' lang='lat' dir='ltr'>privilegium</span> <span class='ocrx_word' id='word_1_191' title='bbox 1301 2955 1445 3030; x_wconf 89' lang='lat' dir='ltr'>Decani</span> <span class='ocrx_word' id='word_1_192' title='bbox 1473 2955 1595 3029; x_wconf 91' lang='lat' dir='ltr'>Rotae</span> <span class='ocrx_word' id='word_1_193' title='bbox 1630 2981 1746 3053; x_wconf 87' lang='lat' dir='ltr'>super</span> 
     </span>
     <span class='ocr_line' id='line_1_23' title="bbox 243 3079 1744 3176; baseline 0 -22"><span class='ocrx_word' id='word_1_194' title='bbox 243 3079 441 3155; x_wconf 90' lang='lat' dir='ltr'>collatione</span> <span class='ocrx_word' id='word_1_195' title='bbox 471 3079 690 3153; x_wconf 89' lang='lat' dir='ltr'>Notariatus</span> <span class='ocrx_word' id='word_1_196' title='bbox 720 3079 844 3154; x_wconf 87' lang='lat' dir='ltr'>Rotae</span> <span class='ocrx_word' id='word_1_197' title='bbox 871 3080 1038 3153; x_wconf 90' lang='lat' dir='ltr'>vacantis</span> <span class='ocrx_word' id='word_1_198' title='bbox 1066 3094 1238 3176; x_wconf 90' lang='lat' dir='ltr'>tempore</span> <span class='ocrx_word' id='word_1_199' title='bbox 1255 3081 1503 3176; x_wconf 90' lang='lat' dir='ltr'>promotionis</span> <span class='ocrx_word' id='word_1_200' title='bbox 1522 3081 1601 3154; x_wconf 92' lang='lat' dir='ltr'>sive</span> <span class='ocrx_word' id='word_1_201' title='bbox 1620 3095 1744 3154; x_wconf 91' lang='lat' dir='ltr'>trans-</span> 
     </span>
     <span class='ocr_line' id='line_1_24' title="bbox 244 3203 1119 3298; baseline -0.002 -19"><span class='ocrx_word' id='word_1_202' title='bbox 244 3204 392 3280; x_wconf 90' lang='lat' dir='ltr'>lationis</span> <span class='ocrx_word' id='word_1_203' title='bbox 420 3203 479 3278; x_wconf 90' lang='lat' dir='ltr'>vel</span> <span class='ocrx_word' id='word_1_204' title='bbox 507 3204 633 3278; x_wconf 91' lang='lat' dir='ltr'>obitus</span> <span class='ocrx_word' id='word_1_205' title='bbox 661 3203 869 3278; x_wconf 87' lang='lat' dir='ltr'>Auditoris.</span> <span class='ocrx_word' id='word_1_206' title='bbox 899 3205 1035 3277; x_wconf 77' lang='lat' dir='ltr'>Mazzo</span> <span class='ocrx_word' id='word_1_207' title='bbox 1062 3227 1119 3298; x_wconf 77' lang='lat'>13.</span> 
     </span>
    </p>
   </div>
   <div class='ocr_carea' id='block_1_3' title="bbox 954 3556 1039 3634">
    <p class='ocr_par' dir='ltr' id='par_1_4' title="bbox 954 3556 1039 3634">
     <span class='ocr_line' id='line_1_25' title="bbox 954 3556 1039 3634; baseline 0 0"><span class='ocrx_word' id='word_1_208' title='bbox 954 3556 1039 3634; x_wconf 88' lang='lat'><strong>169.</strong></span> 
     </span>
    </p>
   </div>
   <div class='ocr_carea' id='block_1_4' title="bbox 248 3715 1744 3940">
    <p class='ocr_par' dir='ltr' id='par_1_5' title="bbox 248 3715 1744 3940">
     <span class='ocr_line' id='line_1_26' title="bbox 248 3715 1744 3816; baseline 0.003 -28"><span class='ocrx_word' id='word_1_209' title='bbox 248 3717 343 3788; x_wconf 83' lang='lat' dir='ltr'>Pius</span> <span class='ocrx_word' id='word_1_210' title='bbox 379 3717 417 3788; x_wconf 85' lang='lat' dir='ltr'><em>V</em></span> <span class='ocrx_word' id='word_1_211' title='bbox 436 3715 688 3789; x_wconf 81' lang='lat' dir='ltr'>auditoratum</span> <span class='ocrx_word' id='word_1_212' title='bbox 716 3715 835 3790; x_wconf 83' lang='lat' dir='ltr'>Rotae</span> <span class='ocrx_word' id='word_1_213' title='bbox 860 3718 1001 3803; x_wconf 76' lang='lat' dir='ltr'>confert</span> <span class='ocrx_word' id='word_1_214' title='bbox 1026 3717 1217 3816; x_wconf 75' lang='lat' dir='ltr'>Irlz&#39;ppolilo</span> <span class='ocrx_word' id='word_1_215' title='bbox 1235 3717 1522 3805; x_wconf 82' lang='lat' dir='ltr'>Aldobrandim&#39;,</span> <span class='ocrx_word' id='word_1_216' title='bbox 1543 3719 1611 3815; x_wconf 81' lang='lat' dir='ltr'>qui</span> <span class='ocrx_word' id='word_1_217' title='bbox 1624 3721 1744 3792; x_wconf 73' lang='lat' dir='ltr'>serim</span> 
     </span>
     <span class='ocr_line' id='line_1_27' title="bbox 317 3839 872 3940; baseline 0.009 -28"><span class='ocrx_word' id='word_1_218' title='bbox 317 3840 403 3934; x_wconf 69' lang='lat' dir='ltr'>fiu&#39;t</span> <span class='ocrx_word' id='word_1_219' title='bbox 430 3841 537 3940; x_wconf 83' lang='lat' dir='ltr'>Papa</span> <span class='ocrx_word' id='word_1_220' title='bbox 567 3839 728 3914; x_wconf 65' lang='lat' dir='ltr'>clevans</span> <span class='ocrx_word' id='word_1_221' title='bbox 764 3843 872 3917; x_wconf 85' lang='lat' dir='ltr'><em>VIII.</em></span> 
     </span>
    </p>
   </div>
   <div class='ocr_carea' id='block_1_5' title="bbox 325 3993 1119 4070">
    <p class='ocr_par' dir='ltr' id='par_1_6' title="bbox 325 3993 1119 4070">
     <span class='ocr_line' id='line_1_28' title="bbox 325 3993 1119 4070; baseline 0.003 -16"><span class='ocrx_word' id='word_1_222' title='bbox 325 3995 443 4068; x_wconf 73' lang='lat' dir='ltr'>(Anca.</span> <span class='ocrx_word' id='word_1_223' title='bbox 461 3993 549 4068; x_wconf 76' lang='lat' dir='ltr'>Ros,</span> <span class='ocrx_word' id='word_1_224' title='bbox 572 3995 826 4055; x_wconf 78' lang='lat' dir='ltr'>‹Admr&#39;ssrbnes</span> <span class='ocrx_word' id='word_1_225' title='bbox 838 4021 865 4070; x_wconf 75' lang='grc' dir='ltr'>ι,</span> <span class='ocrx_word' id='word_1_226' title='bbox 882 3995 948 4058; x_wconf 78' lang='lat' dir='ltr'>Pio</span> <span class='ocrx_word' id='word_1_227' title='bbox 975 3996 1009 4066; x_wconf 90' lang='lat' dir='ltr'>V,</span> <span class='ocrx_word' id='word_1_228' title='bbox 1027 4014 1059 4056; x_wconf 88' lang='lat' dir='ltr'>n.</span> <span class='ocrx_word' id='word_1_229' title='bbox 1077 3997 1119 4069; x_wconf 84' lang='lat'>3).</span> 
     </span>
    </p>
   </div>
   <div class='ocr_carea' id='block_1_6' title="bbox 1293 4161 1746 4236">
    <p class='ocr_par' dir='ltr' id='par_1_7' title="bbox 1293 4161 1746 4236">
     <span class='ocr_line' id='line_1_29' title="bbox 1293 4161 1746 4236; baseline 0.004 -16"><span class='ocrx_word' id='word_1_230' title='bbox 1293 4161 1374 4232; x_wconf 81' lang='lat'>1569,</span> <span class='ocrx_word' id='word_1_231' title='bbox 1393 4161 1533 4220; x_wconf 87' lang='lat' dir='ltr'>octobris</span> <span class='ocrx_word' id='word_1_232' title='bbox 1554 4162 1595 4236; x_wconf 88' lang='lat'>10,</span> <span class='ocrx_word' id='word_1_233' title='bbox 1613 4161 1746 4222; x_wconf 79' lang='lat' dir='ltr'>Romae.</span> 
     </span>
    </p>
   </div>
   <div class='ocr_carea' id='block_1_7' title="bbox 160 4305 1750 5416">
    <p class='ocr_par' dir='ltr' id='par_1_8' title="bbox 160 4305 1750 5416">
     <span class='ocr_line' id='line_1_30' title="bbox 330 4305 1744 4422; baseline 0.006 -30"><span class='ocrx_word' id='word_1_234' title='bbox 330 4320 437 4394; x_wconf 87' lang='lat' dir='ltr'>Motu</span> <span class='ocrx_word' id='word_1_235' title='bbox 454 4319 607 4416; x_wconf 90' lang='lat' dir='ltr'>proprio</span> <span class='ocrx_word' id='word_1_236' title='bbox 621 4337 691 4396; x_wconf 87' lang='lat' dir='ltr'>etc.</span> <span class='ocrx_word' id='word_1_237' title='bbox 709 4321 922 4396; x_wconf 88' lang='lat' dir='ltr'>Venerabili</span> <span class='ocrx_word' id='word_1_238' title='bbox 939 4322 1059 4396; x_wconf 87' lang='lat' dir='ltr'>Fratri</span> <span class='ocrx_word' id='word_1_239' title='bbox 1075 4341 1206 4398; x_wconf 93' lang='lat' dir='ltr'>nostro</span> <span class='ocrx_word' id='word_1_240' title='bbox 1221 4323 1452 4398; x_wconf 86' lang='lat' dir='ltr'>Allexandro</span> <span class='ocrx_word' id='word_1_241' title='bbox 1466 4305 1551 4422; x_wconf 70' lang='lat' dir='ltr'>epo.</span> <span class='ocrx_word' id='word_1_242' title='bbox 1570 4325 1744 4400; x_wconf 90' lang='lat' dir='ltr'>Sabinen.</span> 
     </span>
     <span class='ocr_line' id='line_1_31' title="bbox 160 4443 1747 4542; baseline 0.006 -27"><span class='ocrx_word' id='word_1_243' title='bbox 160 4517 163 4524; x_wconf 78' lang='grc'>,</span> <span class='ocrx_word' id='word_1_244' title='bbox 252 4443 441 4518; x_wconf 90' lang='lat' dir='ltr'>Cardinali</span> <span class='ocrx_word' id='word_1_245' title='bbox 462 4443 643 4518; x_wconf 89' lang='lat' dir='ltr'>Farnesio</span> <span class='ocrx_word' id='word_1_246' title='bbox 671 4465 887 4542; x_wconf 90' lang='lat' dir='ltr'>nuncupato</span> <span class='ocrx_word' id='word_1_247' title='bbox 906 4447 944 4522; x_wconf 91' lang='lat' dir='ltr'>S.</span> <span class='ocrx_word' id='word_1_248' title='bbox 967 4448 1011 4523; x_wconf 91' lang='lat' dir='ltr'>R.</span> <span class='ocrx_word' id='word_1_249' title='bbox 1034 4447 1077 4522; x_wconf 81' lang='lat' dir='ltr'>E.</span> <span class='ocrx_word' id='word_1_250' title='bbox 1099 4449 1388 4524; x_wconf 87' lang='lat' dir='ltr'>vicecancelario</span> <span class='ocrx_word' id='word_1_251' title='bbox 1406 4466 1445 4524; x_wconf 91' lang='lat' dir='ltr'>et</span> <span class='ocrx_word' id='word_1_252' title='bbox 1465 4450 1621 4524; x_wconf 89' lang='lat' dir='ltr'>Dilectis</span> <span class='ocrx_word' id='word_1_253' title='bbox 1647 4451 1747 4524; x_wconf 90' lang='lat' dir='ltr'>Filiis</span> 
     </span>
     <span class='ocr_line' id='line_1_32' title="bbox 250 4563 1746 4668; baseline 0.003 -26"><span class='ocrx_word' id='word_1_254' title='bbox 250 4567 450 4663; x_wconf 87' lang='lat' dir='ltr'>capellanis</span> <span class='ocrx_word' id='word_1_255' title='bbox 479 4563 627 4655; x_wconf 75' lang='lat' dir='ltr'>nostris,</span> <span class='ocrx_word' id='word_1_256' title='bbox 650 4595 847 4644; x_wconf 86' lang='lat' dir='ltr'>causarum</span> <span class='ocrx_word' id='word_1_257' title='bbox 867 4573 963 4643; x_wconf 91' lang='lat' dir='ltr'>sacri</span> <span class='ocrx_word' id='word_1_258' title='bbox 981 4572 1121 4668; x_wconf 87' lang='lat' dir='ltr'>pallatii</span> <span class='ocrx_word' id='word_1_259' title='bbox 1139 4573 1271 4668; x_wconf 86' lang='lat' dir='ltr'>aplici.</span> <span class='ocrx_word' id='word_1_260' title='bbox 1293 4573 1540 4648; x_wconf 84' lang='lat' dir='ltr'>Auditoribus</span> <span class='ocrx_word' id='word_1_261' title='bbox 1558 4593 1746 4650; x_wconf 88' lang='lat' dir='ltr'>eteorum</span> 
     </span>
     <span class='ocr_line' id='line_1_33' title="bbox 250 4692 1747 4796; baseline 0.005 -31"><span class='ocrx_word' id='word_1_262' title='bbox 250 4692 547 4767; x_wconf 89' lang='lat' dir='ltr'>locatenentibus</span> <span class='ocrx_word' id='word_1_263' title='bbox 575 4694 612 4767; x_wconf 95' lang='lat' dir='ltr'>in</span> <span class='ocrx_word' id='word_1_264' title='bbox 638 4695 775 4768; x_wconf 91' lang='lat' dir='ltr'>virtute</span> <span class='ocrx_word' id='word_1_265' title='bbox 804 4722 834 4770; x_wconf 90' lang='lat' dir='ltr'>s.</span> <span class='ocrx_word' id='word_1_266' title='bbox 855 4696 1092 4771; x_wconf 90' lang='lat' dir='ltr'>obedientiae</span> <span class='ocrx_word' id='word_1_267' title='bbox 1112 4699 1345 4784; x_wconf 90' lang='lat' dir='ltr'>mandamus,</span> <span class='ocrx_word' id='word_1_268' title='bbox 1365 4717 1553 4796; x_wconf 90' lang='lat' dir='ltr'>quatenus</span> <span class='ocrx_word' id='word_1_269' title='bbox 1572 4701 1747 4775; x_wconf 88' lang='lat' dir='ltr'>dilectum</span> 
     </span>
     <span class='ocr_line' id='line_1_34' title="bbox 253 4815 1748 4922; baseline 0.007 -34"><span class='ocrx_word' id='word_1_270' title='bbox 253 4815 385 4890; x_wconf 90' lang='lat' dir='ltr'>Filium</span> <span class='ocrx_word' id='word_1_271' title='bbox 415 4817 651 4915; x_wconf 89' lang='lat' dir='ltr'>Hippolitum</span> <span class='ocrx_word' id='word_1_272' title='bbox 680 4818 1015 4906; x_wconf 86' lang='lat' dir='ltr'>Aldobrandinum,</span> <span class='ocrx_word' id='word_1_273' title='bbox 1047 4821 1233 4895; x_wconf 89' lang='lat' dir='ltr'>Clericum</span> <span class='ocrx_word' id='word_1_274' title='bbox 1264 4823 1531 4912; x_wconf 90' lang='lat' dir='ltr'>Florentinum,</span> <span class='ocrx_word' id='word_1_275' title='bbox 1553 4827 1748 4922; x_wconf 87' lang='lat' dir='ltr'>utriusque</span> 
     </span>
     <span class='ocr_line' id='line_1_35' title="bbox 250 4942 1749 5030; baseline 0.005 -16"><span class='ocrx_word' id='word_1_276' title='bbox 250 4942 339 5016; x_wconf 91' lang='lat' dir='ltr'>iuris</span> <span class='ocrx_word' id='word_1_277' title='bbox 368 4944 574 5030; x_wconf 91' lang='lat' dir='ltr'>doctorem,</span> <span class='ocrx_word' id='word_1_278' title='bbox 605 4945 654 5017; x_wconf 92' lang='lat' dir='ltr'>ad</span> <span class='ocrx_word' id='word_1_279' title='bbox 682 4943 815 5030; x_wconf 91' lang='lat' dir='ltr'>locum,</span> <span class='ocrx_word' id='word_1_280' title='bbox 847 4971 913 5018; x_wconf 90' lang='lat' dir='ltr'>seu</span> <span class='ocrx_word' id='word_1_281' title='bbox 933 4945 1094 5020; x_wconf 85' lang='lat' dir='ltr'>officium</span> <span class='ocrx_word' id='word_1_282' title='bbox 1116 4947 1366 5022; x_wconf 88' lang='lat' dir='ltr'>Auditoratus</span> <span class='ocrx_word' id='word_1_283' title='bbox 1390 4973 1585 5023; x_wconf 88' lang='lat' dir='ltr'>causarum</span> <span class='ocrx_word' id='word_1_284' title='bbox 1608 4949 1749 5025; x_wconf 86' lang='lat' dir='ltr'>Pallatii</span> 
     </span>
     <span class='ocr_line' id='line_1_36' title="bbox 252 5067 1747 5173; baseline 0.007 -34"><span class='ocrx_word' id='word_1_285' title='bbox 252 5067 462 5141; x_wconf 90' lang='lat' dir='ltr'>huiusmodi</span> <span class='ocrx_word' id='word_1_286' title='bbox 476 5067 580 5173; x_wconf 79' lang='lat' dir='ltr'>quod</span> <span class='ocrx_word' id='word_1_287' title='bbox 593 5068 750 5142; x_wconf 91' lang='lat' dir='ltr'>dilectus</span> <span class='ocrx_word' id='word_1_288' title='bbox 771 5068 886 5143; x_wconf 86' lang='lat' dir='ltr'>Filius</span> <span class='ocrx_word' id='word_1_289' title='bbox 906 5071 1062 5144; x_wconf 87' lang='lat' dir='ltr'>loannes</span> <span class='ocrx_word' id='word_1_290' title='bbox 1081 5072 1387 5148; x_wconf 87' lang='lat' dir='ltr'>Aldobrandinus</span> <span class='ocrx_word' id='word_1_291' title='bbox 1406 5073 1561 5149; x_wconf 91' lang='lat' dir='ltr'>ellectus</span> <span class='ocrx_word' id='word_1_292' title='bbox 1581 5075 1747 5160; x_wconf 76' lang='lat' dir='ltr'>imolen„</span> 
     </span>
     <span class='ocr_line' id='line_1_37' title="bbox 252 5191 1749 5297; baseline 0.007 -33"><span class='ocrx_word' id='word_1_293' title='bbox 252 5191 299 5264; x_wconf 90' lang='lat' dir='ltr'>de</span> <span class='ocrx_word' id='word_1_294' title='bbox 328 5193 431 5266; x_wconf 91' lang='lat' dir='ltr'>cuius</span> <span class='ocrx_word' id='word_1_295' title='bbox 450 5217 615 5289; x_wconf 88' lang='lat' dir='ltr'>persona</span> <span class='ocrx_word' id='word_1_296' title='bbox 635 5215 754 5290; x_wconf 91' lang='lat' dir='ltr'>nuper</span> <span class='ocrx_word' id='word_1_297' title='bbox 773 5195 909 5268; x_wconf 82' lang='lat' dir='ltr'>ecclae</span> <span class='ocrx_word' id='word_1_298' title='bbox 929 5195 1079 5272; x_wconf 90' lang='lat' dir='ltr'>imolen.</span> <span class='ocrx_word' id='word_1_299' title='bbox 1101 5199 1266 5293; x_wconf 87' lang='lat' dir='ltr'>pastoris</span> <span class='ocrx_word' id='word_1_300' title='bbox 1282 5199 1416 5273; x_wconf 87' lang='lat' dir='ltr'>solatio</span> <span class='ocrx_word' id='word_1_301' title='bbox 1434 5198 1639 5274; x_wconf 90' lang='lat' dir='ltr'>destitutae</span> <span class='ocrx_word' id='word_1_302' title='bbox 1662 5227 1749 5297; x_wconf 89' lang='lat' dir='ltr'>pro·</span> 
     </span>
     <span class='ocr_line' id='line_1_38' title="bbox 251 5313 1750 5416; baseline 0.007 -28"><span class='ocrx_word' id='word_1_303' title='bbox 251 5317 423 5406; x_wconf 89' lang='lat' dir='ltr'>vidimus,</span> <span class='ocrx_word' id='word_1_304' title='bbox 462 5316 666 5404; x_wconf 90' lang='lat' dir='ltr'>obtinebat,</span> <span class='ocrx_word' id='word_1_305' title='bbox 706 5321 755 5392; x_wconf 84' lang='lat' dir='ltr'>ad</span> <span class='ocrx_word' id='word_1_306' title='bbox 793 5345 949 5416; x_wconf 89' lang='lat' dir='ltr'>presens</span> <span class='ocrx_word' id='word_1_307' title='bbox 985 5345 1135 5408; x_wconf 90' lang='lat' dir='ltr'>vacans,</span> <span class='ocrx_word' id='word_1_308' title='bbox 1173 5313 1333 5398; x_wconf 89' lang='lat' dir='ltr'>servatis</span> <span class='ocrx_word' id='word_1_309' title='bbox 1369 5324 1460 5398; x_wconf 87' lang='lat' dir='ltr'>alias</span> <span class='ocrx_word' id='word_1_310' title='bbox 1498 5327 1534 5400; x_wconf 89' lang='lat' dir='ltr'>in</span> <span class='ocrx_word' id='word_1_311' title='bbox 1572 5325 1750 5401; x_wconf 88' lang='lat' dir='ltr'>similibus</span> 
     </span>
    </p>
   </div>
   <div class='ocr_carea' id='block_1_8' title="bbox 0 0 1905 5914">
    <p class='ocr_par' dir='ltr' id='par_1_9' title="bbox 0 0 1905 5914">
     <span class='ocr_line' id='line_1_39' title="bbox 0 0 1905 5914; baseline 0 0"><span class='ocrx_word' id='word_1_312' title='bbox 0 0 1905 5914; x_wconf 95' lang='lat' dir='ltr'> </span> 
     </span>
    </p>
   </div>
  </div>
 </body>
</html>
