3688 5924
740 295 931 356 Alexandro
948 295 1004 357 IV
1579 293 1613 352 ⁴1

110 489 224 562 fratre
254 487 400 586 Pygnu,
435 502 680 586 procuratore
721 487 904 562 dictorum
945 488 1093 562 abbatis
1129 505 1169 562 et
1197 486 1418 562 Conventus
1458 502 1498 560 et
1534 487 1614 560 Ste-

108 613 247 710 phano,
277 627 524 710 procuratore
551 613 734 686 dictorum
767 611 907 685 domini
934 612 1114 709 episcopi,
1143 613 1541 708 archipresbiterorum
1573 626 1615 688 et

108 739 405 833 presbiterorum
428 737 640 812 'constituto
678 761 745 832 per
772 735 911 810 dictum
948 735 1143 810 Nicolaum
1173 737 1397 822 Romanum,
1427 739 1462 808 in
1500 761 1615 810 causa

108 861 418 937 concludentibus
445 879 485 935 et
504 863 736 936 sententiam
765 859 850 934 ferri
877 859 1060 935 instanter
1087 861 1313 957 petentibus,
1342 861 1470 936 habito
1499 884 1615 956 super

107 986 180 1060 hiis
216 987 390 1061 omnibus
427 987 514 1059 iuris
551 984 756 1082 peritorum
784 984 950 1070 consilio,
979 1001 1019 1085 05
1045 984 1159 1081 plena
1189 985 1457 1061 deliberatione
1486 986 1614 1062 nobis-

109 1137 208 1198 cum,
245 1111 394 1206 prelato
431 1110 666 1206 procuratori
693 1109 878 1184 dictorum
919 1111 1067 1185 abbatis
1105 1127 1144 1184 et
1180 1126 1405 1199 conventus,
1445 1112 1613 1206 ipsorum

108 1236 270 1322 nomine,
300 1259 442 1310 necnon
471 1234 563 1331 ipsis
589 1234 717 1309 abbati
743 1249 783 1308 et
802 1233 1014 1310 Conventui
1034 1235 1304 1312 sententialiter
1326 1235 1545 1321 inhibemus,
1567 1260 1615 1309 ne

106 1363 256 1458 aliquos
284 1359 550 1457 parrochianos
577 1359 665 1433 dicti
693 1358 831 1434 domini
851 1360 1017 1458 episcopi
1035 1376 1075 1434 et
1093 1361 1500 1456 archipresbiterorum,
1531 1384 1615 1456 pre·

107 1488 336 1563 sbiterorum
364 1501 403 1560 et
422 1485 641 1560 clericorum
669 1484 719 1559 ad
738 1482 1029 1561 ecclesiasticam
1049 1485 1231 1584 recipiant
1256 1485 1499 1583 sepulturam,
1529 1485 1611 1572 nisi,

107 1626 224 1709 prout
251 1611 330 1684 iura
357 1609 568 1684 concedunt
596 1609 709 1684 etiam
738 1609 773 1682 in
801 1608 872 1683 hoc
892 1633 980 1684 casu
1001 1609 1141 1684 scilicet
1167 1635 1251 1684 cum
1271 1609 1307 1684 in
1325 1611 1461 1686 eodem
1481 1609 1614 1684 Mona·

107 1736 225 1810 sterio
251 1733 436 1832 elegerint
471 1733 714 1830 sepulturam,
750 1747 789 1806 ct
825 1734 938 1808 etiam
971 1757 1056 1808 cum
1092 1733 1179 1808 alibi
1215 1733 1457 1830 sepeliuntur,
1498 1747 1539 1807 ut
1566 1733 1616 1808 de

106 1859 281 1935 omnibus
318 1857 581 1942 oblationibus,
611 1857 747 1954 legatis
784 1873 824 1931 et
857 1857 1031 1933 omnibus
1067 1856 1148 1932 aliis
1182 1884 1258 1955 que
1295 1858 1509 1953 relinquunt
1543 1857 1614 1955 ipsi

107 1983 346 2082 parrochiani
365 1983 465 2058 dicto
494 1983 724 2058 monasterio
742 1983 779 2056 in
798 1983 928 2058 ultima
946 1983 1139 2059 voluntate
1159 2007 1229 2079 pro
1256 1983 1380 2058 anima
1401 2009 1481 2070 sua,
1501 1981 1613 2058 iidem

105 2111 226 2184 abbas
253 2124 293 2182 ct
321 2123 528 2181 conventus
557 2106 706 2181 solvant
733 2107 787 2182 eis
816 2107 970 2181 terciam
998 2124 1144 2203 partem
1171 2107 1368 2205 integram,
1390 2107 1470 2182 sine
1488 2108 1613 2205 aliqua

105 2233 365 2312 diminutione.
397 2257 466 2328 pro
495 2256 565 2305 sua
593 2233 769 2307 canonica
798 2234 991 2330 portione:
1022 2233 1073 2307 ita
1101 2234 1205 2329 quod
1233 2233 1281 2308 de
1309 2234 1445 2332 legatis
1474 2233 1614 2308 relictis
1656 2226 1659 2234 ’

105 2361 291 2456 episcopo
309 2356 526 2432 Tusculano
545 2383 613 2432 seu
628 2357 784 2455 prelatis
796 2358 1127 2453 archipresbiteris,
1144 2358 1362 2462 presbiteris
1381 2360 1460 2433 sive
1480 2384 1612 2433 eorum

104 2483 275 2558 ecclesiis
311 2483 360 2556 ab
388 2481 599 2556 huiusmodi
628 2482 893 2578 parrochianis,
925 2481 1024 2556 nulla
1060 2507 1217 2579 prorsus
1252 2482 1316 2556 fiat
1345 2483 1521 2557 deductio
1548 2501 1615 2557 aut

103 2610 367 2704 compensatio
395 2607 590 2682 habeatur.
620 2606 696 2682 Sed
715 2632 771 2694 ea,
802 2623 930 2703 preter
957 2608 1139 2704 prefatam
1169 2609 1332 2692 terciam,
1357 2607 1459 2704 apud
1487 2608 1612 2703 ipsum

105 2734 330 2831 episcopum
358 2747 396 2804 et
421 2732 756 2828 archipresbiteros
784 2731 864 2805 sive
890 2757 1021 2806 eorum
1057 2731 1236 2806 ecclesias
1264 2734 1410 2830 integra
1437 2750 1614 2808 maneant

109 2875 150 2934 et
181 2856 403 2956 persistant:
438 2870 686 2930 memoratum
714 2874 996 2954 procuratorem
1025 2857 1172 2932 abbatis
1200 2874 1239 2932 et
1267 2872 1484 2941 conventus,
1515 2857 1612 2954 ipso·

109 3009 195 3058 rum
225 2983 384 3068 nomine,
415 2999 456 3056 et
482 2983 586 3079 ipsos
613 2983 789 3058 abbatem
818 3001 857 3057 et
887 2985 1125 3059 Conventum
1155 3009 1222 3080 per
1241 2986 1414 3059 eumdem
1435 3009 1612 3082 procura-

113 3127 235 3184 torem
274 3107 547 3182 sententialiter
579 3109 911 3206 condempnamus,
946 3109 1158 3184 inhibentes
1191 3108 1334 3184 eisdem
1372 3133 1419 3184 ne
1455 3131 1615 3206 corpora

106 3235 320 3333 aliquorum
350 3217 681 3329 parrochianorum
714 3233 968 3328 predictorum
996 3234 1059 3331 qui
1090 3234 1193 3333 apud
1229 3257 1297 3308 eos
1326 3258 1400 3306 non
1429 3231 1615 3332 elegerint

109 3359 275 3458 sepeliri,
312 3357 363 3432 ad
401 3358 632 3456 sepulturam
673 3357 884 3434 admittant.
925 3357 1040 3454 Quod
1081 3361 1112 3433 si
1149 3374 1279 3434 contra
1315 3359 1409 3433 hanc
1445 3373 1612 3434 nostram

107 3477 362 3560 inhibitionem
402 3481 562 3583 [a]liqua
596 3481 827 3570 admiserint,
875 3483 1120 3571 decernimus,
1164 3501 1206 3558 ut
1238 3484 1362 3559 omnia
1399 3509 1473 3581 que
1509 3507 1612 3558 occa·

113 3611 218 3684 sione
260 3607 476 3682 huiusmodi
511 3606 561 3680 ad
591 3607 695 3704 ipsos
731 3609 961 3694 obvenerint,
995 3609 1173 3704 predictis
1210 3609 1391 3705 episcopo
1422 3624 1462 3684 et
1492 3608 1612 3682 archi·

106 3733 325 3830 presbiteris
351 3748 392 3806 et
410 3731 629 3828 presbiteris
648 3733 795 3831 integre
814 3734 1025 3820 restituant,
1046 3733 1125 3807 sive
1153 3733 1264 3808 etiam
1283 3733 1450 3810 ecclesiis
1468 3757 1611 3807 eorum·

106 3857 205 3942 dem,
237 3854 305 3929 sed
333 3869 371 3928 et
401 3855 557 3928 firmiter
584 3852 805 3942 inhibemus,
836 3855 939 3954 quod
966 3857 1233 3952 parrochianos
1262 3855 1452 3952 predictos
1470 3855 1520 3929 ad
1545 3855 1613 3930 ali-

105 4008 183 4078 qua
211 3979 338 4054 divina
364 3979 486 4054 officia
509 4004 576 4054 seu
597 3977 850 4056 ecclesiastica
867 3997 1103 4056 sacramenta
1122 3995 1255 4055 contra
1273 3981 1340 4066 ius,
1363 4005 1430 4056 seu
1449 3979 1613 4077 propriis

104 4107 333 4202 contemptis
362 4105 592 4201 presbiteris,
622 4105 670 4180 de
688 4120 816 4180 cetero
834 4130 908 4179 non
926 4106 1137 4193 admittant,
1160 4081 1199 4180 iet
1222 4105 1272 4180 ad
1290 4106 1359 4180 hec
1378 4106 1502 4180 omnia
1526 4128 1612 4202 pre-

106 4233 224 4306 latum
253 4244 537 4326 procuratorem
557 4229 741 4304 dictorum
758 4230 907 4305 abbatis
924 4243 965 4304 et
982 4245 1201 4316 conventus,
1223 4229 1430 4304 eorundem
1451 4228 1609 4316 nomine,

106 4357 152 4430 ad
173 4356 282 4452 ipsos
308 4355 484 4429 abbatem
514 4369 555 4436 et
573 4372 795 4428 conventum
821 4377 891 4450 per
918 4352 1148 4428 diffinitivam
1177 4353 1404 4429 sententiam
1419 4352 1612 4429 condem-

105 4505 281 4576 pnamus.
312 4480 435 4576 Super
462 4479 543 4554 aliis
571 4503 663 4554 vero
691 4479 727 4553 in
755 4478 925 4574 predicto
951 4477 1076 4554 libello
1102 4479 1241 4578 petitis,
1276 4479 1399 4554 dictos
1434 4479 1611 4554 abbatem

104 4625 140 4680 et
168 4621 397 4681 conventum
415 4604 646 4679 absolvimus
673 4605 722 4678 ab
749 4603 980 4700 impetitione
1008 4605 1176 4700 episcopi
1204 4605 1402 4680 memorati
1428 4621 1468 4679 et
1495 4603 1613 4678 dicto·

107 4755 188 4806 rum
232 4728 642 4824 archipresbiterorum,
680 4727 974 4824 presbiterorum
1013 4743 1052 4802 et
1082 4728 1300 4804 clericorum
1334 4727 1495 4804 diocesis
1531 4727 1612 4802 Tu·

105 4855 275 4930 sculane.
1189 4935 1191 4942 Α

187 4979 229 5052 ln
256 4979 364 5050 cuius
394 4976 448 5050 rei
475 4976 741 5064 testimonium,
771 4979 1141 5074 presenteslitteras
1168 5003 1235 5074 per
1264 4978 1461 5052 Mathcum
1490 4979 1611 5052 Nota·

105 5103 197 5176 rium
218 5101 496 5198 infrascriptum
516 5099 594 5175 fieri
621 5101 775 5177 lecimus
794 5119 833 5177 et
860 5118 990 5177 nostro
1010 5102 1134 5202 sigillo
1156 5104 1300 5178 muniri.
1331 5103 1469 5178 Actum
1496 5101 1610 5176 Late-

104 5228 179 5302 rani
199 5251 328 5302 coram
349 5224 418 5302 hiis
443 5225 616 5313 testibus,
637 5227 801 5314 Andrea,
818 5226 975 5301 Decano
993 5226 1257 5326 Agrigentino,
1279 5227 1468 5325 Magistro
1481 5226 1604 5310 Petro,

104 5351 312 5428 Scolastico
343 5351 523 5439 Lucensi,
538 5351 705 5427 Geraldo
734 5351 921 5438 Menendi,
945 5349 1136 5426 Canonico
1155 5350 1431 5451 Portugalensi,
1456 5349 1607 5454 Pelagio
