3718 5918
765 303 932 364 Clemente
951 303 1005 364 XI

838 659 929 740 396.

134 803 252 877 Rotae
276 802 497 902 Cappellono
523 803 741 898 infirmitate
767 803 947 902 impedite,
968 803 1194 902 subrogatur
1223 801 1466 902 cappellanus
1492 804 1635 877 domem

217 927 436 1003 Camerarir'.

213 1084 328 1154 (Anca.
346 1084 433 1156 Rtrr.¹
458 1083 584 1144 «Leber
602 1083 636 1143 S.
655 1084 770 1156 Rotae,
788 1101 820 1142 n.
839 1083 903 1158 2»,
918 1090 952 1159 p.
961 1083 1048 1156 142).

592 1249 765 1324 Mercurii
797 1273 842 1322 22
874 1247 1033 1322 Ianuarii
1067 1255 1175 1344 1716.

215 1497 300 1570 Hac
327 1497 387 1572 die
417 1496 671 1596 Cappellanus
690 1497 774 1573 Sac.
796 1499 920 1573 Rotae
938 1497 1099 1572 adversa
1126 1498 1339 1572 valetudine
1362 1499 1539 1571 detentus
1557 1522 1632 1572 non

130 1619 257 1715 potuit
283 1622 463 1696 accedere
491 1622 541 1695 ad
560 1620 823 1696 celebrandum
853 1620 889 1694 in
913 1619 1098 1718 Cappella
1125 1621 1261 1705 Rotali‚
1283 1646 1360 1719 qua
1387 1623 1434 1694 de
1462 1646 1575 1695 causa
1595 1620 1632 1693 in

130 1743 255 1818 locum
293 1743 382 1819 dicti
411 1743 631 1842 Cappellani
668 1745 835 1820 absentis
871 1763 910 1820 et
942 1743 1120 1841 impediti,
1149 1745 1351 1820 celebravit
1378 1743 1633 1842 Cappellanus

131 1869 180 1945 R.
212 1869 249 1943 P.
281 1869 329 1944 D.
360 1869 484 1966 Crispi
513 1869 730 1958 Camerarii,
759 1885 799 1944 et
829 1869 899 1944 hac
931 1870 1128 1944 occasione
1165 1870 1210 1946 R.
1243 1870 1281 1943 P.
1313 1869 1361 1946 D.
1392 1868 1632 1944 Falconerius

131 1992 222 2068 DD.
258 1994 503 2069 Auditoribus
530 1994 567 2067 in
595 1995 696 2069 Rota
731 1993 951 2069 sedentibus
984 1995 1181 2092 proposuit
1208 1996 1323 2092 quod,
1354 2009 1479 2068 stante
1506 2009 1632 2070 aetate

130 2117 237 2194 senili
266 2119 447 2216 praedicti
467 2118 690 2216 Cappellani
707 2119 768 2194 ille
796 2121 844 2194 de
865 2118 1096 2194 Coadiutore
1114 2119 1376 2216 provideretur
1402 2120 1439 2193 in
1470 2143 1633 2217 persona

128 2243 300 2318 eiusdem
330 2242 550 2342 Cappellani
579 2245 623 2320 R.
647 2244 684 2320 P.
713 2245 762 2320 D.
793 2243 927 2340 Crispi,
958 2261 998 2319 et
1025 2244 1146 2341 plenis
1174 2243 1361 2342 suffragiis
1380 2244 1447 2318 suit
1465 2245 1632 2319 admissa

130 2369 344 2468 propositio
361 2426 457 2446 .....
505 2364 510 2373 “

837 2598 916 2677 397

129 2743 320 2843 Expensis
339 2743 456 2818 Rotae
482 2743 639 2817 hestoria
659 2743 777 2816 Rotae
803 2744 899 2842 typis
921 2741 1168 2816 demandatur
1186 2769 1229 2817 ac
1250 2741 1425 2817 Clementi
1441 2743 1512 2817 XI
1530 2744 1632 2817 dedi-

212 2877 330 2956 catur,
368 2869 436 2966 qui
468 2868 712 2943 Auditorum
746 2869 787 2942 in
820 2867 968 2966 sz'gnrem
996 2878 1134 2967 gratae
1168 2867 1415 2964 beneficentiae
1446 2869 1631 2944 concedere

212 2995 343 3068 statuit
346 2993 566 3088 facultatem
585 2993 815 3081 trasferendi
826 2994 1014 3092 perniones
1031 2995 1217 3092 usquead
1230 2995 1377 3068 ducatos
1396 3017 1468 3069 200
1485 3020 1629 3070 aureos.

212 3150 327 3222 (Anca.
345 3149 434 3222 Ros..
456 3147 581 3208 ‹Leber
600 3147 634 3208 S.
652 3147 768 3222 Rotae,
786 3165 818 3207 n.
836 3147 901 3217 2»,
916 3155 948 3224 p.
959 3149 1038 3220 151).

513 3313 586 3387 Die
614 3311 774 3387 Veneris
805 3337 854 3387 20
884 3313 1109 3388 Novembris
1143 3319 1253 3406 1716.

211 3458 309 3536 Cum
336 3457 513 3556 expensis
541 3455 754 3530 Tribunaiis
772 3457 873 3553 typis
893 3456 1143 3530 demandatus
1172 3455 1282 3530 fuerit
1300 3455 1394 3530 liber
1422 3455 1630 3529 Historiam

127 3607 252 3682 agens
279 3582 419 3656 Sacrae
446 3583 580 3669 Rotae,
611 3581 757 3655 dicatus
786 3581 907 3657 SSri‘ro
936 3580 984 3657 D.
1016 3581 1076 3666 N..
1107 3582 1178 3654 iste
1210 3579 1431 3678 significavit
1466 3581 1630 3654 animum

128 3733 241 3783 suum
274 3706 498 3804 dispositum
534 3706 583 3780 ad
617 3705 860 3802 rependenda
895 3723 1040 3803 gratae·
1066 3729 1158 3779 suae
1194 3703 1467 3778 Beneficentiae
1499 3728 1632 3778 monu-

127 3848 258 3907 menta
292 3857 386 3931 erga
422 3849 593 3905 nostrum
622 3830 813 3914 Tribunal,
847 3831 1082 3928 proindeque
1093 3889 1188 3906 .....
1219 3829 1339 3903 SSn‘to
1367 3829 1416 3904 D.
1449 3827 1495 3902 N.
1525 3829 1631 3902 libuit

127 3957 238 4034 unice
264 3957 414 4054 elargiri
433 3953 621 4029 indultum
649 3955 697 4028 de
724 3953 994 4029 transferendis
1023 3955 1267 4028 Pensionibus
1291 3978 1413 4050 usque
1441 3955 1491 4026 ad
1520 3953 1630 4026 Sum-

127 4109 229 4158 mam
258 4100 450 4156 scutorum
481 4103 557 4155 200
585 4080 664 4153 auri
764 4079 1007 4174 quocirca...
1038 4103 1170 4154 omnes
1206 4078 1357 4153 Domini
1389 4076 1630 4177 collegialiter

128 4232 219 4283 sese
237 4205 429 4282 contulere
442 4205 492 4279 ad
506 4207 626 4301 pedes
641 4204 784 4278 Summi
804 4204 991 4280 Pontificis
1010 4205 1068 4278 cui
1087 4205 1234 4278 debitas
1261 4202 1468 4278 retulerunt
1486 4203 1630 4300 gratias

126 4357 200 4430 pro
214 4331 291 4406 tali
321 4333 462 4406 honore
490 4329 680 4404 Tribunali
711 4346 842 4404 nostro
869 4327 1018 4404 collato.

836 4613 926 4692 398.

127 4763 228 4834 Rota
255 4759 417 4834 decernit
441 4785 552 4832 curae
579 4768 614 4832 et
631 4760 850 4857 protectrimi
879 4756 1033 4856 Collegie'
1048 4758 1248 4831 Nazareni
1270 4759 1443 4832 nuncium
1475 4759 1627 4833 mittere.

209 4913 324 4986 (Anca.
343 4913 431 4988 Ros..
455 4912 580 4972 «Liber
599 4913 632 4972 S.
651 4912 766 4985 Rotae,
784 4929 816 4970 n.
835 4911 898 4984 2».
914 4920 947 4986 p.
957 4913 1041 4984 155).

597 5077 725 5151 Lunae
747 5078 866 5172 prima
895 5076 1021 5170 Martii
1055 5099 1166 5171 1717.

211 5217 399 5294 Absoluta
436 5243 632 5294 causarum
670 5219 927 5316 propositione
959 5218 1098 5317 longus
1135 5219 1285 5294 habitus
1321 5217 1390 5292 suit
1424 5242 1548 5292 sermo
1581 5179 1629 5292 de

127 5343 385 5420 controversia
412 5343 601 5440 pendente
629 5367 755 5416 coram
786 5343 1095 5442 Congregatione
1122 5343 1306 5441 deputata
1333 5343 1430 5416 inter
1448 5343 1628 5417 Tribunal
