3720 5916
242 291 298 352 tus
861 293 999 354 Saeculo
1016 293 1123 354 XVII

242 483 396 557 arbitrio
425 500 491 558 tuo
518 482 645 582 aliqua
673 487 903 580 poenitentia
931 485 1157 560 salutariae
1185 486 1403 560 renunciato
1431 485 1535 582 prius
1572 487 1739 560 omnibus
1838 529 1839 554 1

242 624 282 682 et
309 607 466 707 singulis
485 609 697 684 recursibus
717 610 754 683 in
773 607 837 684 lite
855 625 895 684 et
913 634 1027 716 causa
1046 611 1258 686 huiusmodi
1278 608 1487 707 peripsum
1508 611 1736 684 Bernardum

242 749 308 807 aut
335 732 429 809 alios
456 733 538 808 eius
567 735 715 808 nomine
743 733 793 807 ad
812 735 956 808 ludices
977 735 1092 810 laicos
1111 732 1395 833 quomodolibet
1414 735 1549 810 habitis
1568 751 1608 808 et
1626 737 1737 820 lactis,

242 843 388 932 necnon
415 859 496 933 sine
523 858 597 932 litis
624 875 664 932 et
691 858 932 956 collitigantis
961 858 1186 956 praeiudicio
1205 885 1249 932 ac
1269 860 1474 934 dummodo
1502 859 1624 933 dictus
1654 861 1741 934 Ber-

244 983 384 1056 nardus
413 982 552 1057 nullum
582 983 638 1056 ius
666 1001 869 1081 propterea
896 985 945 1058 de
973 1007 1071 1058 novo
1099 983 1280 1080 acquirat,
1309 1008 1332 1057 a
1360 985 1553 1078 quibusvis
1579 985 1741 1057 censuris

242 1124 282 1182 et
308 1109 441 1204 poenis
469 1108 732 1184 ecclesiasticis
761 1132 830 1205 per
858 1134 943 1182 eum
973 1111 1267 1206 praemissorum
1300 1110 1498 1184 occasione
1536 1109 1742 1204 quomodo

243 1233 334 1308 libet
361 1235 529 1319 incursis,
559 1234 783 1308 auctoritate
803 1250 932 1308 nostra
950 1235 1168 1331 apostolica,
1191 1235 1345 1308 arbitrio
1363 1234 1505 1328 pariter
1523 1250 1600 1320 tuo,
1621 1231 1742 1308 absol-

243 1383 311 1434 vas
339 1375 379 1432 et
406 1356 571 1432 totaliter
598 1359 743 1442 liberes,
774 1360 970 1454 dictasque
990 1383 1134 1454 poenas
1152 1356 1201 1431 illi
1219 1358 1388 1456 gratiose
1408 1359 1578 1432 remittas
1598 1375 1637 1432 et
1656 1384 1741 1432 con·

190 1573 192 1578 ¹
244 1484 375 1560 dones.
404 1483 464 1556 Ac
492 1509 576 1557 cum
603 1483 738 1558 eodem
769 1483 964 1558 Bernardo
992 1507 1107 1580 super
1134 1481 1407 1582 irregularitate
1435 1508 1503 1579 per
1530 1507 1628 1568 eum,
1659 1484 1742 1580 quia

244 1607 411 1683 censuris
439 1607 651 1683 huiusmodi
678 1609 879 1684 innodatus
909 1622 1188 1682 sacrosanctum
1219 1609 1359 1682 Missae
1379 1607 1596 1681 sacrificium
1617 1624 1657 1681 et
1674 1606 1741 1681 alia

244 1732 369 1807 divina
397 1731 518 1805 officia
547 1731 639 1836 (non
669 1749 794 1808 tamen
822 1734 858 1807 in
886 1749 1144 1830 contemptum
1161 1733 1337 1830 clavium)
1356 1732 1569 1820 celebravit,
1591 1757 1740 1828 quomo·

244 1857 386 1931 dolibet
414 1873 617 1943 contracta,
648 1857 700 1931 ita
727 1873 769 1932 ut
796 1857 857 1932 illa
884 1873 924 1932 et
952 1858 1082 1933 iisdem
1114 1857 1332 1955 praemissis
1352 1858 1692 1944 nonobstantibus,
1713 1858 1741 1928 si

245 1978 384 2055 nullum
413 1980 512 2055 aliud
541 1982 757 2056 canonicum
785 1983 819 2056 ei
847 1984 975 2058 obstet
1002 1983 1311 2080 impedimentum
1340 1981 1499 2057 clericali
1530 1981 1741 2056 charactere

245 2130 321 2203 quo
349 2105 441 2180 alias
470 2105 538 2180 rite
568 2107 765 2205 insignitus
793 2107 871 2192 fuit,
902 2107 1074 2204 illiusque
1109 2106 1312 2207 privilegiis
1340 2108 1394 2182 uti
1420 2099 1528 2181 acin
1560 2106 1741 2202 susceptis

245 2257 314 2328 per
341 2255 427 2305 eum
456 2229 595 2327 pariter
621 2229 714 2306 alias
742 2231 812 2306 rite
840 2247 1004 2330 quatuor
1030 2231 1236 2306 minoribus
1272 2254 1416 2306 necnon
1446 2231 1560 2305 sacris
1598 2231 1739 2304 subdia·

245 2372 412 2442 conatus,
443 2354 663 2430 diaconatus
691 2373 730 2432 et
757 2357 1043 2453 presbyteratus
1070 2355 1262 2431 ordinibus
1282 2374 1321 2430 et
1339 2357 1375 2429 iu
1393 2356 1521 2430 altaris
1540 2355 1740 2429 ministerio

245 2480 455 2555 ministrare
484 2481 599 2555 libere
628 2497 667 2556 et
693 2480 790 2556 licite
808 2483 931 2578 possit
948 2499 987 2556 et
1005 2481 1141 2569 valeat,
1162 2483 1385 2556 auctoritate
1405 2495 1445 2556 et
1462 2481 1616 2555 arbitrio
1635 2505 1739 2577 prae-

245 2605 365 2692 dictis,
394 2605 602 2703 dispenses.
634 2606 720 2680 Non
748 2607 985 2681 obstantibus
1018 2606 1235 2703 apostolicis
1263 2632 1307 2681 ac
1335 2607 1371 2680 in
1399 2604 1669 2680 universalibus
1703 2623 1739 2680 et

244 2730 484 2828 synodalibus
513 2730 687 2805 Conciliis
715 2731 825 2806 editis
844 2731 1084 2830 generalibus
1102 2748 1140 2805 et
1159 2730 1383 2828 specialibus
1403 2729 1740 2805 Constitutionibus

244 2873 283 2932 et
310 2856 616 2941 ordinationibus,
646 2857 857 2952 ceterisque
885 2857 1081 2930 contrariis
1108 2857 1417 2953 quibuscumque.
1658 2941 1663 2948 ,

325 2979 467 3054 Datum
496 2981 650 3066 Romae,
679 2982 782 3080 apud
812 2983 849 3058 S.
881 2983 1038 3057 Mariam
1068 2982 1259 3068 maiorem,
1280 2983 1349 3057 sub
1368 2981 1507 3056 annulo
1528 2979 1735 3066 Piscatoris,
1838 2991 1839 3026 f

244 3105 304 3179 die
333 3127 408 3178 xxv
436 3106 607 3181 februarii
642 3112 753 3193 1661,
784 3103 1027 3182 Pontificatus
1056 3107 1173 3182 nostri
1202 3131 1300 3180 anno
1329 3122 1450 3182 sexto.

949 3436 1039 3516 302.

503 3597 687 3670 Dominus
722 3595 760 3668 T
753 3596 818 3670 aia
845 3597 885 3671 in
913 3597 1134 3698 disputando
1160 3597 1301 3672 excedit
1326 3598 1482 3674 modum.

325 3754 439 3827 (Anca.
459 3752 546 3825 Ron,
570 3748 757 3808 ‹Dt'ctrr'um
777 3747 866 3809 Celsi
876 3753 912 3824 »).

754 3951 885 4026 Lunae
916 3974 963 4045 23
994 3951 1084 4027 Maii
1119 3957 1230 4028 1661.

325 4149 526 4170 ......
549 4091 758 4168 Occasione
777 4094 1042 4190 disputationis
1061 4095 1097 4168 in
1118 4097 1283 4190 quadam
1302 4119 1415 4170 causa
1434 4095 1646 4170 Amutrium
1669 4093 1734 4167 Ga·

242 4219 363 4306 bellae,
392 4241 518 4291 coram
540 4217 588 4294 D.
611 4216 837 4316 Bevilacqua
855 4234 940 4294 orta
958 4219 1025 4294 suit
1045 4220 1192 4294 modica
1211 4221 1402 4296 contentio
1421 4222 1517 4294 inter
1542 4220 1591 4296 D.
1613 4221 1733 4294 Taiam
1838 4211 1839 4298 ζ

244 4369 291 4418 ex
319 4365 394 4416 una
420 4359 461 4416 et
480 4342 569 4418 DD.
590 4342 742 4416 Emerix
760 4358 800 4418 et
820 4341 936 4416 Ninot
954 4365 1003 4416 ex
1020 4344 1151 4426 altera,
1172 4345 1262 4441 quia
1282 4344 1330 4420 D.
1347 4345 1440 4418 Taia
1460 4344 1567 4418 nimis
1582 4343 1735 4418 iactabat
1838 4327 1839 4410 Ῐ

244 4467 410 4542 rationes
438 4491 535 4562 quas
562 4464 775 4541 deducebat
803 4491 872 4563 pro
901 4465 960 4540 illa
988 4483 1096 4563 parte
1125 4491 1240 4564 quam
1260 4467 1495 4553 defendebat,
1516 4483 1557 4542 et
1575 4493 1597 4542 e
1616 4483 1735 4542 contra
1838 4525 1839 4568 ,

243 4593 448 4689 spernebat
476 4591 640 4666 rationes
668 4608 707 4664 et
734 4591 834 4666 dicta
863 4592 1046 4665 dictorum
1076 4591 1336 4676 Dominorum,
1366 4593 1435 4666 sed
1454 4591 1490 4666 in
1509 4616 1552 4664 se
1571 4610 1735 4665 reversus
1838 4571 1839 4578 ἵ

243 4718 278 4790 in
307 4716 379 4790 fine
408 4717 531 4791 Rotae
559 4716 674 4811 petiit
695 4717 842 4789 veniam
871 4731 911 4790 et
938 4714 1144 4791 declaravit
1168 4717 1204 4790 in
1223 4717 1454 4813 disputando
1473 4740 1548 4790 non
1568 4715 1734 4791 habuisse
1838 4721 1839 4796 g

245 4842 409 4915 animum
437 4840 599 4937 aliquem
627 4839 861 4927 oflendendi;
893 4840 961 4913 sed
989 4840 1026 4914 in
1054 4839 1187 4916 effectu
1218 4841 1380 4916 excessit
1407 4843 1572 4916 modum.
