3688 5924
202 341 278 386 xxvi
742 329 918 398 Praefatio
936 331 982 390 ad
1000 333 1154 392 lectorem

283 522 425 600 XXVI.
446 523 551 598 Bulla
564 525 777 600 authentica
797 527 831 598 in
846 552 1015 626 pergam.
1044 559 1062 601 e
1082 527 1246 604 Romani
1262 521 1452 613 Pann'fia's
1465 521 1699 620 providencia

200 651 455 747 circumspecta
475 677 509 724 ».
543 649 628 723 Dat.
660 650 805 736 Romae
833 651 935 746 apud
964 652 1001 727 S.
1025 652 1175 726 Petrum
1205 675 1228 743 4
1257 673 1376 722 nonas
1403 646 1489 733 iulii,
1511 648 1624 720 Anno
1650 648 1699 720 ab

202 775 397 860 Incarnat.,
434 777 543 866 1484.

280 897 439 970 XXVII.
469 898 668 994 Sumptum
697 898 855 996 simplex
876 900 1004 974 Rotuli
1032 926 1097 974 seu
1128 898 1293 973 mandati
1322 899 1369 971 de
1399 895 1632 993 providendo
1660 894 1695 968 in

201 1048 356 1119 papyr0.

807 1167 1011 1241 Alexandri
1040 1167 1102 1242 VI.

279 1309 453 1386 XXVIII.
486 1311 591 1383 Bulla
619 1311 831 1384 authentica
877 1311 912 1383 in
941 1335 1111 1408 pergam.
1150 1338 1167 1380 e
1200 1309 1366 1382 Romani
1391 1307 1582 1402 Pantefieis
1601 1318 1694 1404 pra-

197 1434 356 1507 aia'entra
383 1437 692 1534 circumspecta».
726 1435 813 1510 Dat.
836 1437 979 1509 Romae
998 1436 1100 1530 apud
1119 1433 1157 1508 S.
1181 1434 1342 1520 Petrum,
1364 1432 1435 1507 kal.
1473 1433 1561 1505 Maii
1581 1433 1694 1505 Anno
1764 1461 1767 1468 ·

197 1559 245 1632 ab
273 1559 466 1646 Incarnat„
504 1563 613 1652 1498.

278 1683 423 1759 XXIX.
455 1685 654 1780 Sumptum
684 1685 840 1781 simplex
869 1685 997 1758 Rotnli
1026 1709 1092 1757 seu
1122 1683 1288 1758 mandati
1316 1682 1364 1755 de
1405 1679 1625 1778 providend.
1656 1681 1692 1752 in

197 1832 352 1905 papyro,

872 1952 950 2026 Iulii
979 1953 1020 2025 II.

278 2094 405 2170 XXX.
439 2095 544 2169 Bulla
571 2096 784 2170 authentica
803 2097 838 2168 in
858 2121 1023 2193 pergam.
1050 2123 1067 2164 e
1089 2093 1311 2168 cathedram
1324 2093 1634 2192 praeeminentiae
1652 2119 1688 2164 ».

197 2221 284 2294 Dat.
321 2221 464 2294 Romae
492 2223 594 2317 apud
622 2222 841 2297 S.·Petrum
872 2244 890 2315 5
923 2221 994 2294 kal.
1025 2220 1116 2293 lunii
1145 2223 1256 2293 Anno
1284 2221 1332 2293 ab
1355 2219 1549 2303 Incarnat„
1577 2237 1688 2311 1507.

274 2345 422 2419 XXXI.
453 2347 559 2419 Bulla
578 2347 791 2420 authentica
810 2347 845 2419 in
865 2371 1033 2444 pergam.
1064 2375 1081 2416 e
1100 2345 1266 2418 Romani
1285 2342 1476 2438 pontificis
1502 2352 1690 2440 tamquam

192 2468 277 2542 berei
294 2471 587 2566 patrisfamilias
612 2502 648 2547 ».
682 2471 771 2545 Dat.
810 2472 955 2544 Romae
983 2470 1085 2566 apud
1115 2470 1152 2544 S.
1183 2469 1345 2554 Petrum,
1376 2466 1447 2540 kal.
1478 2465 1556 2539 Iulii
1576 2468 1689 2575 Anno

192 2595 241 2666 ab
269 2594 465 2682 lucaman,
501 2617 611 2690 1507.

272 2715 292 2758 ’¹‘
320 2719 353 2791 T
354 2737 613 2816 ransumptum
641 2721 894 2794 authenticum
913 2721 1080 2793 eiusdem
1103 2719 1231 2792 BuIIae
1260 2717 1296 2790 in
1321 2741 1489 2816 pergam.
1511 2740 1686 2789 unacum

191 2857 420 2918 testamento
448 2845 482 2918 T
483 2847 618 2920 homae
646 2848 693 2920 de
723 2847 903 2944 Regibus.

832 3041 968 3114 Leonis
997 3041 1046 3114 X.

271 3180 434 3256 XXXII.
464 3185 563 3256 Acta
591 3208 793 3278 processus
821 3175 1021 3258 authentici
1051 3183 1086 3256 in
1115 3207 1285 3281 pergam.
1315 3207 1430 3278 super
1461 3176 1683 3256 executione

191 3304 320 3378 BulIae
355 3335 373 3377 ‹
393 3305 499 3380 Sedis
516 3309 744 3405 Apostalr'cae
755 3309 990 3406 providentia
1009 3337 1045 3388 s,
1065 3309 1153 3382 Dat.
1185 3309 1331 3382 Romae
1350 3308 1452 3404 apud
1470 3309 1507 3383 S.
1531 3308 1683 3382 Petrum

195 3436 239 3503 16
269 3430 339 3505 kal.
373 3491 379 3506 .
413 3491 420 3506 .
454 3491 461 3504 .
492 3433 604 3508 Anno
632 3437 681 3506 ab
709 3433 904 3520 Incamat„
946 3456 1057 3527 1513.

780 3629 984 3702 Clementis
1013 3627 1092 3704 VII.

266 3768 445 3844 XXXIII.
467 3769 574 3843 Bulla
592 3771 628 3842 in
649 3795 815 3869 pergam.
841 3795 915 3843 non
935 3772 1110 3866 expedita
1132 3770 1299 3844 <Debita
1332 3772 1617 3846 consideratione
1642 3800 1679 3849 ›.
1832 3775 1833 3852 ἶ

188 3896 329 3970 Datum
359 3897 503 3970 Romae
531 3897 633 3994 apud
662 3897 700 3970 S.
732 3898 894 3972 Petrum.

266 4021 448 4098 XXXIV.
481 4023 787 4118 Motusproprius
814 4024 981 4096 authent.
1011 4023 1047 4095 in
1076 4048 1228 4120 papyro.
1271 4025 1359 4098 Dat.
1401 4025 1546 4098 Romae
1579 4027 1689 4122 apudv
1832 3975 1833 4020 I

185 4145 224 4222 S.
255 4147 406 4221 Petrum
438 4169 456 4238 5
488 4147 558 4222 kal.
590 4148 715 4221 Martii
742 4173 841 4222 anno
869 4149 894 4223 I.
1384 4245 1389 4256 Ι

265 4270 430 4347 XXXV.
463 4272 768 4370 Motusproprius
796 4273 963 4347 authent.
994 4273 1030 4348 in
1059 4297 1214 4369 papyr0.
1255 4273 1343 4348 Dat.
1390 4275 1535 4348 Romae
1576 4275 1679 4371 apud

173 4396 223 4471 S.
256 4397 404 4470 Petrum
436 4419 454 4491 5
487 4422 606 4472 nonas
634 4399 785 4495 augusti
811 4421 911 4471 anno
940 4399 981 4473 II.

264 4520 448 4595 XXXVI.
471 4521 576 4594 Bulla
595 4499 810 4595 authentica
837 4523 873 4592 in
901 4547 1070 4620 pergam.
1097 4521 1308 4596 <Convenit
1333 4525 1561 4621 aequitati».
1586 4525 1675 4599 Dat.

184 4644 328 4717 Romae
357 4647 459 4740 apud
487 4645 524 4720 S.
557 4646 706 4720 Petrum
738 4669 756 4739 5
790 4670 907 4718 nonas
934 4647 1085 4744 augusti
1113 4670 1213 4720 anno
1240 4649 1289 4721 ab
1325 4648 1520 4733 Incarnat.‚
1567 4673 1578 4722 r
1589 4671 1634 4743 52
1643 4671 1677 4743 5.

263 4767 283 4809 ’¹‘
313 4770 400 4842 Duo
429 4787 580 4867 sumpta
609 4770 787 4867 simplicia
814 4771 982 4844 eiusdem
1014 4768 1144 4845 BuIIae
1171 4771 1287 4868 antiq.
1318 4773 1435 4846 chart.

844 4967 945 5040 Pauli
973 4967 1030 5042 III.

115 5077 120 5086 .
264 5108 462 5186 XXXVII.
495 5111 614 5184 Breve
642 5111 743 5185 auth.
775 5111 810 5183 in
839 5133 1007 5208 pergam.
1032 5110 1120 5184 Dat.
1152 5111 1296 5184 Romae
1323 5111 1426 5206 apud
1445 5111 1483 5185 S.
1507 5112 1676 5185 Marcum

182 5232 304 5317 Anno,
333 5256 444 5328 1537.

262 5356 476 5434 XXXVIII.
509 5361 707 5454 Sumptum
734 5359 901 5433 authent.
934 5359 1205 5456 Motusproprii
1233 5361 1269 5432 in
1297 5385 1538 5459 pergamena.
