<?xml version="1.0" encoding="UTF-8"?>
<!DOCTYPE html PUBLIC "-//W3C//DTD XHTML 1.0 Transitional//EN"
    "http://www.w3.org/TR/xhtml1/DTD/xhtml1-transitional.dtd">
<html xmlns="http://www.w3.org/1999/xhtml" xml:lang="en" lang="en">
 <head>
  <title>
</title>
<meta http-equiv="Content-Type" content="text/html;charset=utf-8" />
  <meta name='ocr-system' content='tesseract 3.04.00' />
  <meta name='ocr-capabilities' content='ocr_page ocr_carea ocr_par ocr_line ocrx_word'/>
</head>
<body>
  <div class='ocr_page' id='page_1' title='image "./capellanipapaee00cercgoog_0362.png"; bbox 0 0 3748 5914; ppageno 0'>
   <div class='ocr_carea' id='block_1_1' title="bbox 891 319 1135 382">
    <p class='ocr_par' dir='ltr' id='par_1_1' title="bbox 891 319 1135 382">
     <span class='ocr_line' id='line_1_1' title="bbox 891 319 1135 382; baseline 0 0"><span class='ocrx_word' id='word_1_1' title='bbox 891 321 1028 382; x_wconf 83' lang='lat' dir='ltr'>Saeculo</span> <span class='ocrx_word' id='word_1_2' title='bbox 1046 319 1078 381; x_wconf 86' lang='lat' dir='ltr'><strong><em>X</em></strong></span> <span class='ocrx_word' id='word_1_3' title='bbox 1087 321 1135 382; x_wconf 88' lang='lat' dir='ltr'>VI</span> 
     </span>
    </p>
   </div>
   <div class='ocr_carea' id='block_1_2' title="bbox 477 653 1522 895">
    <p class='ocr_par' dir='ltr' id='par_1_2' title="bbox 477 653 1522 895">
     <span class='ocr_line' id='line_1_2' title="bbox 957 653 1043 731; baseline -0.012 -1"><span class='ocrx_word' id='word_1_4' title='bbox 957 653 1043 731; x_wconf 88' lang='grc'><strong>181.</strong></span> 
     </span>
     <span class='ocr_line' id='line_1_3' title="bbox 477 793 1522 895; baseline 0.008 -29"><span class='ocrx_word' id='word_1_5' title='bbox 477 793 603 867; x_wconf 89' lang='lat' dir='ltr'>Turni</span> <span class='ocrx_word' id='word_1_6' title='bbox 627 795 778 869; x_wconf 90' lang='lat' dir='ltr'>Ratales</span> <span class='ocrx_word' id='word_1_7' title='bbox 804 797 1086 895; x_wconf 73' lang='lat' dir='ltr'><em>appellabantur</em></span> <span class='ocrx_word' id='word_1_8' title='bbox 1112 798 1222 872; x_wconf 83' lang='lat' dir='ltr'>ctiam</span> <span class='ocrx_word' id='word_1_9' title='bbox 1251 798 1370 873; x_wconf 86' lang='lat' dir='ltr'>Ratae</span> <span class='ocrx_word' id='word_1_10' title='bbox 1400 797 1522 874; x_wconf 83' lang='lat' dir='ltr'>Cliari&#39;.</span> 
     </span>
    </p>
   </div>
   <div class='ocr_carea' id='block_1_3' title="bbox 245 947 1486 1027">
    <p class='ocr_par' dir='ltr' id='par_1_3' title="bbox 245 947 1486 1027">
     <span class='ocr_line' id='line_1_4' title="bbox 245 947 1486 1027; baseline 0.006 -23"><span class='ocrx_word' id='word_1_11' title='bbox 245 999 247 1004; x_wconf 90' lang='lat'><em>.</em></span> <span class='ocrx_word' id='word_1_12' title='bbox 331 947 443 1016; x_wconf 74' lang='lat' dir='ltr'>(Auca.</span> <span class='ocrx_word' id='word_1_13' title='bbox 463 947 549 1022; x_wconf 78' lang='lat' dir='ltr'>Ros,</span> <span class='ocrx_word' id='word_1_14' title='bbox 574 948 796 1010; x_wconf 81' lang='lat' dir='ltr'>‹Extractum</span> <span class='ocrx_word' id='word_1_15' title='bbox 815 950 936 1010; x_wconf 83' lang='lat' dir='ltr'>Di’ari&#39;i&#39;</span> <span class='ocrx_word' id='word_1_16' title='bbox 951 951 1080 1010; x_wconf 85' lang='lat' dir='ltr'>Peniae</span> <span class='ocrx_word' id='word_1_17' title='bbox 1093 976 1119 1026; x_wconf 74' lang='grc' dir='ltr'>ι,</span> <span class='ocrx_word' id='word_1_18' title='bbox 1129 952 1193 1026; x_wconf 90' lang='lat' dir='ltr'>sol.</span> <span class='ocrx_word' id='word_1_19' title='bbox 1213 953 1235 1011; x_wconf 89' lang='lat'><em>9</em></span> <span class='ocrx_word' id='word_1_20' title='bbox 1254 954 1291 1012; x_wconf 89' lang='lat' dir='ltr'>i&#39;n</span> <span class='ocrx_word' id='word_1_21' title='bbox 1311 955 1486 1027; x_wconf 81' lang='lat' dir='ltr'><em>margine).</em></span> 
     </span>
    </p>
   </div>
   <div class='ocr_carea' id='block_1_4' title="bbox 706 1134 1293 1232">
    <p class='ocr_par' dir='ltr' id='par_1_4' title="bbox 706 1134 1293 1232">
     <span class='ocr_line' id='line_1_5' title="bbox 706 1134 1293 1232; baseline 0.01 -26"><span class='ocrx_word' id='word_1_22' title='bbox 706 1134 892 1220; x_wconf 87' lang='lat' dir='ltr'>Mercurii,</span> <span class='ocrx_word' id='word_1_23' title='bbox 925 1157 944 1228; x_wconf 93' lang='lat'><em>7</em></span> <span class='ocrx_word' id='word_1_24' title='bbox 976 1135 1148 1210; x_wconf 78' lang='lat' dir='ltr'>februarii</span> <span class='ocrx_word' id='word_1_25' title='bbox 1182 1143 1293 1232; x_wconf 86' lang='lat'>1596.</span> 
     </span>
    </p>
   </div>
   <div class='ocr_carea' id='block_1_5' title="bbox 250 1290 1749 1639">
    <p class='ocr_par' dir='ltr' id='par_1_5' title="bbox 250 1290 1749 1639">
     <span class='ocr_line' id='line_1_6' title="bbox 331 1290 1749 1388; baseline 0.006 -26"><span class='ocrx_word' id='word_1_26' title='bbox 331 1290 370 1362; x_wconf 93' lang='lat' dir='ltr'>In</span> <span class='ocrx_word' id='word_1_27' title='bbox 398 1315 513 1364; x_wconf 85' lang='lat' dir='ltr'>causa</span> <span class='ocrx_word' id='word_1_28' title='bbox 542 1290 713 1365; x_wconf 88' lang='lat' dir='ltr'>Romana</span> <span class='ocrx_word' id='word_1_29' title='bbox 741 1317 808 1364; x_wconf 87' lang='lat' dir='ltr'>seu</span> <span class='ocrx_word' id='word_1_30' title='bbox 839 1292 1033 1388; x_wconf 89' lang='lat' dir='ltr'>Hispalen.</span> <span class='ocrx_word' id='word_1_31' title='bbox 1063 1337 1090 1350; x_wconf 94' lang='lat'>-·</span> <span class='ocrx_word' id='word_1_32' title='bbox 1118 1293 1306 1367; x_wconf 89' lang='lat' dir='ltr'>Simoniae</span> <span class='ocrx_word' id='word_1_33' title='bbox 1329 1339 1356 1350; x_wconf 94' lang='lat'><em>-</em></span> <span class='ocrx_word' id='word_1_34' title='bbox 1433 1295 1470 1368; x_wconf 90' lang='lat' dir='ltr'>in</span> <span class='ocrx_word' id='word_1_35' title='bbox 1489 1298 1558 1370; x_wconf 90' lang='lat' dir='ltr'>hac</span> <span class='ocrx_word' id='word_1_36' title='bbox 1577 1320 1693 1370; x_wconf 87' lang='lat' dir='ltr'>causa</span> <span class='ocrx_word' id='word_1_37' title='bbox 1713 1319 1749 1387; x_wconf 88' lang='lat'>9,</span> 
     </span>
     <span class='ocr_line' id='line_1_7' title="bbox 252 1413 1749 1516; baseline 0.004 -30"><span class='ocrx_word' id='word_1_38' title='bbox 252 1413 305 1486; x_wconf 92' lang='lat' dir='ltr'>XI</span> <span class='ocrx_word' id='word_1_39' title='bbox 334 1415 561 1488; x_wconf 84' lang='lat' dir='ltr'>Auditorum</span> <span class='ocrx_word' id='word_1_40' title='bbox 588 1415 652 1512; x_wconf 92' lang='lat' dir='ltr'>qui</span> <span class='ocrx_word' id='word_1_41' title='bbox 679 1417 845 1504; x_wconf 88' lang='lat' dir='ltr'>aderant,</span> <span class='ocrx_word' id='word_1_42' title='bbox 879 1441 903 1510; x_wconf 90' lang='lat'>4</span> <span class='ocrx_word' id='word_1_43' title='bbox 930 1417 1165 1492; x_wconf 88' lang='lat' dir='ltr'>retinuerunt</span> <span class='ocrx_word' id='word_1_44' title='bbox 1192 1419 1343 1514; x_wconf 89' lang='lat' dir='ltr'>probari</span> <span class='ocrx_word' id='word_1_45' title='bbox 1361 1419 1579 1508; x_wconf 88' lang='lat' dir='ltr'>simoniam;</span> <span class='ocrx_word' id='word_1_46' title='bbox 1601 1435 1749 1516; x_wconf 84' lang='lat' dir='ltr'>septem</span> 
     </span>
     <span class='ocr_line' id='line_1_8' title="bbox 250 1540 1749 1639; baseline 0.005 -28"><span class='ocrx_word' id='word_1_47' title='bbox 250 1565 342 1614; x_wconf 89' lang='lat' dir='ltr'>vero</span> <span class='ocrx_word' id='word_1_48' title='bbox 371 1564 444 1613; x_wconf 91' lang='lat' dir='ltr'>non</span> <span class='ocrx_word' id='word_1_49' title='bbox 473 1540 633 1636; x_wconf 89' lang='lat' dir='ltr'>probari,</span> <span class='ocrx_word' id='word_1_50' title='bbox 655 1555 694 1614; x_wconf 87' lang='lat' dir='ltr'>et</span> <span class='ocrx_word' id='word_1_51' title='bbox 713 1542 748 1614; x_wconf 92' lang='lat' dir='ltr'>in</span> <span class='ocrx_word' id='word_1_52' title='bbox 767 1542 933 1616; x_wconf 88' lang='lat' dir='ltr'>votando</span> <span class='ocrx_word' id='word_1_53' title='bbox 952 1557 1215 1639; x_wconf 89' lang='lat' dir='ltr'>consumptum</span> <span class='ocrx_word' id='word_1_54' title='bbox 1234 1542 1301 1618; x_wconf 81' lang='lat' dir='ltr'>suit</span> <span class='ocrx_word' id='word_1_55' title='bbox 1328 1559 1479 1639; x_wconf 89' lang='lat' dir='ltr'>tempus</span> <span class='ocrx_word' id='word_1_56' title='bbox 1501 1567 1521 1637; x_wconf 87' lang='lat'>3</span> <span class='ocrx_word' id='word_1_57' title='bbox 1545 1545 1749 1632; x_wconf 86' lang='lat' dir='ltr'>Horarum,</span> 
     </span>
    </p>
   </div>
   <div class='ocr_carea' id='block_1_6' title="bbox 251 1655 1749 1875">
    <p class='ocr_par' dir='ltr' id='par_1_6' title="bbox 251 1655 1749 1875">
     <span class='ocr_line' id='line_1_9' title="bbox 251 1655 1749 1765; baseline 0.005 -27"><span class='ocrx_word' id='word_1_58' title='bbox 251 1681 290 1738; x_wconf 87' lang='lat' dir='ltr'>et</span> <span class='ocrx_word' id='word_1_59' title='bbox 317 1665 405 1758; x_wconf 91' lang='lat' dir='ltr'>quia</span> <span class='ocrx_word' id='word_1_60' title='bbox 432 1681 515 1737; x_wconf 89' lang='lat' dir='ltr'>erat</span> <span class='ocrx_word' id='word_1_61' title='bbox 542 1665 634 1739; x_wconf 89' lang='lat' dir='ltr'>hora</span> <span class='ocrx_word' id='word_1_62' title='bbox 662 1667 782 1750; x_wconf 89' lang='lat' dir='ltr'>tarda,</span> <span class='ocrx_word' id='word_1_63' title='bbox 813 1691 911 1740; x_wconf 88' lang='lat' dir='ltr'>unus</span> <span class='ocrx_word' id='word_1_64' title='bbox 930 1665 1080 1741; x_wconf 86' lang='lat' dir='ltr'>Chorus</span> <span class='ocrx_word' id='word_1_65' title='bbox 1100 1667 1223 1742; x_wconf 89' lang='lat' dir='ltr'>Rotae</span> <span class='ocrx_word' id='word_1_66' title='bbox 1242 1693 1317 1742; x_wconf 92' lang='lat' dir='ltr'>non</span> <span class='ocrx_word' id='word_1_67' title='bbox 1336 1655 1536 1765; x_wconf 81' lang='lat' dir='ltr'>proposuit</span> <span class='ocrx_word' id='word_1_68' title='bbox 1554 1695 1644 1744; x_wconf 90' lang='lat' dir='ltr'>suas</span> <span class='ocrx_word' id='word_1_69' title='bbox 1662 1697 1749 1745; x_wconf 89' lang='lat' dir='ltr'>cau-</span> 
     </span>
     <span class='ocr_line' id='line_1_10' title="bbox 254 1788 940 1875; baseline 0.006 -13"><span class='ocrx_word' id='word_1_70' title='bbox 254 1813 328 1875; x_wconf 89' lang='lat' dir='ltr'>sas,</span> <span class='ocrx_word' id='word_1_71' title='bbox 359 1788 426 1862; x_wconf 90' lang='lat' dir='ltr'>sed</span> <span class='ocrx_word' id='word_1_72' title='bbox 455 1813 586 1863; x_wconf 89' lang='lat' dir='ltr'>omnes</span> <span class='ocrx_word' id='word_1_73' title='bbox 614 1788 764 1862; x_wconf 86' lang='lat' dir='ltr'>suerunt</span> <span class='ocrx_word' id='word_1_74' title='bbox 791 1791 940 1866; x_wconf 86' lang='lat' dir='ltr'>dilatae.</span> 
     </span>
    </p>
   </div>
   <div class='ocr_carea' id='block_1_7' title="bbox 957 2071 1041 2150">
    <p class='ocr_par' dir='ltr' id='par_1_7' title="bbox 957 2071 1041 2150">
     <span class='ocr_line' id='line_1_11' title="bbox 957 2071 1041 2150; baseline 0 -2"><span class='ocrx_word' id='word_1_75' title='bbox 957 2071 1041 2150; x_wconf 85' lang='lat'>182.</span> 
     </span>
    </p>
   </div>
   <div class='ocr_carea' id='block_1_8' title="bbox 261 2210 1752 2437">
    <p class='ocr_par' dir='ltr' id='par_1_8' title="bbox 261 2210 1752 2437">
     <span class='ocr_line' id='line_1_12' title="bbox 261 2210 1752 2315; baseline 0.006 -31"><span class='ocrx_word' id='word_1_76' title='bbox 261 2210 332 2285; x_wconf 86' lang='lat' dir='ltr'>Ubi</span> <span class='ocrx_word' id='word_1_77' title='bbox 357 2215 466 2313; x_wconf 84' lang='lat' dir='ltr'>Papa</span> <span class='ocrx_word' id='word_1_78' title='bbox 487 2213 683 2288; x_wconf 82' lang='lat' dir='ltr'>discederet</span> <span class='ocrx_word' id='word_1_79' title='bbox 707 2223 743 2287; x_wconf 88' lang='lat' dir='ltr'>et</span> <span class='ocrx_word' id='word_1_80' title='bbox 766 2214 869 2287; x_wconf 86' lang='lat' dir='ltr'>ultra</span> <span class='ocrx_word' id='word_1_81' title='bbox 888 2215 1142 2312; x_wconf 76' lang='lat' dir='ltr'>quadraginta</span> <span class='ocrx_word' id='word_1_82' title='bbox 1160 2215 1342 2291; x_wconf 78' lang='lat' dir='ltr'>milliaria</span> <span class='ocrx_word' id='word_1_83' title='bbox 1356 2217 1655 2315; x_wconf 73' lang='lat' dir='ltr'>prmlcisceretur</span> <span class='ocrx_word' id='word_1_84' title='bbox 1672 2245 1752 2294; x_wconf 86' lang='lat' dir='ltr'>una</span> 
     </span>
     <span class='ocr_line' id='line_1_13' title="bbox 331 2337 1748 2437; baseline 0.006 -27"><span class='ocrx_word' id='word_1_85' title='bbox 331 2362 412 2410; x_wconf 92' lang='lat' dir='ltr'>cum</span> <span class='ocrx_word' id='word_1_86' title='bbox 426 2337 530 2412; x_wconf 74' lang='lat' dir='ltr'>Ssim</span> <span class='ocrx_word' id='word_1_87' title='bbox 543 2337 789 2423; x_wconf 89' lang='lat' dir='ltr'>Sacramenta,</span> <span class='ocrx_word' id='word_1_88' title='bbox 801 2341 911 2437; x_wconf 86' lang='lat' dir='ltr'>quasi</span> <span class='ocrx_word' id='word_1_89' title='bbox 921 2349 1012 2412; x_wconf 88' lang='lat' dir='ltr'>esset</span> <span class='ocrx_word' id='word_1_90' title='bbox 1011 2339 1155 2436; x_wconf 85' lang='lat' dir='ltr'>festum</span> <span class='ocrx_word' id='word_1_91' title='bbox 1170 2341 1322 2428; x_wconf 85' lang='lat' dir='ltr'>Palatii,</span> <span class='ocrx_word' id='word_1_92' title='bbox 1339 2367 1411 2416; x_wconf 85' lang='lat' dir='ltr'>nou</span> <span class='ocrx_word' id='word_1_93' title='bbox 1424 2341 1624 2417; x_wconf 75' lang='lat' dir='ltr'><em>habebatur</em></span> <span class='ocrx_word' id='word_1_94' title='bbox 1632 2345 1748 2420; x_wconf 87' lang='lat' dir='ltr'>Rota.</span> 
     </span>
    </p>
   </div>
   <div class='ocr_carea' id='block_1_9' title="bbox 331 2491 1116 2568">
    <p class='ocr_par' dir='ltr' id='par_1_9' title="bbox 331 2491 1116 2568">
     <span class='ocr_line' id='line_1_14' title="bbox 331 2491 1116 2568; baseline 0.004 -15"><span class='ocrx_word' id='word_1_95' title='bbox 331 2495 446 2568; x_wconf 77' lang='lat' dir='ltr'>(Aucti.</span> <span class='ocrx_word' id='word_1_96' title='bbox 465 2493 551 2566; x_wconf 76' lang='lat' dir='ltr'>Ros,</span> <span class='ocrx_word' id='word_1_97' title='bbox 575 2516 588 2543; x_wconf 77' lang='grc' dir='ltr'>ι</span> <span class='ocrx_word' id='word_1_98' title='bbox 599 2491 798 2553; x_wconf 82' lang='lat' dir='ltr'>Extractum</span> <span class='ocrx_word' id='word_1_99' title='bbox 818 2493 938 2553; x_wconf 88' lang='lat' dir='ltr'>Di&#39;ari&#39;i&#39;</span> <span class='ocrx_word' id='word_1_100' title='bbox 953 2494 1069 2554; x_wconf 72' lang='lat' dir='ltr'>Paciae</span> <span class='ocrx_word' id='word_1_101' title='bbox 1081 2497 1116 2568; x_wconf 68' lang='grc' dir='ltr'>ι).</span> 
     </span>
    </p>
   </div>
   <div class='ocr_carea' id='block_1_10' title="bbox 717 2678 1279 2773">
    <p class='ocr_par' dir='ltr' id='par_1_10' title="bbox 717 2678 1279 2773">
     <span class='ocr_line' id='line_1_15' title="bbox 717 2678 1279 2773; baseline 0.004 -21"><span class='ocrx_word' id='word_1_102' title='bbox 717 2678 898 2752; x_wconf 86' lang='lat' dir='ltr'>Sabbathi</span> <span class='ocrx_word' id='word_1_103' title='bbox 932 2703 971 2750; x_wconf 89' lang='lat'>11</span> <span class='ocrx_word' id='word_1_104' title='bbox 1006 2679 1134 2773; x_wconf 88' lang='lat' dir='ltr'>aprilis</span> <span class='ocrx_word' id='word_1_105' title='bbox 1168 2684 1279 2772; x_wconf 87' lang='lat'>1598.</span> 
     </span>
    </p>
   </div>
   <div class='ocr_carea' id='block_1_11' title="bbox 333 2834 1752 2928">
    <p class='ocr_par' dir='ltr' id='par_1_11' title="bbox 333 2834 1752 2928">
     <span class='ocr_line' id='line_1_16' title="bbox 333 2834 1752 2928; baseline 0.003 -21"><span class='ocrx_word' id='word_1_106' title='bbox 333 2857 394 2928; x_wconf 90' lang='lat'>43.</span> <span class='ocrx_word' id='word_1_107' title='bbox 427 2834 692 2910; x_wconf 89' lang='lat' dir='ltr'>Procuratores</span> <span class='ocrx_word' id='word_1_108' title='bbox 720 2852 759 2909; x_wconf 93' lang='lat' dir='ltr'>et</span> <span class='ocrx_word' id='word_1_109' title='bbox 787 2836 973 2910; x_wconf 88' lang='lat' dir='ltr'>Advocati</span> <span class='ocrx_word' id='word_1_110' title='bbox 1002 2835 1212 2911; x_wconf 88' lang='lat' dir='ltr'>Causarum</span> <span class='ocrx_word' id='word_1_111' title='bbox 1240 2860 1346 2911; x_wconf 91' lang='lat' dir='ltr'>more</span> <span class='ocrx_word' id='word_1_112' title='bbox 1366 2837 1477 2911; x_wconf 87' lang='lat' dir='ltr'>solito</span> <span class='ocrx_word' id='word_1_113' title='bbox 1506 2837 1752 2912; x_wconf 83' lang='lat' dir='ltr'>informarunt</span> 
     </span>
    </p>
   </div>
   <div class='ocr_carea' id='block_1_12' title="bbox 164 2955 1752 3554">
    <p class='ocr_par' dir='ltr' id='par_1_12' title="bbox 164 2955 1752 3554">
     <span class='ocr_line' id='line_1_17' title="bbox 254 2955 1749 3062; baseline 0.005 -32"><span class='ocrx_word' id='word_1_114' title='bbox 254 2955 514 3062; x_wconf 91' lang='lat' dir='ltr'>DD[0minos]</span> <span class='ocrx_word' id='word_1_115' title='bbox 529 2960 734 3033; x_wconf 88' lang='lat' dir='ltr'>Auditores</span> <span class='ocrx_word' id='word_1_116' title='bbox 749 2985 819 3057; x_wconf 92' lang='lat' dir='ltr'>pro</span> <span class='ocrx_word' id='word_1_117' title='bbox 835 2959 936 3034; x_wconf 93' lang='lat' dir='ltr'>Rota</span> <span class='ocrx_word' id='word_1_118' title='bbox 955 2959 1128 3036; x_wconf 88' lang='lat' dir='ltr'>habenda</span> <span class='ocrx_word' id='word_1_119' title='bbox 1142 2961 1202 3036; x_wconf 89' lang='lat' dir='ltr'>die</span> <span class='ocrx_word' id='word_1_120' title='bbox 1221 2961 1331 3036; x_wconf 86' lang='lat' dir='ltr'>lunae</span> <span class='ocrx_word' id='word_1_121' title='bbox 1351 2985 1395 3055; x_wconf 87' lang='lat'>13</span> <span class='ocrx_word' id='word_1_122' title='bbox 1412 2963 1580 3036; x_wconf 88' lang='lat' dir='ltr'>eiusdem</span> <span class='ocrx_word' id='word_1_123' title='bbox 1595 2965 1749 3046; x_wconf 86' lang='lat' dir='ltr'>mensis,</span> 
     </span>
     <span class='ocr_line' id='line_1_18' title="bbox 253 3083 1752 3184; baseline 0.003 -29"><span class='ocrx_word' id='word_1_124' title='bbox 253 3107 351 3180; x_wconf 89' lang='lat' dir='ltr'>quae</span> <span class='ocrx_word' id='word_1_125' title='bbox 371 3099 495 3158; x_wconf 86' lang='lat' dir='ltr'>tamen</span> <span class='ocrx_word' id='word_1_126' title='bbox 517 3108 590 3159; x_wconf 92' lang='lat' dir='ltr'>non</span> <span class='ocrx_word' id='word_1_127' title='bbox 609 3083 676 3158; x_wconf 89' lang='lat' dir='ltr'>suit</span> <span class='ocrx_word' id='word_1_128' title='bbox 695 3085 822 3160; x_wconf 89' lang='lat' dir='ltr'>habita</span> <span class='ocrx_word' id='word_1_129' title='bbox 844 3101 1001 3184; x_wconf 89' lang='lat' dir='ltr'>propter</span> <span class='ocrx_word' id='word_1_130' title='bbox 1020 3085 1227 3160; x_wconf 88' lang='lat' dir='ltr'>discessum</span> <span class='ocrx_word' id='word_1_131' title='bbox 1248 3085 1285 3162; x_wconf 90' lang='lat' dir='ltr'>S.</span> <span class='ocrx_word' id='word_1_132' title='bbox 1309 3085 1358 3162; x_wconf 90' lang='lat' dir='ltr'>D.</span> <span class='ocrx_word' id='word_1_133' title='bbox 1380 3085 1427 3162; x_wconf 90' lang='lat' dir='ltr'>N.</span> <span class='ocrx_word' id='word_1_134' title='bbox 1446 3086 1652 3161; x_wconf 87' lang='lat' dir='ltr'>Clementis</span> <span class='ocrx_word' id='word_1_135' title='bbox 1667 3086 1752 3160; x_wconf 91' lang='lat' dir='ltr'>VIII</span> 
     </span>
     <span class='ocr_line' id='line_1_19' title="bbox 253 3207 1752 3308; baseline 0.003 -28"><span class='ocrx_word' id='word_1_136' title='bbox 253 3210 302 3282; x_wconf 84' lang='lat' dir='ltr'>ab</span> <span class='ocrx_word' id='word_1_137' title='bbox 331 3207 435 3282; x_wconf 85' lang='lat' dir='ltr'>Urbe</span> <span class='ocrx_word' id='word_1_138' title='bbox 463 3225 502 3282; x_wconf 92' lang='lat' dir='ltr'>et</span> <span class='ocrx_word' id='word_1_139' title='bbox 529 3209 799 3305; x_wconf 84' lang='lat' dir='ltr'>prosectionem</span> <span class='ocrx_word' id='word_1_140' title='bbox 828 3211 864 3284; x_wconf 91' lang='lat' dir='ltr'>in</span> <span class='ocrx_word' id='word_1_141' title='bbox 893 3211 1094 3285; x_wconf 83' lang='lat' dir='ltr'>Civitatem</span> <span class='ocrx_word' id='word_1_142' title='bbox 1123 3211 1345 3298; x_wconf 88' lang='lat' dir='ltr'>Ferrarien.;</span> <span class='ocrx_word' id='word_1_143' title='bbox 1369 3212 1458 3306; x_wconf 89' lang='lat' dir='ltr'>quia</span> <span class='ocrx_word' id='word_1_144' title='bbox 1476 3210 1628 3306; x_wconf 90' lang='lat' dir='ltr'>quando</span> <span class='ocrx_word' id='word_1_145' title='bbox 1649 3211 1752 3308; x_wconf 90' lang='lat' dir='ltr'>Papa</span> 
     </span>
     <span class='ocr_line' id='line_1_20' title="bbox 164 3331 1752 3432; baseline 0.003 -29"><span class='ocrx_word' id='word_1_146' title='bbox 164 3411 168 3422; x_wconf 22' lang='grc' dir='ltr'>ι</span> <span class='ocrx_word' id='word_1_147' title='bbox 254 3331 413 3405; x_wconf 89' lang='lat' dir='ltr'>discedit</span> <span class='ocrx_word' id='word_1_148' title='bbox 425 3349 466 3405; x_wconf 91' lang='lat' dir='ltr'>et</span> <span class='ocrx_word' id='word_1_149' title='bbox 479 3333 576 3406; x_wconf 89' lang='lat' dir='ltr'>ultra</span> <span class='ocrx_word' id='word_1_150' title='bbox 591 3334 840 3432; x_wconf 85' lang='lat' dir='ltr'>quadraginta</span> <span class='ocrx_word' id='word_1_151' title='bbox 855 3335 1020 3409; x_wconf 87' lang='lat' dir='ltr'>milliaria</span> <span class='ocrx_word' id='word_1_152' title='bbox 1033 3333 1278 3432; x_wconf 88' lang='lat' dir='ltr'>proficiscitur</span> <span class='ocrx_word' id='word_1_153' title='bbox 1294 3359 1367 3409; x_wconf 88' lang='lat' dir='ltr'>una</span> <span class='ocrx_word' id='word_1_154' title='bbox 1382 3361 1465 3409; x_wconf 93' lang='lat' dir='ltr'>cum</span> <span class='ocrx_word' id='word_1_155' title='bbox 1485 3335 1597 3408; x_wconf 77' lang='lat' dir='ltr'>Ssr‘r&#39;ro</span> <span class='ocrx_word' id='word_1_156' title='bbox 1616 3335 1752 3409; x_wconf 86' lang='lat' dir='ltr'>Sacra·</span> 
     </span>
     <span class='ocr_line' id='line_1_21' title="bbox 253 3456 1696 3554; baseline 0.003 -24"><span class='ocrx_word' id='word_1_157' title='bbox 253 3472 381 3530; x_wconf 89' lang='lat' dir='ltr'>mento</span> <span class='ocrx_word' id='word_1_158' title='bbox 409 3456 679 3545; x_wconf 88' lang='lat' dir='ltr'>Eucharistiae,</span> <span class='ocrx_word' id='word_1_159' title='bbox 699 3460 807 3554; x_wconf 88' lang='lat' dir='ltr'>quasi</span> <span class='ocrx_word' id='word_1_160' title='bbox 834 3474 938 3532; x_wconf 87' lang='lat' dir='ltr'>esset</span> <span class='ocrx_word' id='word_1_161' title='bbox 966 3460 1121 3534; x_wconf 89' lang='lat' dir='ltr'>Festum</span> <span class='ocrx_word' id='word_1_162' title='bbox 1152 3458 1289 3547; x_wconf 87' lang='lat' dir='ltr'>Palatii,</span> <span class='ocrx_word' id='word_1_163' title='bbox 1312 3484 1386 3533; x_wconf 90' lang='lat' dir='ltr'>non</span> <span class='ocrx_word' id='word_1_164' title='bbox 1405 3460 1565 3534; x_wconf 87' lang='lat' dir='ltr'>habetur</span> <span class='ocrx_word' id='word_1_165' title='bbox 1584 3459 1696 3535; x_wconf 89' lang='lat' dir='ltr'>Rota.</span> 
     </span>
    </p>
   </div>
   <div class='ocr_carea' id='block_1_13' title="bbox 253 3867 1752 4718">
    <p class='ocr_par' dir='ltr' id='par_1_13' title="bbox 253 3867 1752 4718">
     <span class='ocr_line' id='line_1_22' title="bbox 253 3867 1750 3969; baseline -0.003 -25"><span class='ocrx_word' id='word_1_166' title='bbox 253 3871 352 3944; x_wconf 86' lang='lat' dir='ltr'>Rata</span> <span class='ocrx_word' id='word_1_167' title='bbox 379 3870 673 3968; x_wconf 77' lang='lat' dir='ltr'>congregabatur</span> <span class='ocrx_word' id='word_1_168' title='bbox 699 3871 805 3969; x_wconf 86' lang='lat' dir='ltr'>apud</span> <span class='ocrx_word' id='word_1_169' title='bbox 819 3869 1044 3969; x_wconf 79' lang='lat' dir='ltr'>Sapientiam</span> <span class='ocrx_word' id='word_1_170' title='bbox 1072 3913 1089 3926; x_wconf 92' lang='lat'><em>·</em></span> <span class='ocrx_word' id='word_1_171' title='bbox 1112 3867 1359 3965; x_wconf 78' lang='lat' dir='ltr'>Priuilegi&#39;um</span> <span class='ocrx_word' id='word_1_172' title='bbox 1378 3867 1612 3966; x_wconf 83' lang='lat' dir='ltr'>Reipublicae</span> <span class='ocrx_word' id='word_1_173' title='bbox 1639 3869 1750 3942; x_wconf 88' lang='lat' dir='ltr'>Veni-</span> 
     </span>
     <span class='ocr_line' id='line_1_23' title="bbox 333 3991 1750 4094; baseline -0.001 -26"><span class='ocrx_word' id='word_1_174' title='bbox 333 3997 473 4068; x_wconf 88' lang='lat' dir='ltr'>tiarum</span> <span class='ocrx_word' id='word_1_175' title='bbox 508 4003 668 4094; x_wconf 83' lang='lat' dir='ltr'>quatuor</span> <span class='ocrx_word' id='word_1_176' title='bbox 695 3995 873 4068; x_wconf 82' lang='lat' dir='ltr'>Doctores</span> <span class='ocrx_word' id='word_1_177' title='bbox 907 3995 1005 4068; x_wconf 81' lang='lat' dir='ltr'>iuris</span> <span class='ocrx_word' id='word_1_178' title='bbox 1035 3994 1253 4068; x_wconf 84' lang='lat' dir='ltr'>nominandi</span> <span class='ocrx_word' id='word_1_179' title='bbox 1285 3991 1489 4090; x_wconf 81' lang='lat' dir='ltr'>exquibus</span> <span class='ocrx_word' id='word_1_180' title='bbox 1520 3992 1630 4091; x_wconf 90' lang='lat' dir='ltr'>Papa</span> <span class='ocrx_word' id='word_1_181' title='bbox 1657 3993 1750 4066; x_wconf 87' lang='lat' dir='ltr'>deli·</span> 
     </span>
     <span class='ocr_line' id='line_1_24' title="bbox 329 4116 1749 4216; baseline -0.001 -23"><span class='ocrx_word' id='word_1_182' title='bbox 329 4130 437 4216; x_wconf 77' lang='lat' dir='ltr'>geret</span> <span class='ocrx_word' id='word_1_183' title='bbox 460 4122 642 4206; x_wconf 76' lang='lat' dir='ltr'>nnumin</span> <span class='ocrx_word' id='word_1_184' title='bbox 670 4119 890 4193; x_wconf 85' lang='lat' dir='ltr'>Auditarem</span> <span class='ocrx_word' id='word_1_185' title='bbox 917 4121 1035 4193; x_wconf 86' lang='lat' dir='ltr'>Ratae</span> <span class='ocrx_word' id='word_1_186' title='bbox 1061 4119 1319 4194; x_wconf 86' lang='lat' dir='ltr'>assumendum</span> <span class='ocrx_word' id='word_1_187' title='bbox 1337 4159 1354 4174; x_wconf 90' lang='lat'>-</span> <span class='ocrx_word' id='word_1_188' title='bbox 1378 4116 1538 4191; x_wconf 80' lang='lat' dir='ltr'>Clemens</span> <span class='ocrx_word' id='word_1_189' title='bbox 1566 4117 1672 4190; x_wconf 87' lang='lat' dir='ltr'>VIII</span> <span class='ocrx_word' id='word_1_190' title='bbox 1681 4118 1749 4191; x_wconf 85' lang='lat' dir='ltr'>ele·</span> 
     </span>
     <span class='ocr_line' id='line_1_25' title="bbox 334 4242 1750 4320; baseline 0 -4"><span class='ocrx_word' id='word_1_191' title='bbox 334 4247 482 4318; x_wconf 89' lang='lat' dir='ltr'>ctionem</span> <span class='ocrx_word' id='word_1_192' title='bbox 518 4245 717 4318; x_wconf 84' lang='lat' dir='ltr'>Auditoris</span> <span class='ocrx_word' id='word_1_193' title='bbox 753 4245 879 4320; x_wconf 87' lang='lat' dir='ltr'>Veneti</span> <span class='ocrx_word' id='word_1_194' title='bbox 910 4245 1028 4318; x_wconf 88' lang='lat' dir='ltr'>Ratae</span> <span class='ocrx_word' id='word_1_195' title='bbox 1063 4245 1217 4318; x_wconf 83' lang='lat' dir='ltr'>remittit</span> <span class='ocrx_word' id='word_1_196' title='bbox 1250 4287 1268 4300; x_wconf 92' lang='lat'><em>·</em></span> <span class='ocrx_word' id='word_1_197' title='bbox 1305 4244 1404 4317; x_wconf 87' lang='lat' dir='ltr'>Rata</span> <span class='ocrx_word' id='word_1_198' title='bbox 1440 4242 1750 4316; x_wconf 75' lang='lat' dir='ltr'>sollicitationibus</span> 
     </span>
     <span class='ocr_line' id='line_1_26' title="bbox 336 4366 1752 4468; baseline -0.001 -27"><span class='ocrx_word' id='word_1_199' title='bbox 336 4368 552 4442; x_wconf 70' lang='lat' dir='ltr'>cardinalis</span> <span class='ocrx_word' id='word_1_200' title='bbox 578 4372 714 4468; x_wconf 82' lang='lat' dir='ltr'>nepotis</span> <span class='ocrx_word' id='word_1_201' title='bbox 740 4371 878 4443; x_wconf 85' lang='lat' dir='ltr'>resistit</span> <span class='ocrx_word' id='word_1_202' title='bbox 894 4413 911 4426; x_wconf 95' lang='lat'>-</span> <span class='ocrx_word' id='word_1_203' title='bbox 930 4370 1086 4442; x_wconf 71' lang='lat' dir='ltr'>litteris</span> <span class='ocrx_word' id='word_1_204' title='bbox 1112 4368 1411 4442; x_wconf 70' lang='lat' dir='ltr'>commendatitiis</span> <span class='ocrx_word' id='word_1_205' title='bbox 1440 4366 1702 4441; x_wconf 71' lang='lat' dir='ltr'>cardinalium</span> <span class='ocrx_word' id='word_1_206' title='bbox 1718 4376 1752 4440; x_wconf 89' lang='lat' dir='ltr'>et</span> 
     </span>
     <span class='ocr_line' id='line_1_27' title="bbox 335 4491 1751 4592; baseline 0.002 -28"><span class='ocrx_word' id='word_1_207' title='bbox 335 4492 555 4592; x_wconf 75' lang='lat' dir='ltr'>Principum</span> <span class='ocrx_word' id='word_1_208' title='bbox 590 4494 688 4568; x_wconf 92' lang='lat' dir='ltr'>salus</span> <span class='ocrx_word' id='word_1_209' title='bbox 724 4493 907 4579; x_wconf 87' lang='lat' dir='ltr'>Decanus,</span> <span class='ocrx_word' id='word_1_210' title='bbox 941 4495 1084 4568; x_wconf 90' lang='lat' dir='ltr'>nomine</span> <span class='ocrx_word' id='word_1_211' title='bbox 1113 4493 1272 4591; x_wconf 76' lang='lat' dir='ltr'>Collegi&#39;i,</span> <span class='ocrx_word' id='word_1_212' title='bbox 1303 4491 1521 4590; x_wconf 85' lang='lat' dir='ltr'>respondeat</span> <span class='ocrx_word' id='word_1_213' title='bbox 1550 4535 1566 4548; x_wconf 92' lang='lat'>-</span> <span class='ocrx_word' id='word_1_214' title='bbox 1599 4491 1751 4567; x_wconf 86' lang='lat' dir='ltr'>Redar-</span> 
     </span>
     <span class='ocr_line' id='line_1_28' title="bbox 328 4617 1638 4718; baseline 0 -26"><span class='ocrx_word' id='word_1_215' title='bbox 328 4628 501 4714; x_wconf 76' lang='lat' dir='ltr'>gunutur</span> <span class='ocrx_word' id='word_1_216' title='bbox 518 4621 720 4694; x_wconf 84' lang='lat' dir='ltr'>Ariditores</span> <span class='ocrx_word' id='word_1_217' title='bbox 746 4622 814 4717; x_wconf 83' lang='lat' dir='ltr'>qui&#39;</span> <span class='ocrx_word' id='word_1_218' title='bbox 838 4617 972 4693; x_wconf 87' lang='lat' dir='ltr'>talibus</span> <span class='ocrx_word' id='word_1_219' title='bbox 997 4619 1131 4694; x_wconf 78' lang='lat' dir='ltr'>litteris</span> <span class='ocrx_word' id='word_1_220' title='bbox 1150 4619 1333 4718; x_wconf 61' lang='lat' dir='ltr'>meatim</span> <span class='ocrx_word' id='word_1_221' title='bbox 1360 4617 1638 4716; x_wconf 81' lang='lat' dir='ltr'>responderunt.</span> 
     </span>
    </p>
   </div>
   <div class='ocr_carea' id='block_1_14' title="bbox 333 4773 1119 4848">
    <p class='ocr_par' dir='ltr' id='par_1_14' title="bbox 333 4773 1119 4848">
     <span class='ocr_line' id='line_1_29' title="bbox 333 4773 1119 4848; baseline -0.006 -15"><span class='ocrx_word' id='word_1_222' title='bbox 333 4775 447 4846; x_wconf 78' lang='lat' dir='ltr'>(Auen.</span> <span class='ocrx_word' id='word_1_223' title='bbox 467 4773 554 4846; x_wconf 70' lang='lat' dir='ltr'>Ros,</span> <span class='ocrx_word' id='word_1_224' title='bbox 578 4773 799 4834; x_wconf 80' lang='lat' dir='ltr'>‹Extractum</span> <span class='ocrx_word' id='word_1_225' title='bbox 818 4774 939 4833; x_wconf 81' lang='lat' dir='ltr'>Di&#39;are&#39;t&#39;</span> <span class='ocrx_word' id='word_1_226' title='bbox 954 4773 1070 4833; x_wconf 78' lang='lat' dir='ltr'>Pellae</span> <span class='ocrx_word' id='word_1_227' title='bbox 1083 4776 1119 4848; x_wconf 68' lang='grc' dir='ltr'>ι).</span> 
     </span>
    </p>
   </div>
   <div class='ocr_carea' id='block_1_15' title="bbox 673 4956 1334 5053">
    <p class='ocr_par' dir='ltr' id='par_1_15' title="bbox 673 4956 1334 5053">
     <span class='ocr_line' id='line_1_30' title="bbox 673 4956 1334 5053; baseline 0.003 -26"><span class='ocrx_word' id='word_1_228' title='bbox 673 4956 844 5045; x_wconf 88' lang='lat' dir='ltr'>Veneris,</span> <span class='ocrx_word' id='word_1_229' title='bbox 876 4979 921 5050; x_wconf 87' lang='lat'>25</span> <span class='ocrx_word' id='word_1_230' title='bbox 953 4956 1188 5053; x_wconf 87' lang='lat' dir='ltr'>Septembris</span> <span class='ocrx_word' id='word_1_231' title='bbox 1224 4959 1334 5050; x_wconf 87' lang='lat'>1598.</span> 
     </span>
    </p>
   </div>
   <div class='ocr_carea' id='block_1_16' title="bbox 256 5119 1753 5465">
    <p class='ocr_par' dir='ltr' id='par_1_16' title="bbox 256 5119 1753 5465">
     <span class='ocr_line' id='line_1_31' title="bbox 337 5119 1369 5219; baseline -0.001 -27"><span class='ocrx_word' id='word_1_232' title='bbox 337 5145 399 5214; x_wconf 87' lang='lat'>44.</span> <span class='ocrx_word' id='word_1_233' title='bbox 430 5121 689 5219; x_wconf 85' lang='lat' dir='ltr'>Congregatio</span> <span class='ocrx_word' id='word_1_234' title='bbox 716 5120 818 5215; x_wconf 88' lang='lat' dir='ltr'>apud</span> <span class='ocrx_word' id='word_1_235' title='bbox 848 5119 1077 5216; x_wconf 86' lang='lat' dir='ltr'>Sapientiam</span> <span class='ocrx_word' id='word_1_236' title='bbox 1082 5177 1369 5194; x_wconf 92' lang='grc'><strong>........</strong></span> 
     </span>
     <span class='ocr_line' id='line_1_32' title="bbox 337 5241 1753 5341; baseline -0.001 -23"><span class='ocrx_word' id='word_1_237' title='bbox 337 5269 400 5339; x_wconf 88' lang='lat'>45.</span> <span class='ocrx_word' id='word_1_238' title='bbox 430 5246 567 5318; x_wconf 87' lang='lat' dir='ltr'>Actum</span> <span class='ocrx_word' id='word_1_239' title='bbox 596 5246 716 5341; x_wconf 89' lang='lat' dir='ltr'>primo</span> <span class='ocrx_word' id='word_1_240' title='bbox 743 5243 792 5316; x_wconf 90' lang='lat' dir='ltr'>de</span> <span class='ocrx_word' id='word_1_241' title='bbox 819 5246 949 5318; x_wconf 91' lang='lat' dir='ltr'>ordine</span> <span class='ocrx_word' id='word_1_242' title='bbox 978 5243 1143 5318; x_wconf 90' lang='lat' dir='ltr'>tenendo</span> <span class='ocrx_word' id='word_1_243' title='bbox 1171 5243 1208 5316; x_wconf 92' lang='lat' dir='ltr'>in</span> <span class='ocrx_word' id='word_1_244' title='bbox 1235 5241 1440 5340; x_wconf 89' lang='lat' dir='ltr'>aperienda</span> <span class='ocrx_word' id='word_1_245' title='bbox 1468 5242 1568 5316; x_wconf 85' lang='lat' dir='ltr'>Rota</span> <span class='ocrx_word' id='word_1_246' title='bbox 1596 5257 1636 5316; x_wconf 88' lang='lat' dir='ltr'>et</span> <span class='ocrx_word' id='word_1_247' title='bbox 1668 5267 1753 5316; x_wconf 84' lang='lat' dir='ltr'>ora·</span> 
     </span>
     <span class='ocr_line' id='line_1_33' title="bbox 256 5368 1101 5465; baseline 0.001 -22"><span class='ocrx_word' id='word_1_248' title='bbox 256 5371 357 5444; x_wconf 89' lang='lat' dir='ltr'>tione</span> <span class='ocrx_word' id='word_1_249' title='bbox 385 5369 557 5445; x_wconf 88' lang='lat' dir='ltr'>habenda</span> <span class='ocrx_word' id='word_1_250' title='bbox 585 5385 625 5443; x_wconf 89' lang='lat' dir='ltr'>et</span> <span class='ocrx_word' id='word_1_251' title='bbox 652 5368 858 5465; x_wconf 85' lang='lat' dir='ltr'>equitando</span> <span class='ocrx_word' id='word_1_252' title='bbox 861 5427 1101 5444; x_wconf 93' lang='grc'><strong>.......</strong></span> 
     </span>
    </p>
   </div>
   <div class='ocr_carea' id='block_1_17' title="bbox 0 0 1878 5914">
    <p class='ocr_par' dir='ltr' id='par_1_17' title="bbox 0 0 1878 5914">
     <span class='ocr_line' id='line_1_34' title="bbox 0 0 1878 5914; baseline 0 0"><span class='ocrx_word' id='word_1_253' title='bbox 0 0 1878 5914; x_wconf 95' lang='lat' dir='ltr'> </span> 
     </span>
    </p>
   </div>
  </div>
 </body>
</html>
