3688 5924
714 291 905 352 Innocentio
926 290 977 350 IV

805 611 867 689 29.

103 779 142 849 ln
169 776 289 871 primo
323 774 479 848 Concilio
511 773 756 870 Lugdunenst'
779 771 961 869 generali,
989 769 1071 842 licet
1110 767 1463 843 tate-cancellarius
1497 774 1591 840 esset

171 900 346 997 magister
373 897 579 980 Martinus,
608 897 675 995 qni
698 923 771 970 non
797 905 881 969 erat
900 893 1125 980 Cardenalei,
1145 893 1258 966 eidem
1286 901 1405 966 tamen
1432 899 1467 964 el
1495 890 1587 966 Can'-

171 1024 338 1098 cellariae
356 1022 582 1118 Officiale'bar
594 1031 631 1095 et
644 1021 852 1121 Capellane's
870 1021 997 1093 datum
1015 1029 1069 1092 est
1084 1019 1207 1091 sedere
1224 1043 1248 1090 a
1266 1017 1429 1090 sinistris
1444 1017 1584 1115 Papae,

171 1159 204 1222 et
222 1160 373 1247 praeses
403 1147 652 1223 Cancellareae
678 1156 822 1222 vocatas
848 1155 902 1219 est
934 1145 1126 1218 Diaconos
1160 1141 1369 1218 Cardinalis
1406 1143 1586 1215 Vicecan-

173 1275 354 1348 cellarius,

170 1429 294 1502 (Mnxsr,
329 1429 421 1487 Sace.
457 1426 576 1487 Concil.
608 1443 693 1486 nova
718 1432 750 1486 et
772 1427 875 1501 ampl.
899 1425 1030 1497 collect,
1062 1423 1215 1495 Venete'is,
1242 1424 1333 1494 1779,
1357 1439 1387 1481 a.
1414 1423 1451 1481 A.
1480 1420 1588 1494 Zatta,

100 1525 167 1576 mm.
187 1516 317 1590 XXIII,
334 1519 392 1576 col.
411 1517 474 1576 610
492 1519 574 1590 ssa).
1304 1543 1307 1548 ·
1497 1583 1589 1653 um

168 1737 207 1809 ln
243 1737 394 1810 nomine
433 1735 519 1810 Dm.
550 1737 686 1810 Amen.
724 1736 837 1808 Anno
874 1734 1042 1808 eiusdem
1080 1755 1240 1806 MCCXLV.
1281 1732 1376 1806 Cum
1414 1729 1588 1803 dominus

97 1862 326 1934 Innocentius
352 1885 452 1958 papa
479 1859 530 1932 IV
558 1860 608 1933 ad
635 1877 763 1957 partes
792 1858 937 1933 Galliae
964 1873 1121 1954 propter
1150 1855 1264 1932 multa
1292 1854 1456 1954 pericula
1489 1877 1588 1950 quae

95 1986 331 2060 imminebant
366 1983 532 2084 generali
568 1984 747 2058 ecclesiae
785 2009 827 2058 se
859 1982 1124 2070 transtulisset,
1160 1979 1353 2056 concilium
1389 1978 1590 2053 advocavit

94 2112 186 2204 apud
222 2111 471 2208 Lugdunum:
509 2110 611 2183 etin
643 2107 767 2208 vigilia
801 2109 898 2182 Petri
930 2106 1092 2204 apostoli
1125 2105 1279 2181 concilio
1311 2119 1519 2180 convocato
1552 2105 1588 2176 in

95 2235 214 2309 maiori
241 2233 411 2318 ecclesia,
441 2233 615 2308 dominus
642 2256 751 2330 papa,
783 2232 897 2306 missa
924 2231 1124 2317 celebrata,
1154 2231 1277 2305 locum
1305 2227 1587 2304 eminentiorem

94 2357 274 2433 ascendit:
307 2359 511 2455 imperator
536 2384 628 2431 vero
658 2356 1098 2452 Constantinopolitanus
1126 2355 1224 2428 sedit
1250 2354 1300 2428 ad
1327 2354 1521 2427 dexteram
1548 2368 1588 2425 et

94 2483 238 2579 quidam
266 2483 329 2558 alii
357 2484 542 2580 principes
570 2481 652 2556 laici
679 2483 860 2556 sederunt
893 2483 943 2554 ad
971 2481 1170 2566 sinistram,
1201 2495 1242 2554 et
1268 2477 1460 2552 Dracones
1493 2476 1589 2551 Car-

94 2607 224 2682 denales
243 2608 568 2684 Vicecancellarius
594 2608 771 2705 magester
786 2605 982 2680 Martinus
1000 2605 1269 2704 Neapolitanas
1295 2629 1375 2676 cnm
1403 2601 1586 2685 Nolanus,

94 2734 254 2806 auditore
282 2742 318 2805 et
342 2741 551 2819 correctore,
582 2730 790 2831 capellanis,
820 2730 1049 2804 subdcacone's
1075 2737 1111 2803 et
1134 2729 1352 2826 quoiusdam
1379 2727 1476 2801 aleis.
1498 2725 1589 2798 lule·

93 2861 160 2931 rius
189 2883 281 2933 vero
310 2860 363 2932 sir.
389 2856 547 2954 praelati
574 2859 774 2932 sederunt:
794 2883 841 2930 ex
860 2857 1050 2954 opposito,
1071 2872 1147 2929 tres
1170 2853 1406 2951 patriarchae
1428 2850 1588 2926 ordinati

93 2983 242 3068 luerunt,
276 2982 448 3056 videlicet
478 2980 967 3078 Constantinopolitanus...
989 2979 1258 3063 Antiochenus,
1280 2977 1584 3075 Aquileiensis...

94 3107 124 3178 in
151 3109 234 3182 navi
264 3133 356 3181 vero
386 3107 575 3181 Ecclesiae
602 3106 651 3180 ad
679 3106 872 3179 dexteram
901 3121 940 3179 et
968 3105 1004 3177 in
1031 3103 1338 3178 eminentioribus
1364 3099 1457 3176 locis
1480 3099 1590 3174 sede·

94 3249 172 3304 runt
199 3233 370 3330 episcopi
398 3231 615 3318 cardinales,
637 3254 686 3304 ex
712 3227 831 3304 altera
860 3256 952 3303 vero
970 3228 1179 3326 presbyteri
1206 3225 1423 3311 cardinales,
1446 3224 1591 3298 archie-

94 3359 228 3454 piscopi
261 3375 301 3430 et
328 3357 496 3454 episcopi
523 3373 611 3452 post
638 3381 717 3431 eos
748 3356 971 3430 insedibus
1003 3370 1142 3439 autem,
1176 3351 1388 3427 constitutis
1424 3351 1461 3423 in
1506 3349 1590 3424 navi

95 3483 290 3569 Ecclesiae,
332 3483 510 3556 sederunt
537 3481 651 3578 aliqui
678 3481 728 3554 de
760 3481 960 3576 episcopis,
995 3480 1163 3564 abbates,
1195 3490 1460 3574 procuratores
1488 3475 1590 3570 capi-

94 3607 263 3693 tulorum,
294 3625 400 3682 etc...
439 3605 544 3680 Tunc
572 3607 747 3680 dominus
779 3630 879 3703 papa
906 3605 1088 3700 incoepit:
1118 3603 1213 3677 Veni
1251 3601 1422 3686 Creator,
1452 3617 1492 3674 et
1527 3599 1590 3672 illo

93 3731 274 3826 hymn0...
304 3733 517 3818 decantato,
537 3731 649 3804 dixit:
672 3730 859 3806 Dominus
885 3729 1125 3804 vobiscum...
1147 3727 1197 3801 Et
1225 3728 1277 3800 sic
1304 3726 1396 3800 dixit
1415 3726 1590 3800 dominus

94 3881 183 3952 papa
221 3855 414 3953 propriam
447 3855 677 3930 orationem:
714 3878 789 3953 qua
822 3853 931 3940 electa,
974 3853 1166 3926 Galealins
1191 3851 1404 3950 capellanus
1437 3852 1593 3948 imoepit

93 3981 249 4068 litanias,
282 3981 418 4076 quibus
447 3981 606 4076 expletis
634 3979 808 4054 dominus
836 4001 936 4076 papa
963 3979 1074 4051 dixit:
1107 3977 1273 4063 Oramus,
1303 3993 1373 4050 etc.

813 4243 875 4320 30.

98 4407 322 4480 Innocentius
342 4407 414 4494 IV,
445 4407 502 4482 M.
533 4407 576 4479 de
595 4405 786 4502 Alperino,
810 4401 1060 4502 Capellannm,
1080 4403 1148 4475 alat
1162 4403 1202 4476 in
1227 4427 1338 4475 causa
1357 4395 1588 4484 Ande'lorem,

167 4559 275 4630 quem
296 4533 522 4632 Magistrum
548 4530 719 4629 appellat,
741 4555 813 4602 non
840 4536 961 4602 antem
988 4527 1108 4602 adhuc
1136 4527 1356 4602 Auditorem
1378 4525 1590 4624 generalem

169 4685 372 4730 cansarum
404 4658 539 4730 Cariae
566 4655 707 4728 domeni
731 4656 871 4751 Papae.

171 4811 268 4881 (Rae.
286 4809 379 4884 Vna,
397 4811 448 4870 22
464 4811 522 4882 sol.
540 4811 605 4882 99⁹,
624 4827 714 4869 anno
734 4809 823 4884 VIII,
840 4817 910 4885 cap.
923 4809 1012 4879 632,·
1023 4795 1105 4868 Eua
1117 4809 1262 4885 Basore,
1275 4809 1312 4866 t'n
1336 4805 1593 4880 ‹Btottotneque

101 4899 150 4960 des
160 4884 473 4974 Ileatessrancae'ses
482 4899 659 4960 cIAthcnes
672 4899 751 4959 etde
760 4899 875 4959 Rome.
888 4899 954 4958 Les
965 4899 1137 4970 Rege'stres
1146 4896 1313 4957 d'Innoc.I
1321 4895 1473 4969 VParis,
1478 4895 1565 4955 1887
1575 4919 1587 4946 ·

100 5007 127 5047 t¹·
149 4993 264 5064 0366)ι
1068 5057 1148 5132 1250,
1167 5057 1356 5118 novembris
1375 5057 1417 5130 13,
1429 5057 1592 5132 Lugduni.

226 5230 399 5326 Cumque
428 5226 581 5301 tandem
609 5227 730 5301 dictus
759 5226 861 5322 prior
887 5227 924 5300 in
953 5223 1120 5300 Ecclesia
1148 5225 1275 5298 Sancti
1301 5223 1438 5298 Auiani
1470 5226 1506 5298 in
1535 5225 1592 5297 Βί-

102 5352 240 5429 turia...
270 5353 406 5430 clerico
434 5351 660 5450 providisset
686 5347 820 5438 eidem,
852 5351 1050 5446 ipsumque
1084 5349 1120 5421 in
1156 5373 1202 5424 ea
1230 5347 1343 5446 recipi
1375 5349 1593 5422 mandasset
