3720 5916
752 385 944 446 Innocentio
963 383 995 446 Χ

823 715 914 797 263.

115 878 265 977 Incipit
288 881 532 954 controversia
555 906 635 952 cnm
662 877 860 954 Advocati&
889 879 1214 956 Comtsimnlibns.
1233 925 1258 936 -
1278 881 1375 956 Rota
1398 882 1619 980 praetendit,

206 1003 301 1076 dnm
321 1001 489 1103 publt'cne
515 1029 690 1080 novorum
718 1005 990 1080 Advocatornm
1017 1003 1274 1104 deputationis
1309 1033 1382 1081 esse
1407 1031 1442 1080 ‘a
1477 1033 1524 1092 se,
1550 1033 1623 1082 non

207 1136 327 1201 annm
353 1129 399 1202 ab
426 1129 634 1217 Adnotatu,
656 1127 954 1228 praefigendam.

208 1285 323 1356 (Anca.
341 1283 431 1358 Ros,
455 1283 644 1342 «Dianium
665 1283 800 1355 celsi-t

637 1479 766 1554 Lunae
801 1505 843 1554 12
876 1479 964 1553 Maii
1001 1487 1110 1576 1653.

209 1643 310 1717 Rota
345 1670 430 1717 cum
472 1641 602 1717 iisdem
644 1642 901 1729 Auditoribus,
940 1643 1098 1717 absente
1134 1641 1183 1720 D.
1223 1643 1351 1718 Bichio
1388 1643 1423 1717 in
1462 1643 1623 1718 Civitate

116 1765 352 1844 Tusculana.
1605 1755 1611 1765 ⁸

210 1891 397 1987 Exposuit
432 1891 550 1964 Rmus
580 1891 757 1964 Decanus
785 1890 888 1986 quod
926 1889 973 1966 D.
1005 1890 1203 1976 Eusebius,
1233 1891 1376 1966 electus
1403 1891 1624 1967 Advocatus

127 2014 421 2104 Consistorialis,
436 2016 593 2090 intendit
610 2015 731 2090 lacere
750 2040 839 2089 suas
859 2015 1132 2111 disputationes
1151 2015 1199 2089 de
1214 2041 1342 2091 mense
1357 2017 1448 2090 lunii
1463 2042 1624 2114 sequen·

117 2141 177 2214 tis
203 2155 243 2214 et
270 2141 357 2237 quia
384 2165 516 2214 omnes
536 2140 612 2213 sere
636 2139 717 2214 dies
736 2157 824 2214 sunt
842 2139 1017 2236 impediti,
1040 2139 1155 2238 elegit
1173 2139 1272 2214 diem
1299 2163 1342 2235 17
1364 2142 1504 2215 mensis
1523 2141 1621 2227 dicti,

116 2281 168 2339 et
194 2265 264 2339 hac
282 2267 478 2340 occasione
497 2264 711 2338 observavit
737 2262 841 2359 quod
860 2264 1045 2338 Advocati
1065 2263 1625 2364 consistoriates*praetendunt

123 2389 198 2487 ipsi
226 2415 273 2464 ex
301 2415 343 2463 se
362 2389 501 2487 eligere
519 2387 618 2462 diem
638 2387 900 2486 disputationis
921 2411 989 2462 nec
1008 2388 1044 2464 id
1072 2390 1239 2486 pendere
1258 2391 1307 2464 ab
1333 2389 1487 2464 arbitrio
1506 2390 1626 2464 Audi·

125 2531 263 2598 torum,
294 2529 333 2588 et
360 2529 562 2611 propterea
590 2512 689 2586 idem
718 2513 939 2587 Advocatus
966 2499 1153 2588 Eusebius
1183 2537 1257 2588 non
1285 2515 1451 2611 porrexit
1479 2513 1625 2589 Memo-

124 2638 219 2712 riale
246 2664 315 2734 pro
344 2637 516 2740 habenda
541 2635 799 2736 assignatione
825 2636 898 2711 diei
927 2659 995 2711 nec
1023 2637 1145 2712 minus
1173 2637 1378 2712 transmisit
1406 2637 1550 2712 litteras
1577 2640 1626 2713 ab

124 2763 212 2862 ipso
240 2761 482 2859 subscriptas,
504 2762 573 2836 sed
601 2777 745 2838 tantum
774 2759 992 2836 schedulam
1020 2779 1239 2860 conceptam
1269 2763 1305 2836 in
1325 2763 1435 2836 tertia
1463 2786 1625 2860 persona

118 2889 163 2962 in
191 2913 267 2986 qua
285 2887 564 2982 exprimebatur
582 2886 684 2984 quod
703 2911 775 2982 pro
793 2902 901 2985 parte
919 2887 1203 2964 Advocatorum
1240 2918 1258 2960 c
1277 2888 1309 2962 si
1327 2912 1392 2962 era
1411 2887 1625 2962 desiderato

134 3036 302 3086 «essere
328 3037 351 3087 a
380 3012 576 3107 proposito
603 3012 639 3086 la
666 3012 838 3110 giornata
866 3008 952 3086 delli
977 3011 1197 3110 17Gtugn0
1225 3037 1247 3086 e
1275 3011 1343 3086 che
1362 3012 1455 3108 perd
1484 3011 1515 3088 si
1535 3036 1626 3109 sup·

135 3165 154 3208 e
173 3135 317 3232 plicava
334 3161 358 3210 a
385 3125 646 3210 votervedere
675 3159 716 3208 se
744 3159 809 3209 era
836 3134 1033 3209 commoda
1052 3159 1121 3232 per
1139 3135 1163 3209 li
1182 3135 1332 3234 Signori
1350 3135 1448 3210 della
1467 3136 1623 3212 Rota».

125 3259 241 3334 Unde
262 3261 413 3334 Domini
432 3258 668 3334 intendentes
687 3259 818 3332 melius
837 3260 965 3334 videre
986 3283 1034 3334 an
1054 3260 1248 3358 deputatio
1277 3259 1348 3334 diei
1368 3285 1437 3357 pro
1457 3260 1626 3335 iacienda

119 3387 227 3462 dicta
262 3385 516 3484 disputatione
548 3401 737 3482 spectaret
771 3385 819 3459 ad
857 3377 1036 3459 Tribunal
1070 3385 1203 3472 Rotae,
1235 3387 1293 3459 vel
1329 3383 1378 3458 ad
1405 3386 1625 3461 Advocatos

122 3509 431 3595 Consistoriales,
462 3509 681 3585 ordinarunt
707 3510 812 3605 quod
840 3534 955 3608 super
976 3510 1045 3584 hac
1064 3511 1221 3585 materia
1238 3510 1350 3584 latius
1369 3511 1626 3607 disputaretur

121 3640 165 3712 in
194 3637 294 3712 Rota
323 3635 495 3732 sequenti
522 3651 561 3710 et
597 3635 743 3710 interim
780 3635 883 3733 quod
912 3636 1006 3710 ans
1037 3637 1213 3711 Decanus
1246 3660 1319 3711 non
1347 3637 1454 3710 daret
1482 3655 1624 3712 certum

124 3785 354 3857 responsum
382 3758 482 3836 dicto
510 3760 675 3835 Eusebio
679 3818 1556 3836 ..............
1580 3845 1583 3852 λ
1618 3819 1626 3834 .

868 3969 888 4013 stt

837 4033 857 4074 tit
898 4033 917 4075 tlt

625 4132 783 4206 Veneris
817 4139 861 4208 16
893 4132 983 4208 Maii
1018 4139 1128 4228 1653.

209 4295 295 4370 Fuit
310 4295 419 4379 Rota,
437 4294 697 4390 praesentibus
720 4295 893 4368 omnibus
912 4295 1043 4368 decem
1059 4294 1317 4370 Auditoribus.
1335 4296 1427 4369 Rns
1448 4297 1625 4372 Decanus

120 4420 193 4519 qui
219 4423 472 4496 intervenerat
499 4421 534 4492 in
564 4418 765 4516 Signatura
792 4419 959 4493 iustitiae
987 4418 1073 4518 lecit
1099 4421 1318 4494 relationem
1346 4421 1394 4494 de
1422 4421 1546 4496 causis
1578 4423 1626 4496 ibi

124 4545 332 4646 propositis
361 4570 429 4619 nec
457 4569 532 4620 non
560 4543 721 4642 perlegit
747 4543 848 4617 aliud
876 4545 1090 4618 memoriale
1117 4544 1166 4618 ad
1194 4545 1381 4620 istantiam
1403 4547 1450 4621 D.
1474 4545 1625 4621 Eusebii

122 4686 350 4767 conceptum
369 4669 493 4745 verbis
511 4667 698 4767 ambiguis
716 4693 787 4764 pro
805 4667 985 4743 firmanda
1006 4669 1066 4742 die
1085 4668 1366 4766 disputationis;
1389 4671 1488 4744 unde
1511 4696 1626 4767 super

125 4799 196 4870 hac
212 4796 380 4870 materia
408 4796 556 4868 suerunt
583 4795 709 4867 variae
741 4794 946 4889 opiniones,
978 4809 1018 4867 et
1055 4793 1148 4867 ans
1178 4794 1355 4867 Decanus
1391 4794 1503 4868 valde
1539 4796 1627 4868 insi·

125 4922 255 4994 stebat
272 4916 375 5016 quod
405 4917 592 4992 Advocati
616 4942 688 4993 non
717 4918 931 4992 obtinerent
958 4919 1150 4992 victoriam
1178 4917 1214 4990 in
1242 4919 1456 4994 huiusmodi
1483 4945 1623 5018 pugna,

124 5046 200 5122 etsi
236 5060 414 5142 ageretur
450 5044 497 5117 de
535 5043 680 5117 modica
713 5067 772 5117 re:
811 5042 910 5117 unde
948 5067 1044 5115 unus
1081 5068 1129 5116 ex
1167 5041 1349 5128 Dominis,
1380 5060 1419 5116 et
1450 5069 1526 5142 ego
1563 5045 1623 5130 sui,

128 5173 337 5269 proposuit,
359 5170 461 5267 quod
481 5185 606 5243 stante
625 5167 728 5265 quod
746 5193 878 5244 omnes
905 5169 987 5242 dies
1006 5183 1113 5243 erant
1132 5167 1299 5265 impediti
1326 5183 1365 5242 et
1384 5191 1457 5242 non
1477 5186 1626 5264 poterat

124 5297 216 5394 eligi
254 5319 323 5390 pro
353 5293 537 5368 Advocati
567 5293 845 5368 Consistorialis
874 5291 1203 5390 Disputationibus
1232 5293 1301 5366 nisi
1329 5292 1410 5366 dies
1448 5317 1491 5388 17
1523 5294 1623 5377 lunii,

127 5420 231 5494 dicta
258 5419 338 5496 dies
357 5419 559 5519 eligeretur
586 5444 656 5515 pro
677 5419 860 5494 Auditore
888 5419 1022 5504 Rotae,
1046 5443 1178 5515 nempe
1207 5443 1277 5514 pro
1298 5417 1463 5493 Domino
1483 5419 1625 5502 Priulo;
