3720 5914
764 330 857 390 Sixto
875 331 931 392 IV

830 575 851 618 tit

803 638 881 682 *ss

170 729 287 798 (Atreu.
307 730 393 806 Ros,
418 685 635 804 «l'rs'oilegia
648 755 675 806 ι,
693 737 769 790 tom
789 731 919 806 I,part.
938 733 967 808 J,
985 749 1018 792 n.
1038 733 1197 806 XXIW).

1173 874 1252 949 1473,
1270 877 1383 951 aprilis
1401 877 1446 951 30,
1459 876 1592 938 Romae.

18 1113 20 1126 ‚
171 1035 270 1111 Rde.
300 1051 420 1133 pater.
453 1035 639 1111 Dominus
667 1037 1001 1112 Rescribendarius
1029 1055 1069 1112 et
1096 1038 1309 1137 Scriptores
1329 1021 1438 1138 apl—rbi
1456 1041 1595 1117 vellent

18 1171 20 1252 i
90 1161 232 1234 habere
260 1161 490 1236 audientiam
518 1187 540 1234 a
560 1162 663 1238 Sm0.
687 1163 735 1237 D.
758 1161 806 1240 N.
828 1187 943 1260 super
962 1187 1076 1236 causa
1094 1165 1310 1260 paternitati
1329 1192 1363 1239 v.
1385 1166 1434 1240 ad
1454 1167 1597 1240 instan-

91 1285 179 1359 tiam
209 1285 440 1361 Auditorum
470 1287 569 1362 Rote
598 1302 729 1361 contra
747 1287 904 1362 eosdem
924 1288 1137 1384 Scriptores
1155 1315 1272 1387 super
1289 1291 1422 1388 gratiis
1442 1317 1512 1388 per
1527 1318 1596 1366 eos

91 1409 260 1483 obtentis
287 1426 327 1484 et
354 1410 578 1498 obtinendis,
608 1411 737 1511 ule'que
759 1414 887 1510 grates
917 1413 1161 1512 expediendis,
1193 1431 1368 1511 pretextu
1402 1417 1597 1490 cuiusdam

18 1567 19 1570 ¹
66 1529 270 1620 mandati,
292 1537 415 1610 eidem
442 1536 660 1633 paternitati
678 1552 806 1612 vestre
824 1562 894 1634 per
911 1537 1099 1633 prelatum
1119 1539 1167 1614 D.
1191 1539 1237 1616 N.
1259 1540 1356 1628 iacti,
1378 1541 1595 1630 commissa;

93 1658 195 1732 cuius
223 1659 359 1758 vigore
385 1661 521 1735 eadem
548 1661 758 1758 paternitas
786 1662 932 1736 monuit
959 1666 1080 1737 dictos
1099 1663 1323 1761 Scriptores,
1345 1681 1388 1739 ut
1406 1666 1500 1739 inira
1519 1683 1598 1741 tres

93 1785 170 1858 dies
207 1782 260 1857 illi
298 1809 432 1882 parere
467 1785 655 1860 'deberent
692 1787 763 1861 sub
799 1787 1196 1864 excommunicationis
1232 1805 1271 1863 et
1307 1789 1388 1864 aliis
1417 1791 1526 1886 penis
1562 1791 1598 1863 in

94 1911 225 1983 eodem
256 1909 437 1984 mandato
465 1911 662 1988 contentis.

169 2033 276 2108 Idem
304 2033 402 2110 Sms.
435 2035 483 2112 D.
515 2035 562 2110 N.
593 2035 689 2110 itanc
713 2062 791 2111 rem
811 2037 944 2112 melius
962 2054 1002 2113 et
1020 2038 1204 2116 maturius
1224 2039 1434 2139 intelligere
1452 2039 1594 2128 volens,

95 2175 192 2232 motu
222 2159 380 2256 proprio
408 2159 608 2257 suspendit
636 2161 775 2235 dictum
807 2165 1038 2252 mandatum,
1068 2178 1108 2239 et
1141 2164 1305 2241 absolvit
1339 2165 1461 2240 dictos
1499 2164 1597 2239 Scri-

96 2299 221 2380 ptores
250 2287 303 2359 ab
329 2285 542 2359 huiusmodi
570 2287 767 2365 sententiis
794 2301 834 2362 et
862 2290 1042 2377 censuris,
1074 2290 1260 2364 mandans
1288 2291 1409 2365 eidem
1435 2292 1600 2386 paterni·

96 2409 158 2482 tati
184 2425 316 2483 vestre
345 2425 388 2482 ut
414 2409 451 2481 in
479 2411 614 2484 eadem
642 2435 758 2485 causa
785 2411 944 2487 ulterius
971 2415 1179 2511 procedere
1208 2439 1283 2489 non
1310 2415 1492 2502 debeatis,
1528 2415 1598 2488 nisi

95 2533 189 2606 aliud
217 2535 441 2608 mandatum
469 2559 493 2608 a
521 2533 599 2608 Sua
628 2536 836 2610 Sanctitate
863 2537 1082 2614 habueritis.

169 2660 210 2732 ln
238 2661 346 2734 cuius
375 2660 427 2732 rei
455 2660 724 2748 testimonium,
748 2661 844 2736 hanc
862 2680 1077 2761 presentem
1098 2664 1267 2740 cedulam
1286 2663 1378 2752 fieri,
1401 2665 1595 2763 nostrique

96 2783 242 2860 minoris
273 2783 384 2883 sigilli
411 2785 591 2860 iussimus
618 2785 866 2882 impressione
894 2789 1130 2866 communiri.

171 2909 316 2983 Datum
346 2909 480 2996 Rome,
511 2909 614 3005 apud
643 2895 975 2988 Sanctammariam
1003 2915 1182 2989 maiorem
1222 2915 1283 2989 die
1316 2914 1447 2988 ultima
1480 2915 1596 3011 Apri-

94 3032 135 3106 lis
161 3055 422 3110 ucccctxxm.

170 3161 230 3234 lta
258 3169 321 3235 est.
344 3173 386 3260 p.
420 3155 546 3236 Car.¹¹⁵
573 3139 648 3234 sc'li.
680 3157 785 3232 Sixti
807 3183 921 3232 uranu
940 3160 1117 3258 propria.

803 3440 890 3520 113.

98 3599 221 3676 Sixlus
250 3601 275 3678 I
284 3605 321 3676 V
340 3603 542 3678 Aude'lores
569 3603 686 3676 Rotae
712 3602 880 3676 declarat
904 3628 977 3677 esse
1002 3629 1107 3678 aeras
1132 3613 1168 3678 et
1186 3607 1363 3706 proprios
1374 3607 1595 3702 familiares

160 3729 346 3802 cmetinuos
371 3727 624 3803 commensales
641 3727 780 3838 Papae,
809 3728 929 3826 easque
946 3727 1035 3802 iura
1052 3755 1096 3803 ac
1106 3730 1313 3830 previlegio
1326 3757 1497 3807 verorum
1503 3745 1593 3831 pro·

163 3855 410 3952 priorumque
424 3853 686 3948 familiarium
713 3879 757 3928 ac
782 3854 1035 3928 conuuuorum
1062 3857 1355 3930 commensalium
1385 3868 1591 3957 competere.

170 4007 286 4078 (Auca.
303 4005 391 4081 Ros,
415 4007 630 4080 «Prririlegea
645 4032 673 4082 ι,
691 4013 767 4068 tom.
787 4007 815 4082 J,
831 4013 918 4084 part.
939 4007 967 4082 J,
984 4025 1017 4066 n.
1036 4007 1102 4066 XX
1109 4009 1175 4081 V).¹

1229 4151 1307 4224 1473,
1327 4150 1398 4210 iulii
1418 4152 1442 4223 1,
1455 4151 1590 4212 Romae.

171 4292 300 4368 Sixtus
336 4295 539 4390 episcopus
568 4318 700 4367 servus
738 4318 933 4368 servorum
962 4293 1046 4368 Dei.
1082 4296 1145 4369 Ad
1176 4293 1339 4370 futuram
1368 4297 1421 4370 rei
1449 4321 1593 4372 memo-

100 4413 194 4494 riam.
228 4417 396 4492 Romani
428 4416 619 4512 Pontzficz's
638 4417 874 4516 previdentia
910 4421 1167 4518 circumspecta
1204 4419 1436 4518 singulorum
1469 4421 1593 4495 condi·

99 4538 212 4616 tiones
238 4557 279 4616 et
307 4543 440 4620 merita
467 4543 681 4643 attendens,
710 4541 792 4617 illos
811 4543 1020 4638 potioribus
1048 4543 1237 4619 favoribus
1258 4547 1501 4643 prosequitur
1528 4547 1593 4642 qui

100 4663 225 4764 iugiter
252 4667 331 4742 suis
358 4683 399 4743 et
416 4668 623 4766 apostolice
650 4669 752 4742 sedis
767 4669 983 4742 insistentes
1001 4669 1208 4766 obsequiis,
1228 4669 1377 4745 labores
1396 4671 1593 4746 continuos

100 4803 136 4860 et
151 4792 342 4888 graviores
369 4794 537 4890 perferre
566 4808 785 4868 noscuntur.

173 4962 181 4993 ¹
201 4962 237 5022 In
261 4963 476 5039 «Prioilege'a
488 4990 514 5040 »,
534 4974 609 5025 torn.
628 4965 650 5039 1,
669 4973 752 5040 part.
772 4965 795 5038 I,
814 4965 874 5024 sub
893 4981 948 5024 nn.
966 4963 1059 5024 XXII
1077 4975 1109 5024 et
1122 4965 1229 5024 XXIII
1242 4975 1330 5025 extat
1342 4968 1435 5027 Bulla
1447 4967 1533 5028 Sixti
1546 4967 1592 5026 IV

100 5047 273 5112 authentica
290 5055 324 5113 in
343 5055 536 5130 pergamino
560 5051 781 5114 ‹Romanum
804 5053 894 5113 decet
907 5055 1125 5138 pontificem.»
1149 5063 1182 5113 et
1199 5055 1287 5115 illius
1310 5063 1486 5130 sumptum
1512 5057 1591 5115 sim-

98 5135 218 5205 alexin
236 5157 360 5217 papyro
377 5145 510 5220 antiquo
527 5144 711 5204 chartaceo:
730 5143 816 5203 hanc
834 5159 897 5218 ego
915 5159 980 5202 non
999 5144 1119 5218 publici
1137 5143 1218 5202 iuris
1230 5144 1298 5219 ieci,
1310 5153 1419 5220 utpote
1430 5147 1506 5221 quia
1518 5146 1593 5204 data

101 5220 173 5284 inibi
190 5242 228 5286 ex
247 5231 375 5308 integro
391 5233 553 5310 descripta
571 5249 636 5294 non
655 5233 785 5308 legitur,
803 5232 961 5291 nonnulla
979 5232 1081 5290 verba
1093 5239 1217 5290 cassata
1230 5241 1321 5306 sunt;
1332 5249 1415 5308 quae
1428 5233 1509 5293 mihi
1522 5249 1595 5308 per·

102 5313 236 5391 suadent,
254 5318 381 5380 Bullam
399 5323 484 5382 hanc
501 5339 567 5381 non
585 5321 684 5381 fuisse
706 5321 816 5380 datam
840 5319 957 5394 reipsa.
983 5319 1031 5378 Ea
1055 5318 1245 5379 confirmata
1265 5321 1402 5381 fuissent
1420 5322 1594 5397 privilegia

101 5407 365 5474 expectativarum
383 5417 451 5485 etc,
469 5427 552 5488 quae
570 5419 681 5471 tamen
700 5411 761 5470 hac
779 5409 874 5468 Bulla
894 5425 925 5467 n.
944 5407 1039 5468 XXV
1056 5407 1336 5470 confirmationem
1355 5421 1557 5486 receperunt.
