3748 5914
836 689 922 769 177.

127 848 280 924 Urbano
308 849 393 924 Vlb
411 851 675 948 (1590·1590)
703 853 914 940 Auditores,
941 855 1172 952 praesentati
1205 880 1230 928 a
1268 854 1381 928 Card.
1422 851 1620 928 Vc'ce—Can-

202 975 362 1059 coclara,
396 975 653 1051 deoscrclantur
663 978 776 1077 pedes
793 979 880 1052 noui
895 978 1041 1078 Summi
1056 978 1247 1074 Pontificis
1265 1023 1282 1036 -
1301 979 1419 1054 Rotae
1446 978 1621 1052 Decanus

201 1098 272 1172 nac
308 1101 486 1174 occasione
522 1101 721 1176 orauonene
752 1101 908 1176 latonam
942 1130 1066 1177 cauam
1101 1105 1210 1202 Papa
1230 1103 1459 1202 pronunciat
1475 1145 1492 1157 -
1511 1102 1620 1200 Papa

200 1223 392 1323 respondet
416 1269 433 1280 -
464 1224 638 1299 Urbanus
664 1227 743 1300 VII
758 1228 1002 1302 Auditore'bus
1018 1228 1230 1315 facultatem
1249 1227 1380 1301 tribuit
1399 1253 1531 1300 manne
1557 1226 1620 1300 eli-

196 1349 317 1446 gena'i
341 1351 571 1438 Auditorem,
599 1353 639 1425 in
675 1351 790 1426 locum
826 1353 971 1426 Ioannis
1006 1352 1200 1451 Baptistae
1227 1353 1271 1426 de
1298 1351 1435 1428 Rubu‘s
1461 1351 1624 1448 defuncti

200 1474 489 1572 subrogandum.

201 1630 318 1704 (Anca.
337 1628 425 1706 Ros,
449 1629 670 1692 ‹Extractum
691 1631 811 1692 Dr'arie'
826 1633 942 1694 Penne
954 1635 990 1706 ι).

579 1829 687 1912 lovis,
721 1853 770 1904 20
798 1831 1022 1927 septembris
1058 1854 1167 1925 1590.

208 2031 239 2081 1.
272 2005 358 2080 Una
384 2033 469 2082 cum
491 2007 538 2083 D.
561 2009 779 2082 Alexandro
801 2009 992 2084 Cardinali
1012 2010 1164 2084 Peretto
1182 2009 1231 2084 de
1251 2009 1383 2084 Monte
1401 2007 1494 2082 Alto
1512 2006 1623 2082 Vice-

121 2129 356 2206 Cancellario
383 2132 626 2231 collegialiter
652 2134 858 2207 Auditores
886 2135 1009 2208 Rotae
1039 2134 1171 2208 ivimus
1207 2133 1255 2206 ad
1292 2132 1538 2208 osculandum
1573 2133 1622 2204 de

120 2281 226 2330 more
255 2259 376 2353 pedes
405 2257 591 2332 Pontificis
619 2259 763 2334 Urbani
792 2259 859 2331 Vll
891 2277 979 2334 ante
1018 2259 1331 2334 Coronationem:
1370 2274 1409 2332 et
1445 2257 1620 2352 quoniam

124 2381 170 2455 D.
201 2381 436 2478 Seraphinus
464 2383 665 2470 Olivarius,
697 2385 819 2460 Rotae
854 2384 1042 2468 Decanus,
1068 2400 1108 2459 et
1140 2384 1341 2458 Marcellus
1381 2383 1547 2458 Bubalus
1583 2397 1622 2455 et

123 2506 257 2580 Petrus
277 2507 499 2582 Franciscus
519 2508 696 2606 GypsiuS,
714 2509 947 2606 antiquiores
964 2509 1181 2596 Auditores,
1198 2534 1272 2584 non
1286 2525 1395 2582 erant
1410 2508 1503 2584 satis
1516 2507 1622 2582 firma
1681 2535 1686 2544 ·

120 2629 349 2720 valetudine,
380 2634 601 2708 Franciscus
630 2634 781 2709 Oranus
810 2652 1003 2730 tamquam
1035 2634 1224 2732 antiquior
1252 2633 1383 2709 habuit
1410 2635 1622 2707 oratiuncu-

121 2755 206 2844 lam,
239 2757 288 2832 de
315 2783 432 2843 more,
461 2760 510 2833 ad
538 2783 644 2832 suam
665 2761 914 2835 sanctitatem.
936 2760 1014 2832 Res
1032 2759 1101 2832 suit
1118 2776 1230 2858 gesta
1249 2760 1319 2833 hoc
1338 2759 1487 2832 ordine:
1509 2757 1622 2831 Prae-

122 2882 246 2956 dictus
276 2881 324 2958 D.
355 2881 519 2969 Oranus,
552 2883 796 2958 Hieronirnus
825 2883 1063 2981 Pamphilius,
1096 2882 1299 2958 Flaminius
1329 2884 1482 2968 Plattus,
1505 2881 1622 2954 Fran-

122 3007 246 3081 ciscus
275 2993 450 3093 Mantica‚
483 3007 668 3106 Neapolio
688 3007 900 3083 Comitulus
927 3026 967 3083 et
995 3009 1081 3109 Ego
1101 3009 1322 3084 Franciscus
1343 3007 1471 3105 Pegna
1490 3007 1623 3080 ivimus

121 3130 169 3204 ad
199 3131 484 3220 Cancellariam,
515 3133 714 3208 comitatur
743 3133 780 3208 P.
813 3133 1050 3208 Cardinalem
1079 3159 1127 3208 ex
1155 3134 1288 3207 Monte
1316 3133 1419 3219 Alto,
1448 3133 1512 3228 qui
1542 3129 1623 3205 Nos

121 3274 204 3331 erat
241 3259 292 3330 ad
320 3257 460 3354 Papam
497 3259 787 3334 introducturus.
819 3259 912 3332 Mox
946 3258 1005 3332 ille
1043 3259 1238 3356 ingressus
1274 3258 1323 3332 ad
1359 3257 1498 3353 Papam
1535 3269 1623 3328 ante

123 3380 215 3466 Nos,
246 3383 522 3457 commendavit
550 3384 650 3457 Suae
680 3383 876 3458 Sanctitati
903 3385 938 3457 in
968 3383 1167 3458 universali
1186 3381 1396 3482 Collegium
1426 3381 1620 3465 Nostrum,

120 3531 164 3580 ac
193 3523 235 3580 ut
265 3506 346 3580 Nos
365 3509 606 3582 benediceret
633 3524 673 3582 et
700 3525 741 3582 ut
768 3507 818 3582 ad
847 3508 1084 3584 iudicandum
1113 3507 1260 3583 Causas
1293 3505 1620 3606 progrederemur,

121 3632 315 3726 exposuit3
334 3633 478 3737 addidit
496 3634 652 3730 insuper
669 3651 710 3708 ut
728 3632 838 3708 solita
857 3633 992 3708 salaria
1010 3630 1257 3708 Auditoribus
1276 3647 1471 3728 praestare
1492 3631 1624 3729 digna·
1741 3669 1744 3676 v

123 3769 236 3840 retur,
259 3772 299 3830 et
315 3757 469 3854 insuper
481 3757 819 3833 extraordinarium
833 3783 970 3831 munus
987 3758 1234 3832 ducentorum
1253 3757 1475 3831 ducatorum
1494 3780 1623 3830 aureo·

123 3905 204 3956 rum
233 3881 392 3978 singulis
420 3883 667 3957 Auditoribus
695 3884 730 3955 in
761 3881 962 3968 Creatione
991 3883 1090 3958 Novi
1119 3883 1307 3958 Pontificis
1325 3881 1510 3979 praestari
1537 3881 1624 3956 soli-

124 4023 260 4089 torum,
289 4003 416 4104 largiri
445 4007 565 4082 Nobis
593 4009 757 4083 iuberet:
780 4007 872 4081 Mox
898 4009 1110 4096 intromissi,
1132 4009 1181 4082 ad
1199 4009 1318 4106 pedes
1338 4010 1418 4082 eius
1437 4005 1624 4104 genuflexi

122 4131 404 4225 procubuimus.

206 4279 240 4332 a.
271 4255 378 4330 Tunc
406 4255 455 4328 D.
486 4254 641 4330 Oranus
668 4279 761 4330 voce
797 4253 1068 4352 aliquantulum
1096 4257 1283 4330 submissa
1315 4255 1357 4328 in·
1388 4255 1480 4328 haec
1507 4255 1623 4327 verba

122 4377 318 4454 disseruit:
339 4378 526 4454 Publicam
545 4377 725 4454 laetitiam
744 4403 859 4476 quarn
878 4381 997 4453 sensit
1014 4379 1189 4453 universa
1210 4379 1311 4454 Urbs
1330 4395 1371 4451 et
1388 4392 1492 4452 totus
1508 4376 1622 4450 Orbis

124 4500 341 4579 Catholicus
369 4528 551 4579 sensurus
578 4521 638 4578 est
666 4504 715 4578 de
741 4504 836 4578 felici
863 4505 1101 4602 promotione
1121 4507 1159 4580 S.
1177 4505 1222 4576 V.
1243 4505 1293 4578 ad
1311 4503 1506 4576 Summum
1528 4501 1629 4576 Pon-'

122 4626 314 4716 tificatum,
345 4627 556 4727 Collegium
585 4628 656 4702 hoc
684 4645 856 4703 nostrum
885 4629 921 4702 in
949 4629 1016 4714 Te,
1048 4629 1158 4702 Pater
1179 4629 1282 4714 Brire,
1302 4629 1502 4703 derivavit:
1523 4627 1623 4701 unde

122 4769 229 4828 certo
256 4753 419 4827 futurum
456 4778 653 4849 speramus
688 4771 731 4828 ut
764 4755 872 4828 nobis
910 4752 1143 4828 felicissimus
1180 4754 1252 4827 iste
1279 4769 1407 4826 vester
1442 4775 1623 4826 ascensus

124 4876 271 4951 tuturus
308 4879 357 4952 sit
393 4877 801 4966 honorificentissimus,
830 4879 936 4974 quod
971 4904 1019 4952 eo
1055 4878 1193 4952 certius
1219 4877 1345 4952 animo
1381 4879 1622 4974 concipimus,

123 5001 301 5096 quoniam
328 5005 448 5098 probe
475 5003 647 5078 novimus
675 5027 826 5099 semper
852 5001 1100 5078 Sanctitatem
1130 5003 1305 5076 Vestram
1333 5001 1368 5074 in
1393 5001 1483 5075 illud
1502 5024 1623 5098 prono

124 5124 241 5200 luisse
266 5125 403 5213 anima,
431 5127 536 5222 quod
564 5126 643 5200 iure
670 5126 824 5222 quidem
851 5126 974 5202 lacere
1003 5127 1142 5212 debuit,
1173 5151 1257 5199 cum
1276 5149 1323 5197 ex
1341 5124 1422 5198 eius
1440 5126 1623 5223 progenie

123 5249 202 5324 duo
230 5249 433 5326 clarissima
460 5251 553 5327 luris
583 5251 739 5327 Lumina
767 5252 802 5325 in
821 5251 884 5326 illo
902 5251 1108 5336 micuerint‚
1129 5251 1206 5325 duo
1225 5249 1364 5324 scilicet
1383 5249 1522 5324 Veralli
1541 5250 1622 5344 qui-

125 5373 197 5448 bus
234 5374 458 5472 insigniores
492 5376 699 5450 Auditores
734 5399 809 5450 non
844 5376 995 5450 luerunt
1027 5373 1108 5449 alii:
1147 5373 1394 5470 quamobrem
1431 5373 1623 5470 supplices
