3684 5920
762 331 827 390 Pio
848 331 895 390 VI
1525 334 1581 396 615

83 539 210 602 vetent
238 524 536 602 Constitutiones
566 525 789 616 Pontificiae,
820 526 975 602 Sacrum
1004 525 1185 604 Tribunal
1217 527 1254 599 in
1288 551 1401 604 sensu
1435 527 1504 604 suit
1539 544 1582 604 ut

84 649 308 748 postulanda
335 665 440 729 esset
467 673 490 724 a
517 650 629 728 Ssriro
656 675 786 727 earum
813 651 1023 752 derogatio.

787 916 879 996 482.

80 1057 277 1135 Decretum
304 1069 432 1135 contra
460 1061 729 1135 Procuratores
755 1061 891 1135 libellos
917 1086 1001 1136 suos
1031 1063 1191 1160 singulis
1218 1063 1463 1140 Auditoribus
1498 1075 1573 1140 sta-

160 1193 237 1258 tuta
263 1194 419 1284 tempore
446 1211 519 1259 uon
545 1185 811 1262 distribuentes.

157 1339 273 1410 (Accu.
293 1339 381 1414 Ros,
404 1337 596 1400 ‹Dtare'um
617 1339 841 1414 carcerales).

545 1505 703 1581 Veneris
735 1529 781 1602 27
813 1509 965 1582 ianuarii
1000 1511 1112 1603 1786.

160 1755 274 1831 Docti
302 1756 371 1830 hac
399 1781 508 1830 mane
537 1757 668 1830 Patres
695 1781 718 1830 a
748 1757 845 1830 Rr'fro
875 1757 913 1833 P.
945 1758 991 1834 D.
1024 1758 1181 1832 Decano
1209 1756 1389 1860 (fuerunt)
1426 1759 1474 1834 de
1501 1759 1579 1834 lato

80 1878 204 1954 Rotali
235 1881 400 1955 Decreto
419 1882 602 1956 adversus
623 1881 900 1967 Procuratores,
923 1883 986 1979 qui
1004 1883 1150 1958 libellos
1170 1908 1261 1957 suos
1281 1882 1439 1982 singulis
1458 1884 1578 1958 Audi-

78 2004 223 2078 toribus
251 2004 486 2101 intempore
514 2029 538 2078 a
565 2005 893 2080 constitutionibus
921 2008 993 2080 iam
1022 2007 1188 2103 praefixo
1218 2007 1415 2106 negligunt
1452 2009 1577 2083 distri-

78 2131 203 2204 buere.
237 2131 328 2203 Eius
358 2155 447 2204 vero
477 2129 630 2204 Decreti
660 2145 830 2204 tenorem
858 2131 894 2204 in
923 2157 993 2206 suo
1023 2130 1203 2206 Decanali
1232 2132 1361 2206 Diario
1390 2133 1577 2232 integrum

78 2255 226 2327 rettulit
254 2252 347 2356 (sic).
1159 2267 1161 2270 ’

786 2481 877 2562 483.

76 2626 313 2700 Procurator
347 2653 419 2701 uon
450 2627 672 2702 distribuens
705 2626 843 2700 libellos
878 2650 962 2700 suos
993 2634 1127 2700 statuto
1163 2635 1321 2726 tempore
1353 2627 1495 2724 aliquot
1529 2651 1577 2702 eu

156 2753 404 2826 caereorum
423 2765 544 2852 poeria
565 2752 750 2851 plectitur.
781 2795 807 2808 -
838 2751 976 2826 Contra
1003 2753 1207 2826 Notarium
1240 2750 1391 2840 Oliuier‚
1417 2752 1575 2849 gallum

155 2885 383 2950 recusantem
410 2878 543 2974 exequi
567 2876 783 2950 mandctum
812 2876 939 2962 Rotae,
962 2876 1119 2975 procedi
1141 2877 1330 2953 statuitur.
1398 2939 1421 2984 ο

154 3033 274 3106 (Accu.
293 3033 380 3105 Ros„
404 3033 596 3122 «Durium
616 3032 791 3096 cumeae
803 3034 839 3106 ο).

555 3199 684 3272 Lunae
714 3205 736 3272 6
767 3197 958 3272 Februarii
992 3201 1104 3289 1786.

159 3402 244 3419 .....
279 3343 419 3416 Notum
449 3343 535 3416 iude
564 3343 701 3415 sactum
722 3341 892 3415 Patribus
920 3367 942 3414 a
972 3341 1070 3414 Rr'r‘ro
1099 3341 1137 3416 P.
1169 3340 1217 3416 D.
1249 3341 1405 3415 Decano
1424 3364 1576 3438 praece-

79 3484 187 3564 ptum
217 3469 422 3542 iniunctum
452 3467 686 3542 Procuratori
716 3465 925 3550 corradini,
965 3466 1068 3562 quod
1102 3467 1183 3564 ipse
1221 3491 1306 3540 sese
1334 3465 1522 3541 abstineat
1558 3488 1581 3539 a

74 3592 278 3668 scribendo
307 3593 343 3666 in
371 3593 441 3667 hoc
470 3616 578 3666 sacro
607 3591 809 3676 Tribunaii‚
830 3592 880 3665 ob
899 3613 975 3664 non
995 3591 1215 3665 distributos
1234 3589 1390 3677 libellos,
1410 3615 1479 3664 nec
1499 3591 1579 3678 sibi,

76 3744 144 3794 nec
174 3719 261 3795 RR.
295 3717 361 3792 ΡΡ.
395 3717 482 3793 DD.
512 3717 561 3792 de
591 3717 752 3814 Bayane‚
782 3731 822 3790 et
851 3715 1017 3791 Cesarei.
1635 3799 1636 3802 Ἴ

158 3843 356 3918 Referenti
385 3843 430 3916 R.
461 3843 499 3918 P.
532 3843 580 3916 D.
603 3843 732 3927 Resta‚
760 3841 956 3915 Notarium
986 3840 1193 3916 Oiiverium
1223 3839 1394 3914 Civitatis
1415 3840 1581 3936 Carpen-

74 3987 241 4046 toraten.
273 3967 410 4065 exequi
438 3991 633 4042 recusasse
662 3966 880 4040 mandatum
910 3965 1045 4040 Rotaie
1073 3968 1121 4040 de
1149 3965 1384 4039 immittendo
1404 3965 1579 4062 Equitem

72 4093 319 4190 Zephirinum
350 4092 537 4187 Depinars
566 4090 614 4164 ad
643 4091 768 4166 omnia
795 4091 895 4164 bona
923 4088 1267 4164 fideicommissario
1297 4089 1446 4163 Horatii
1465 4089 1583 4188 Depi-

73 4241 163 4292 nars
208 4214 401 4311 descripta
443 4215 479 4289 in
521 4215 601 4289 eius
640 4229 880 4302 testamento,
921 4214 1052 4288 Patres
1091 4213 1368 4310 responderunt
1404 4229 1581 4310 oportere

72 4358 210 4440 petere
232 4343 283 4451 ab
312 4341 407 4414 Eriso
438 4339 625 4414 Cardinaii
653 4365 676 4413 a
705 4339 868 4414 Secretis
898 4339 1041 4426 StatuS,
1062 4353 1104 4412 ut
1130 4363 1267 4414 munus
1295 4339 1464 4437 iniungat
1483 4339 1582 4435 Epo

74 4467 396 4564 carpentoraten.
433 4466 598 4540 curando
634 4465 898 4562 exequtionem
935 4464 1105 4538 eiusdem
1140 4462 1318 4548 mandati,
1358 4479 1474 4559 atque
1509 4487 1583 4538 una

71 4593 186 4666 simul
217 4591 347 4665 iubeat
375 4591 419 4666 R.
442 4591 480 4666 P.
503 4590 552 4667 D.
573 4590 817 4664 Avinionensi
845 4587 1105 4688 Vice-Legato
1124 4603 1166 4662 ut
1185 4587 1319 4683 poenis
1337 4611 1406 4684 pro
1429 4588 1582 4663 arbitrio

72 4717 268 4792 notarium
297 4731 460 4790 moneat.

830 4870 850 4914 ss

809 4931 871 4978 Η

608 5033 708 5110 Ven:
744 5059 790 5110 ιο
820 5033 909 5112 Feb.
945 5038 1058 5130 1786.

156 5285 363 5361 Nunciavit
391 5283 562 5362 Patribus
591 5285 636 5360 R.
669 5284 707 5360 P.
739 5284 786 5360 D.
819 5285 938 5358 Resta
962 5285 1096 5360 Erirum
1119 5283 1356 5362 Cardinalem
1375 5307 1398 5356 a
1417 5281 1582 5360 Secretis

72 5413 226 5496 Status,
258 5407 307 5480 ad
335 5433 448 5504 quem
476 5433 545 5505 pro
573 5409 738 5484 iniuncto
765 5409 835 5484 sibi
870 5433 1024 5486 munere
1062 5433 1104 5484 se
1136 5408 1354 5494 contulerat,
1391 5407 1583 5506 Epistolas
