3686 5916
679 346 844 407 Clemente
864 346 954 407 XIII
1507 349 1562 408 595

53 544 262 640 minusque
291 566 427 616 causae
461 545 512 616 ob
546 567 643 639 quas
680 543 836 616 eaedem
878 558 1100 637 praesentes
1133 543 1341 615 emanarint
1375 542 1560 617 adductae

51 667 273 742 verificatae
301 693 367 742 seu
396 667 487 741 alias
516 667 748 753 sufficienter,
770 667 977 752 autetiam,
1000 666 1210 740 nullatenus
1239 667 1457 742 iustificatae
1486 668 1560 741 iue-

53 793 140 880 rint,
176 791 278 865 nullo
307 817 484 888 umquam
514 807 685 889 tempore
716 793 764 866 de
803 791 1066 887 subreptionis,
1096 792 1338 888 obreptionis,
1369 791 1557 880 nullitatis,

51 933 121 990 aut
150 917 394 992 invaliditatis
422 917 522 1002 vitio,
555 943 622 991 seu
652 917 877 1003 intentionis,
908 931 975 989 aut
1003 915 1075 990 alio
1103 918 1237 1013 quovis
1266 916 1426 1004 delectu,
1447 919 1559 992 etiam

52 1044 303 1138 quantumvis
343 1041 460 1140 gravi,
491 1043 757 1138 inexcogitato,
788 1060 827 1116 et
864 1041 1111 1129 substantiali,
1146 1041 1224 1115 sive
1259 1043 1374 1116 etiam
1416 1044 1560 1116 ratione

52 1167 234 1253 enormis,
264 1185 303 1240 et
331 1165 458 1240 totalis
486 1167 672 1254 laesionis,
703 1185 769 1241 aut
797 1191 1035 1270 quocumque
1063 1165 1135 1240 alio
1158 1182 1367 1262 praetextu,
1388 1167 1447 1241 vel
1466 1169 1555 1254 iure,

53 1315 122 1364 seu
153 1292 271 1364 etiam
299 1317 347 1366 ex
375 1293 507 1389 quavis
536 1317 659 1375 causa,
690 1291 929 1388 quantumvis
958 1292 1065 1377 iusta,
1097 1289 1314 1378 rationabili,
1345 1309 1384 1365 et
1411 1291 1560 1387 privile-

50 1415 169 1512 giata,
203 1442 247 1490 ac
276 1415 349 1502 tali,
381 1442 479 1513 quae
507 1416 556 1490 ad
583 1417 755 1490 eflectum
783 1416 987 1490 validitatis
1015 1417 1307 1512 praemissorum
1346 1419 1558 1492 necessario

50 1541 303 1637 exprimenda
331 1537 437 1626 soret,
470 1517 601 1628 no'tari,
632 1542 853 1640 impugnari,
885 1541 1088 1626 invalidari,
1120 1543 1325 1627 retractari,
1355 1541 1390 1614 in
1418 1542 1475 1616 ius
1499 1543 1558 1616 vel

51 1667 351 1740 controversiam
382 1667 549 1740 revocari
577 1693 703 1762 posse,
734 1692 858 1761 neque
885 1667 987 1762 ipsas
1014 1681 1236 1762 praesentes
1265 1667 1337 1740 sub
1363 1665 1558 1762 quibusvis

52 1789 240 1877 similium,
272 1791 331 1865 vel
369 1791 600 1865 dissimilium
628 1792 916 1889 dispositionum
945 1791 1256 1876 revocationibus,
1277 1791 1558 1866 limitationibus

51 1931 117 1988 aut
145 1915 230 1988 aliis
258 1917 452 1990 contrariis
479 1915 786 2003 ordinationibus,
817 1942 888 2013 pro
916 1932 1086 2012 tempore
1115 1913 1398 2011 quomodolibet
1425 1916 1556 1989 facien-

52 2039 120 2124 dis.
152 2041 432 2136 comprehendi,
465 2042 532 2115 sed
561 2065 711 2138 semper
729 2043 777 2116 ab
805 2041 874 2114 illis
903 2057 1082 2136 exceptas
1109 2057 1295 2136 perpetuo
1324 2039 1477 2128 validas,
1500 2040 1558 2114 fir·

53 2188 143 2250 mas,
175 2184 218 2239 et
260 2166 431 2240 efficaces
472 2166 645 2252 existere,
685 2183 726 2240 et
757 2165 848 2252 lore,
889 2191 1056 2261 suosque
1084 2163 1283 2261 plenarios,
1313 2180 1353 2238 et
1385 2165 1555 2264 integros

52 2289 210 2364 effectus
241 2291 419 2376 obtinere,
460 2307 498 2365 et
533 2293 581 2366 ab
617 2293 801 2379 omnibus
831 2307 870 2366 et
907 2291 1074 2390 singulis,
1104 2291 1153 2364 ad
1191 2315 1288 2386 quos
1329 2307 1487 2388 spectat,
1518 2306 1557 2365 et

54 2417 340 2510 quomodolibet
368 2417 555 2513 spectabit
572 2417 608 2490 in
627 2417 803 2503 futurum,
825 2415 980 2491 firmiter
998 2434 1037 2489 et
1065 2414 1324 2489 inviolabiliter
1342 2416 1554 2490 observari:

57 2539 203 2636 Sisque,
238 2557 277 2614 et
315 2566 389 2615 non
430 2541 521 2615 alias
558 2543 594 2614 in
631 2542 850 2638 praemissis
878 2542 1061 2628 omnibus,
1091 2557 1132 2614 et
1160 2540 1317 2638 singulis
1344 2565 1413 2636 per
1440 2566 1556 2636 quos-

53 2689 213 2761 cumque
244 2665 390 2739 ludices
418 2666 627 2740 ordinarios
659 2683 698 2740 et
726 2666 935 2764 delegatos,
957 2688 1000 2738 ac
1028 2691 1099 2761 pro
1127 2681 1297 2760 tempore
1330 2665 1553 2738 existentem

55 2787 348 2864 Thesaurarium
378 2789 604 2866 Generalem
635 2791 755 2865 dictae
785 2791 981 2874 Camerae,
1010 2814 1054 2863 ac
1082 2791 1195 2862 etiam
1223 2788 1392 2863 eiusdem
1426 2789 1555 2862 Palatii

56 2911 183 2987 Nostri
213 2891 441 3011 ¹Apostolici
483 2915 700 3000 Auditores‚
736 2932 774 2990 et
803 2917 920 3012 ipsius
949 2914 987 2989 S.
1019 2913 1064 2990 R.
1096 2914 1139 2988 E.
1180 2912 1401 2987 Cardinales
1439 2913 1551 2986 etiam

57 3035 325 3127 Camerarium,
356 3041 434 3114 sive
462 3041 509 3115 de
537 3041 655 3116 latere
683 3041 861 3140 Legatos,
882 3067 926 3114 ac
945 3039 1099 3138 quosvis
1125 3038 1219 3113 alios
1239 3038 1405 3135 qualibet
1423 3055 1554 3112 aucto-

58 3161 160 3238 ritate
187 3181 231 3240 et
259 3181 449 3262 potestate
477 3167 689 3265 fungentes,
720 3167 755 3240 in
791 3166 925 3264 quavis
963 3189 1077 3240 causa
1114 3179 1153 3238 et
1189 3165 1376 3251 instantia,
1406 3163 1554 3238 sublata

57 3287 117 3374 eis,
145 3307 344 3364 eteorum
375 3290 525 3365 cuilibet
551 3291 660 3365 aliter
686 3293 884 3376 iudicandi,
915 3307 953 3364 et
980 3291 1248 3387 interpretandi
1290 3289 1477 3376 facultate,
1512 3305 1552 3362 et

54 3412 302 3488 aucthoritate
330 3413 491 3502 iudicari,
521 3430 559 3488 et
585 3415 728 3488 definiri
756 3417 906 3502 debere,
937 3439 980 3488 ac
1007 3415 1149 3488 irritum
1178 3429 1218 3487 et
1243 3415 1353 3488 inane
1383 3414 1413 3486 si
1441 3439 1552 3486 secus

56 3537 245 3631 superbis
273 3562 513 3634 aquoquam,
536 3539 668 3635 quavis
689 3539 949 3624 aucthoritate,
973 3539 1133 3612 scienter
1153 3537 1210 3610 vel
1230 3537 1449 3636 ignoranter
1467 3561 1550 3612 con·

55 3658 178 3756 tigerit
204 3663 394 3738 attentari.

133 3784 219 3860 Non
250 3787 487 3862 obstantibus
514 3786 692 3884 praelatis
721 3784 873 3859 PauliV
901 3800 941 3858 et
960 3782 1165 3859 Clementis
1186 3787 1223 3860 X
1243 3811 1312 3863 nec
1340 3811 1414 3860 non
1435 3789 1551 3863 Bene-

55 3907 138 3982 dicti
180 3911 268 3984 Xlll
306 3912 418 3985 etiam
457 3909 760 3984 Praedecessoris
797 3911 915 3983 nostri
956 3909 1172 4006 incipiente:
1207 3911 1330 4000 Quum
1370 3921 1547 3998 nostrum,

56 4031 404 4120 Constitutionibus,
436 4052 475 4109 et
502 4035 824 4121 Ordinationibus,
853 4060 897 4108 ac
927 4035 1079 4122 Nostra,
1111 4050 1151 4108 et
1179 4035 1551 4136 CancellariaeApo·

56 4157 205 4234 stolicae
234 4159 383 4259 Regula
411 4162 459 4234 de
488 4163 567 4233 iure
596 4161 769 4254 quaesito
799 4173 872 4233 non
906 4158 1083 4246 tollendo,
1101 4185 1169 4234 nec
1198 4187 1271 4236 non
1300 4161 1549 4237 erectionibus

55 4281 235 4360 dictorum
265 4286 481 4360 Officiorum
511 4303 707 4359 eteorum
736 4285 1050 4371 concessionibus,
1071 4286 1388 4383 acquisitionibus,
1404 4287 1546 4384 gratiis,

53 4406 264 4508 privilegiis,
294 4411 542 4495 facultatibus,
564 4427 602 4484 et
630 4411 782 4483 indultis
802 4411 1111 4506 quibuscumque,
1133 4409 1225 4484 alias
1244 4427 1359 4494 motu,
1382 4413 1547 4500 scientia,

55 4545 93 4602 et
120 4537 317 4628 potestatis
344 4537 575 4634 plenitudine
603 4537 754 4636 paribus
774 4561 842 4631 per
862 4535 1180 4609 Praedecessores
1200 4536 1356 4608 eosdem
1376 4539 1447 4610 sub
1466 4541 1549 4634 qui-

55 4655 180 4730 busvis
207 4660 380 4734 clausulis
408 4675 448 4734 et
474 4660 644 4748 decretis,
676 4687 719 4734 ac
747 4661 1070 4756 derogatoriarum
1099 4662 1347 4758 derogatoriis
1375 4662 1547 4737 irritanti-

54 4777 198 4878 busque
227 4785 387 4859 decretis
415 4785 699 4882 quomodolibet
727 4786 926 4860 concessis.
944 4782 1092 4877 Quibus
1120 4785 1293 4858 omnibus
1312 4803 1350 4858 et
1378 4787 1545 4886 singulis,

56 4901 195 4979 illorum
226 4927 387 4997 tenores,
419 4936 462 4984 ac
492 4909 521 4984 si
550 4912 597 4984 de
625 4913 741 4984 verbo
759 4909 808 4983 ad
836 4913 1003 4996 verbum,
1035 4925 1074 4984 et
1102 4910 1219 4984 sorma
1248 4915 1284 4986 in
1312 4909 1382 4983 illis
1410 4912 1547 4988 tradita

55 5028 263 5122 observata,
292 5034 420 5108 inserti
449 5035 581 5120 forent,
621 5036 881 5131 praesentibus
910 5059 980 5131 pro
1016 5036 1208 5132 expressis
1244 5037 1437 5120 habentes,
1477 5037 1546 5112 illis

56 5149 145 5226 alias
172 5158 207 5229 in
236 5184 305 5234 suo
334 5161 469 5234 robore
497 5163 761 5256 permansuris,
791 5159 841 5233 ad
868 5159 1039 5236 eflectum
1060 5161 1259 5235 validitatis
1291 5177 1330 5235 et
1358 5162 1547 5258 plenariae

57 5284 305 5366 praesentium
332 5285 571 5371 executionis,
604 5284 672 5358 hac
700 5285 792 5372 vice,
822 5285 952 5358 harum
982 5287 1078 5360 serie
1106 5284 1335 5384 derogamus
1359 5302 1398 5360 et
1435 5288 1546 5362 dero-

58 5415 183 5492 gatum
211 5432 296 5482 esse
325 5409 508 5485 volumus.
