3748 5914
804 336 870 396 Pio
891 337 918 396 V
1556 331 1611 392 ³07

115 530 270 603 interest
296 544 339 604 ut
366 529 516 625 questio
545 529 758 604 huiusmodi
788 530 1019 616 terminetur,
1045 529 1235 603 urbaniter
1261 551 1377 626 agere
1405 527 1609 622 cupientes,

113 669 315 750 antequam
346 655 518 750 cuiquam
547 653 696 728 collatio
724 653 801 740 fiat,
821 669 861 727 et
879 679 926 727 ne
945 652 1029 729 lites
1050 655 1273 750 proveniant
1291 678 1338 724 ex
1357 652 1482 726 lutura
1501 649 1612 726 colla-

113 780 222 865 tione,
256 779 469 876 supplicant
487 777 674 853 humiliter
692 779 938 852 Sanctitatem
958 779 1136 852 Vestram
1156 793 1343 874 quatenus
1364 778 1399 850 in
1418 776 1612 872 premissis

111 920 326 1000 opportune
354 903 553 999 providere
581 902 766 1001 dignetur,
797 902 916 990 alicui,
938 929 1005 977 seu
1033 904 1232 999 aliquibus,
1251 927 1299 976 ex
1323 901 1361 976 S.
1384 901 1430 976 R.
1453 901 1495 974 E.
1517 899 1610 972 Car-

111 1027 307 1115 dinalibus,
339 1030 550 1114 summarie,
581 1029 629 1102 de
658 1027 770 1123 plano
798 1043 838 1100 et
866 1027 945 1100 sine
974 1027 1134 1122 strepitu
1162 1041 1201 1100 et
1229 1025 1349 1123 figura
1368 1023 1491 1098 indicii
1510 1047 1611 1096 com-

111 1153 260 1225 mittere
288 1168 327 1226 et
354 1153 533 1226 mandare
561 1169 603 1224 ut
630 1154 678 1224 de
706 1151 893 1248 premisso
922 1152 1005 1225 lure
1033 1151 1248 1225 conferendi
1274 1150 1325 1223 acl
1343 1149 1504 1223 officium
1524 1171 1611 1243 pre·

109 1277 262 1361 dictum,
293 1277 619 1351 extraiudicialiter
651 1302 693 1349 se
726 1277 926 1350 informent
961 1292 1001 1349 et
1037 1276 1233 1349 Sanctitati
1270 1275 1407 1346 Vestre
1437 1271 1609 1358 reserant,

109 1427 192 1475 cum
222 1416 415 1498 potestate
445 1402 581 1476 citandi
609 1417 649 1476 et
677 1427 724 1475 ne
752 1403 788 1476 in
817 1401 1061 1498 preiudicium
1098 1401 1174 1475 litis
1208 1399 1420 1473 huiusmodi
1456 1397 1607 1493 aliquid,

109 1527 325 1624 cognitione
344 1527 557 1601 huiusmodi
575 1527 776 1623 pendente,
798 1526 872 1612 fiat,
893 1525 1093 1611 inhibendi,
1114 1526 1262 1620 aliaque
1281 1525 1437 1609 dicendi,
1454 1523 1611 1622 gerendi

107 1667 146 1724 et
172 1653 373 1726 exercendi
401 1676 477 1747 que
504 1652 540 1725 in
568 1667 607 1726 et
634 1652 731 1725 circa
758 1653 943 1748 premissa
980 1651 1192 1724 necessaria
1233 1650 1379 1735 luerint,
1409 1674 1475 1722 seu
1517 1646 1610 1722 alias

109 1777 405 1871 quomodolibet·
421 1794 647 1874 opportuna.
680 1776 1020 1850 constitutionibus
1056 1792 1095 1849 et
1130 1775 1426 1849 ordinationibus
1459 1788 1610 1870 aposto·

106 1903 195 1986 licis,
227 1901 314 1976 stilo
346 1902 473 1999 palatii
508 1903 720 1998 ceterisque
752 1903 789 1974 in
824 1902 1051 1975 contrarium
1087 1899 1308 1974 iacientibus
1343 1923 1418 1972 non
1454 1898 1609 1972 obstan-

109 2027 206 2101 tibus
235 2026 546 2124 quibuscumque,
577 2039 666 2113 stat,
682 2041 752 2101 etc.
784 2051 853 2122 pro
882 2025 1072 2122 expressis
1100 2025 1286 2099 habende.

821 2379 906 2457 168.

111 2543 203 2616 Prior
221 2546 259 2619 V
265 2567 415 2617 causam
422 2542 648 2616 Notariatus
658 2541 696 2615 S.
710 2542 827 2615 Rotae
845 2541 995 2615 resolvit
1009 2540 1064 2614 ad
1072 2541 1237 2627 fcrvorem
1250 2539 1408 2614 eiusdem
1423 2538 1462 2614 S.
1475 2538 1603 2614 Rotae.

185 2701 305 2771 (Anca.
323 2694 410 2770 Ror,
434 2695 735 2770 «Ordinationes»,
750 2701 838 2770 part.
857 2695 903 2768 II,
921 2695 973 2754 De
991 2695 1154 2768 Notarr'r's,
1171 2713 1204 2754 n.
1222 2694 1292 2765 IX).

1422 2855 1503 2916 Sine
1522 2857 1606 2916 data.

170 3007 295 3082 ·Motu
325 3007 478 3103 proprio
505 3022 576 3080 etc.
598 3005 721 3080 Decet
749 3021 791 3080 ut
816 3031 862 3080 ea
882 3030 980 3102 quae
1000 3023 1151 3103 praeter
1175 3005 1418 3080 intentionem
1438 3021 1605 3078 nostram

107 3133 140 3204 in
167 3130 437 3229 praeiudicium
466 3130 554 3205 iuris
582 3129 803 3206 dilectorum
833 3131 991 3205 filiorum
1019 3131 1246 3204 Auditorum
1271 3155 1469 3204 causarum
1488 3131 1607 3205 nostri

106 3257 231 3353 palatii
272 3255 479 3354 apostolici,
515 3257 579 3352 qui
619 3255 809 3331 indefesso
845 3256 971 3330 studio
1003 3256 1039 3329 in
1072 3256 1317 3330 ministranda
1348 3279 1473 3351 aequa
1500 3232 1607 3330 lance

106 3381 279 3457 omnibus
305 3383 356 3455 ad
383 3382 512 3456 sedem
531 3380 779 3478 apostolicam
803 3380 1074 3479 confluentibus
1093 3381 1233 3455 iustitia
1252 3380 1404 3454 assidue
1422 3380 1605 3465 laborant,

107 3531 287 3582 concessa
314 3532 402 3580 esse
429 3508 675 3602 reperiuntur,
708 3521 750 3580 ut
775 3506 824 3578 ad
852 3507 1021 3580 tramites
1052 3505 1206 3579 rationis
1243 3505 1477 3580 reducamus.
1508 3504 1605 3579 Cum

107 3634 231 3729 itaque
261 3631 319 3705 ius
347 3631 451 3727 quod
478 3630 603 3705 dilecti
640 3631 700 3705 filii
739 3631 925 3729 Magister
961 3631 1073 3704 lulius
1112 3630 1305 3703 Oradinus
1341 3629 1531 3715 Decanus‚
1567 3645 1608 3703 et

107 3755 235 3854 reliqui
256 3757 474 3842 Auditores,
495 3781 540 3829 ac
558 3755 855 3830 locumtenentes
875 3755 1047 3830 moderni
1064 3779 1261 3830 causarum
1276 3755 1445 3828 eiusdem
1465 3753 1603 3850 palatii,

107 3882 321 3956 conserendi
348 3880 509 3955 officium
540 3881 770 3968 Notariatus,
801 3882 849 3954 de
876 3905 954 3978 quo
981 3880 1017 3952 in
1045 3881 1289 3978 praeinserta,
1320 3905 1386 3953 seu
1414 3879 1523 3954 aliter
1556 3880 1606 3954 de

104 4005 164 4080 illo
191 4005 427 4103 disponendi,
459 4004 616 4079 Decano
643 4020 709 4079 aut
735 4005 842 4079 alteri
871 4030 940 4102 pro
969 4022 1140 4101 tempore
1160 4004 1345 4092 Auditori,
1367 4003 1426 4078 vel
1446 4002 1606 4101 collegio

106 4130 271 4226 ipsorum
299 4130 525 4204 Auditorum
560 4143 600 4203 et
632 4128 975 4214 locumtenentium,
1012 4145 1184 4224 spectare
1219 4129 1484 4224 praetendunt,
1521 4130 1606 4202 sub·

106 4255 232 4343 latum,
250 4271 293 4330 ut
321 4280 440 4352 nuper
459 4254 681 4351 accepimus,
708 4279 755 4329 ex
783 4255 1017 4350 praeinserta
1038 4254 1283 4328 concessione
1301 4278 1387 4327 esse
1415 4253 1603 4328 videatur:

108 4380 197 4466 Nos,
215 4405 377 4478 quorum
405 4379 609 4455 voluntatis
637 4395 697 4452 est
723 4379 877 4478 gratias,
907 4379 987 4453 iura
1013 4395 1054 4470 ,et
1071 4378 1266 4476 privilegia
1284 4378 1428 4452 eisdem
1447 4377 1604 4451 Decano

104 4521 143 4579 et
169 4506 429 4591 AuditoribuS,
459 4505 682 4579 coniunctim
724 4505 783 4578 vel
824 4504 970 4578 divisim
1012 4527 1202 4590 concessa,
1239 4517 1279 4578 et
1319 4501 1604 4598 quomodolibet

106 4629 367 4726 competentia,
399 4653 473 4703 non
501 4629 622 4702 solum
651 4652 886 4712 conservare,
917 4627 986 4701 sed
1014 4628 1140 4724 potius
1167 4652 1309 4725 augere
1340 4650 1455 4722 quam
1498 4626 1603 4700 dimi·

105 4779 230 4840 nuere,
261 4779 308 4828 ne
336 4753 480 4828 dehac
509 4769 638 4828 nostra
665 4754 860 4828 voluntate
889 4753 1050 4827 dubitari
1079 4753 1256 4850 contigat,
1284 4775 1327 4825 ac
1362 4765 1403 4823 ut
1431 4751 1604 4826 omnibus

104 4880 324 4965 innotescat,
367 4879 474 4954 Motu
518 4877 672 4974 proprio
714 4894 785 4954 etc.
823 4901 1062 4974 nequaquam
1106 4877 1240 4951 mentis
1282 4891 1348 4950 aut
1388 4875 1604 4951 intentionis

105 5021 256 5078 nostrae
283 5006 318 5079 in
347 5006 506 5080 veritate
534 5003 662 5091 luisse,
691 5019 758 5076 aut
784 5027 870 5077 esse
897 5003 948 5077 ob
975 5003 1256 5079 concessionem
1284 5001 1430 5098 gratiae
1457 5001 1604 5097 praein-

104 5143 241 5216 sertae,
276 5130 607 5214 declarationesve,
645 5127 927 5225 derogationes,
965 5126 1161 5213 clausulas,
1200 5127 1352 5200 decreta
1384 5143 1423 5199 et
1450 5126 1605 5222 quasvis

102 5255 302 5328 verborum
329 5253 593 5350 expressiones
626 5253 663 5325 in
697 5251 757 5326 illa
785 5254 961 5349 apposita
993 5277 1149 5350 quoquo
1182 5249 1295 5324 modo
1327 5251 1604 5347 praeiudicandi

102 5379 244 5453 iuribus
271 5394 310 5454 et
337 5379 541 5477 privilegiis
568 5378 767 5452 antedictis
799 5403 868 5474 per
900 5393 1140 5475 praesentem
1174 5375 1409 5450 declaramus
1442 5392 1483 5449 et
1513 5375 1606 5448 nihi·
