3684 5920
712 265 871 336 Gregorio
889 265 977 324 XVI
1537 265 1593 324 649

79 459 227 531 ‚ctabat
257 455 424 530 lnfinitae
451 459 724 552 propemodum
754 459 854 531 fuere
883 457 1150 532 sollicitudines
1180 457 1257 530 sni
1286 457 1463 553 Principis
1488 473 1529 528 ut
1546 459 1596 530 ab

98 581 197 654 Urbe
224 579 412 680 flagellum
441 596 597 657 arceret.
628 581 704 656 Sed
733 584 959 658 incassum...

228 731 311 778 cum
339 731 386 779 ex
414 707 589 804 peculiari
616 707 733 802 ipsius
761 708 909 804 (morbi)
937 707 1062 780 indole
1099 724 1138 780 et
1170 731 1218 780 ex
1244 707 1400 782 aliarum
1437 707 1593 780 Urbium

95 829 379 904 loculentissimo
406 830 581 927 exemplo
609 831 769 906 fataliter
797 847 1030 927 compertum
1051 847 1254 927 appareret
1272 832 1490 927 permaximi
1509 857 1598 906 esse

96 955 302 1049 praeiudicii
331 972 554 1044 contactum,
588 957 681 1031 Emo
710 960 759 1032 ab
788 956 946 1032 Arcanis
974 981 1049 1053 ego
1077 957 1246 1053 exposui,
1277 982 1391 1052 quam
1421 983 1595 1031 necessa-

8 1173 12 1190 Ι
95 1083 185 1153 rium
214 1098 327 1168 esset,
357 1081 460 1176 quod
489 1083 526 1157 S.
559 1083 603 1158 N.
634 1082 811 1160 Tribunal
834 1107 890 1160 se
926 1083 1134 1157 abstineret
1168 1107 1191 1155 a
1226 1082 1594 1180 Congregationibus

96 1229 191 1300 quae
218 1221 324 1280 extra
351 1207 519 1280 ordinem
548 1206 758 1280 destinatae
778 1207 923 1281 lucrant
941 1232 1011 1302 pro
1031 1207 1164 1282 diebus
1186 1231 1227 1279 21
1255 1208 1436 1280 currentis
1459 1210 1594 1305 Augu-

96 1328 141 1400 sti
168 1343 208 1400 et
235 1353 260 1422 4
288 1343 328 1402 et
357 1354 400 1402 21
435 1329 548 1403 futuri
576 1329 715 1404 mensis
744 1330 990 1426 Septembris.
1030 1327 1144 1422 Quod
1172 1331 1366 1426 petieram,
1397 1329 1591 1405 obtinui...

790 1683 881 1762 545.

266 1845 496 1918 Laurentius
524 1844 732 1918 Alibrondz'
756 1845 794 1917 in
823 1846 1026 1918 Notarium
1056 1847 1174 1918 Rotae
1201 1845 1416 1917 assumitur.

167 1999 284 2146 (lim
295 1999 380 2069 Ros,
393 1999 643 2058 ‹Admisstones
652 1998 872 2058 Notariorum
882 1999 1097 2072 altorumque
1108 1998 1316 2074 Offict'att'um
1323 1997 1447 2057 Sacrae
1454 1997 1594 2068 Rotae»,

92 2095 166 2162 rae-
210 2090 257 2164 r).

572 2293 644 2365 Die
675 2296 722 2364 28
755 2291 1116 2386 Novembris1837.

169 2455 272 2528 Inter
299 2454 468 2528 victimas
498 2453 695 2528 nonnullas
729 2479 825 2549 quas
864 2457 1000 2528 misere
1038 2456 1214 2528 mactavit
1244 2454 1406 2527 Cholera
1434 2453 1594 2527 Morbus

92 2603 157 2674 per
185 2579 333 2654 Urbem
362 2579 573 2652 insaeviens
601 2579 668 2652 luit
694 2604 848 2676 quoque
876 2579 1061 2677 Tyberius
1091 2579 1267 2666 paradisi,
1290 2602 1386 2653 unus
1405 2605 1452 2653 ex
1473 2579 1593 2652 Nota-

91 2705 151 2776 riis
180 2703 403 2778 Officiorum
434 2703 634 2778 Rotalium.
657 2703 837 2799 Oportuit
865 2705 1001 2778 idcirco
1029 2703 1123 2778 alius
1143 2705 1179 2776 in
1199 2705 1278 2777 eius
1298 2704 1419 2776 locum
1439 2703 1591 2800 eligere.

91 2829 151 2902 Ad
179 2830 354 2902 tramites
384 2827 672 2903 Constitutionis
701 2854 730 2904 s,
752 2854 799 2903 m.
823 2829 1028 2902 Clementis
1058 2827 1144 2901 Xlll
1164 2829 1268 2901 Licet
1282 2828 1488 2902 curandum
1509 2854 1592 2902 cum

90 2979 219 3028 omnes
253 2955 464 3026 indistincte
482 2955 553 3027 etsi
573 2953 741 3028 extranei
759 2951 808 3026 ad
828 2977 964 3028 vacans
988 2954 1148 3026 officium
1173 2978 1394 3028 concurrere
1422 2968 1591 3050 possent,

91 3080 225 3166 curavi,
262 3078 367 3175 quod
404 3077 523 3152 infixis
559 3078 701 3162 edictis,
739 3079 874 3174 publici
909 3078 998 3152 iuris
1035 3079 1141 3152 fieret
1177 3077 1337 3151 indictus
1375 3103 1597 3176 concursus,

91 3202 246 3278 Praevia
277 3203 389 3302 igitur
418 3202 603 3277 Praesulis
631 3201 870 3278 Thesaurarii
899 3203 1112 3302 cognitione
1147 3228 1191 3276 ac
1229 3203 1515 3298 adprobatione,
1543 3202 1592 3274 ab

89 3329 259 3404 Antonio
289 3327 447 3404 Gadotti
476 3327 695 3402 Officiorum
725 3329 901 3402 Praeside
920 3353 963 3402 ac
982 3327 1284 3402 administratore
1304 3328 1402 3401 sacta
1421 3327 1490 3400 suit
1509 3351 1591 3399 con-

89 3453 319 3527 currentium
346 3453 582 3528 examinatio.
615 3450 814 3526 Candidati
852 3453 955 3526 luere
993 3452 1157 3549 Serpetti
1187 3451 1366 3549 Aloysius
1395 3451 1430 3524 in
1460 3452 1591 3524 iisdem

87 3577 218 3650 officiis
251 3577 397 3650 Primus
425 3576 680 3664 Substitutus;
709 3577 940 3675 Seraphinus
969 3575 1162 3659 Marinelli,
1184 3575 1379 3650 Secundus
1408 3576 1595 3650 Substitu-

89 3717 169 3787 tus;
201 3702 281 3775 duo
310 3703 577 3776 Procuratores
607 3702 772 3786 RotaleS,
804 3702 1028 3776 Laurentius
1057 3726 1193 3798 nempe
1222 3700 1416 3775 Alibrandi
1445 3716 1484 3774 et
1513 3699 1593 3773 Bal-

87 3827 225 3901 datxar
259 3825 406 3912 Nuvoli,
436 3842 475 3899 et
502 3827 654 3922 quidam
684 3828 846 3923 denique
875 3825 1055 3919 Quintini,
1085 3827 1226 3900 invenis
1255 3825 1427 3899 addictus
1458 3824 1593 3898 Officio

88 3951 323 4026 Tabellionis
356 3950 547 4026 Conflesti.
581 3951 679 4026 Fuse
717 3975 787 4046 per
821 3977 880 4024 me
917 3952 1144 4050 (Decanum)
1182 3951 1383 4048 exponitur
1414 3949 1450 4023 in
1479 3949 1596 4024 Libro

90 4077 282 4150 Decanalz'
306 4101 405 4172 qnae
433 4075 542 4152 fuerit
569 4077 616 4150 de
644 4077 833 4172 praesenti
862 4076 1028 4173 ipsorum
1058 4075 1248 4150 Rotalium
1277 4076 1481 4158 officiorum
1511 4097 1592 4147 con·

87 4201 192 4277 ditio.
227 4201 314 4274 Hac
341 4200 401 4275 die
429 4203 555 4296 itaque
584 4226 670 4299 eg0,
701 4227 774 4275 una
803 4227 885 4275 cum
915 4204 1064 4276 duobus
1093 4203 1141 4273 de
1171 4199 1343 4300 Collegio
1372 4201 1594 4304 Procurato-

88 4327 205 4414 ribns
238 4325 437 4402 Vincentio
466 4325 548 4398 Cini
575 4342 615 4400 et
644 4327 755 4400 Petro
785 4327 935 4400 Brenda
961 4327 1122 4400 examini
1151 4326 1288 4399 subieci
1317 4350 1450 4399 omnes
1486 4348 1596 4421 prae-

87 4453 228 4525 citatos
259 4451 488 4533 candidatos.
511 4466 550 4524 et
577 4478 660 4524 cum
690 4451 837 4550 dignior
865 4468 1044 4549 expertus
1072 4451 1182 4528 luerit
1201 4451 1454 4536 Alibrandius,
1474 4448 1596 4522 eidem

85 4593 268 4652 assuetas
298 4576 433 4650 tradidi
460 4576 606 4650 litteras
634 4592 808 4672 patentes
836 4593 1040 4673 postquam
1065 4577 1114 4650 ab
1132 4601 1179 4650 eo
1198 4577 1246 4649 de
1266 4575 1425 4650 fideliter
1444 4588 1483 4648 et
1499 4576 1598 4648 bene

84 4703 264 4802 gerendo
292 4727 447 4775 munere
475 4701 724 4776 iuramentum
752 4726 980 4799 receperam.

172 4829 318 4901 Eorum
347 4843 473 4902 autem
502 4828 566 4922 qui
594 4827 629 4899 in
659 4826 874 4921 praedictis·
887 4828 1015 4902 officiis
1045 4827 1296 4903 inserviunt...
1326 4825 1520 4901 elenchus:

173 4953 367 5026 Antonius
395 4951 564 5038 Gadotti,
596 4951 786 5040 Notarius,
819 4953 976 5027 Praeses
1003 4970 1043 5027 et
1072 4951 1379 5028 Administrator.

172 5077 402 5150 Laurentius
431 5077 564 5152 Petrus
593 5077 750 5164 Taddei,
780 5078 968 5152 secundus
998 5077 1188 5153 Notarius.

173 5203 404 5276 Laurentius
434 5202 638 5288 Alibrandi,
671 5203 804 5276 tertius
834 5202 1024 5276 Notarius.

104 5371 141 5450 ι.
176 5327 351 5418 Quartus
379 5329 565 5401 Notarius
591 5337 706 5404 vacat.
