3686 5916
725 339 906 400 Benedicto
924 337 1011 398 XIV
1563 335 1616 396 531

115 535 288 631 cipiendo
315 533 548 626 mandamus,
568 551 757 630 quatenus
775 557 823 606 ex
843 557 940 606 nunc
967 535 1164 630 antiquum
1194 533 1330 608 Curiae
1359 533 1506 631 stylum,
1528 534 1620 609 alias

115 658 291 758 religiose
324 674 527 746 servatum,
558 659 710 732 omnino
737 682 944 746 resumens,
977 658 1114 732 nullam
1142 658 1180 732 in
1213 674 1406 755 posterum
1436 659 1622 734 Commis-

117 784 261 858 sionem
289 787 338 860 ad
368 785 505 858 Rotam
533 783 716 858 directam
735 784 771 857 in
791 781 932 857 Causis-
955 783 1177 880 pecuniariis
1195 801 1261 859 aut
1280 784 1445 881 profanis
1465 783 1618 874 relaxet,

117 935 193 988 seu,
205 912 403 985 transitum
422 909 562 983 habere
580 911 689 994 sinat,
707 907 777 982 nisi
795 933 1016 1005 expressam
1036 909 1177 984 habeat
1193 909 1396 984 clausulam
1415 957 1442 968 -
1460 912 1622 987 Attento

117 1034 222 1132 quod
249 1034 375 1133 agitur
401 1034 450 1108 de
479 1032 606 1108 Causa
634 1035 725 1108 citra
754 1033 906 1108 Montes
934 1034 1161 1108 ascendente
1179 1035 1228 1110 ad
1247 1031 1414 1109 valorem
1442 1037 1621 1134 quingen·

118 1174 243 1233 torum
272 1174 465 1234 scutorum
501 1183 712 1246 aureorum,
743 1201 770 1214 -
798 1173 836 1232 et
865 1159 1074 1253 respective
1103 1159 1138 1231 in
1169 1157 1304 1232 Causis
1332 1159 1497 1255 profanis
1525 1160 1623 1237 ultra

120 1283 282 1370 Montes,
313 1283 382 1358 nisi
409 1283 546 1358 habeat
574 1281 741 1358 clausula
767 1326 794 1338 -
822 1283 983 1356 Attento
1015 1281 1119 1379 quod
1155 1283 1281 1381 agitur
1308 1282 1356 1357 de
1383 1309 1498 1360 causa
1524 1287 1622 1361 ultra

119 1409 272 1484 Montes
300 1409 532 1482 ascendente
558 1408 609 1482 ad
635 1407 803 1482 valorem
840 1422 1033 1481 scutorum
1071 1407 1171 1481 mille
1203 1407 1294 1482 auri.
1325 1453 1351 1462 -
1379 1408 1512 1484 Itidem
1540 1410 1623 1484 dili-

117 1551 255 1632 genter
281 1534 464 1619 attendat,
496 1559 542 1606 ne
575 1531 772 1605 transitum
809 1531 948 1606 habeat
984 1531 1110 1628 aliqua
1148 1531 1375 1608 Commissio
1412 1535 1448 1608 in
1486 1534 1623 1612 Causis

120 1657 404 1734 Beneficialibus
433 1657 557 1732 Rotae
586 1657 728 1742 directa
766 1655 835 1728 nisi
872 1655 1010 1730 habeat
1046 1656 1249 1731 clausulam
1277 1700 1302 1712 ··
1330 1659 1492 1734 Attento
1519 1661 1624 1758 quod

120 1783 246 1882 agitur
282 1784 330 1856 de
369 1782 567 1868 Beneficio,
596 1796 663 1856 aut
698 1779 746 1852 de
784 1779 981 1866 Pensione,
1011 1781 1220 1856 excedente
1256 1804 1419 1856 annuum
1457 1782 1624 1860 valorem

120 1907 417 2004 vigintiquatuor
450 1905 672 1980 ducatorum
709 1903 791 1979 auri
827 1903 876 1979 de
914 1903 1077 1978 Camera
1112 1949 1138 1959 -
1165 1905 1225 1980 vel
1259 1951 1286 1962 —
1321 1907 1483 1982 Attento
1520 1913 1624 2008 quod

121 2031 249 2130 agitur
275 2034 323 2106 de
351 2033 471 2126 prima
500 2029 697 2129 Dignitate
723 2028 759 2110 in
789 2026 1005 2103 Cathedrali
1033 2029 1093 2102 vel
1123 2028 1346 2128 Collegiata.

146 2213 149 2218 .
202 2156 284 2230 Pari
313 2158 458 2231 ratione
485 2154 685 2254 diligenter
713 2155 900 2240 observet,
932 2170 974 2227 ut
1001 2155 1038 2227 in
1068 2154 1405 2231 Commissionibus
1431 2157 1480 2231 ad
1511 2159 1624 2234 Prae-

121 2281 220 2354 latos
248 2297 356 2354 extra
383 2280 534 2363 Rotam,
555 2277 613 2352 vel
642 2281 754 2352 etiam
782 2276 831 2351 ad
854 2279 972 2375 ipsius
992 2279 1115 2352 Rotae
1135 2279 1341 2355 Auditores
1360 2283 1412 2356 uti
1433 2283 1625 2361 Praelatos

124 2406 340 2503 dirigendis,
370 2405 401 2478 si
429 2422 566 2504 agatur
593 2404 640 2477 de
670 2403 806 2477 Causis
834 2401 1069 2500 pecuniariis,
1100 2417 1166 2477 aut
1191 2405 1369 2502 profanis,
1398 2407 1497 2482 adsit
1525 2410 1626 2485 clau·

122 2530 205 2605 sula
232 2573 258 2584 -
285 2531 446 2604 Attento
475 2528 578 2624 quod
607 2528 733 2627 agitur
764 2529 811 2602 de
849 2527 975 2603 Causa
1012 2529 1103 2602 citra
1141 2529 1294 2604 Montes
1331 2531 1423 2606 infra
1458 2534 1625 2610 valorem

121 2655 414 2755 quingentorum
442 2668 635 2729 scutorum
663 2677 863 2727 aureorum
891 2678 1067 2728 -seu-
1097 2651 1206 2728 Ultra
1234 2655 1388 2730 Montes
1416 2656 1508 2732 infra
1527 2659 1626 2735 valo·

121 2805 203 2854 rem
231 2795 422 2856 scutorum
450 2778 550 2852 mille
578 2803 799 2866 aureorum;
827 2775 920 2850 -Si
948 2801 1038 2852 vero
1075 2795 1212 2876 agatur
1239 2778 1287 2854 de
1316 2781 1451 2856 Causis
1481 2784 1626 2858 Benefi-

119 2905 286 2990 cialibus‚
307 2929 489 3002 expressa
512 2903 561 2976 sit
588 2901 754 2976 clausula
771 2946 799 2958 -
817 2903 978 2977 Attento
997 2901 1101 2998 quod
1127 2905 1253 3002 agitur
1271 2903 1319 2979 de
1339 2905 1536 2996 Beneficio,
1559 2935 1626 2984 seu

123 3031 173 3104 de
201 3028 395 3116 Pensione,
427 3054 500 3104 non
528 3029 734 3103 excedente
762 3052 927 3103 annuum
955 3027 1122 3102 valorem
1150 3027 1447 3126 vigintiquatuor
1474 3034 1627 3110 ducato-

123 3181 207 3229 rum
235 3153 317 3228 auri
344 3153 392 3228 de
422 3153 594 3228 Camera.

206 3278 245 3353 Si
273 3304 363 3353 vero
391 3279 596 3376 contingat,
627 3276 730 3374 quod
759 3275 886 3374 aliqua
913 3275 1050 3364 Causa,
1082 3300 1180 3374 quae
1208 3294 1363 3377 propter
1390 3281 1506 3377 ipsius
1535 3309 1629 3382 qua-

123 3403 279 3488 litatem,
303 3419 369 3476 aut
396 3403 575 3487 valorem,
596 3402 812 3499 praedictae
842 3401 966 3477 Rotae
994 3401 1195 3476 Auditorio
1224 3404 1492 3480 committenda
1511 3425 1627 3499 esset,

124 3531 177 3604 ob
203 3527 366 3602 Partium
400 3526 682 3626 collitigantium
720 3551 956 3611 consensum,
986 3525 1094 3600 alicui
1132 3527 1304 3604 Praelato
1345 3546 1452 3606 extra
1490 3533 1628 3608 Rotam

125 3654 397 3729 committatur:
427 3651 486 3727 vel
515 3669 656 3738 contra,
678 3651 803 3748 aliqua
832 3649 959 3724 Causa
985 3651 1036 3724 ad
1055 3653 1176 3725 lorum
1197 3651 1332 3728 Curiae
1354 3653 1529 3751 Capitolii
1548 3684 1629 3754 per·

124 3779 262 3866 tinens,
283 3803 350 3850 seu
379 3793 536 3874 propter
562 3776 681 3872 ipsius
708 3772 927 3872 qualitatem
946 3789 985 3849 et
1002 3773 1168 3850 valorem
1196 3777 1304 3852 alicui
1333 3778 1504 3855 Praelato
1523 3798 1631 3857 extra

127 3903 267 3977 Rotam
296 3899 574 3984 committenda,
604 3901 655 3974 ob
682 3898 894 3974 huiusmodi
923 3899 1086 3974 Partium
1115 3922 1352 3990 consensum,
1383 3905 1506 3979 Rotae
1534 3932 1631 3982 com·

126 4027 316 4102 mittatur:
346 4027 386 4099 ln
414 4025 572 4124 singulis
601 4024 737 4098 Causis
765 4025 967 4122 praedictis
995 4023 1094 4098 idem
1120 4023 1299 4102 Officialis
1318 4028 1367 4101 ad
1387 4028 1633 4108 Commissio-

127 4175 217 4226 num
246 4151 468 4225 revisionem
498 4150 702 4247 deputatus
730 4151 916 4237 advertat,
945 4165 987 4222 ut
1019 4150 1055 4222 in
1084 4147 1360 4226 Commissione
1396 4153 1496 4228 adsit
1533 4156 1633 4230 clau·

127 4275 211 4350 sula
231 4319 256 4330 -
274 4275 435 4350 Attento
463 4297 648 4349 consensu
678 4272 860 4360 Partium;
879 4316 906 4326 -
925 4271 975 4348 Et
1002 4274 1106 4371 quod
1132 4299 1155 4348 a
1184 4289 1295 4373 tergo
1315 4275 1633 4355 commissionum

127 4399 340 4474 huiusmodi
368 4399 491 4474 dictus
520 4421 726 4472 consensus
754 4423 823 4495 per
851 4397 1117 4472 Procuratores
1146 4398 1309 4474 Partium
1338 4401 1631 4502 collitigantium,

129 4539 244 4622 prout
271 4523 444 4619 superius
473 4522 793 4621 praescripsimus
821 4547 909 4596 vere
939 4523 987 4596 sit
1013 4523 1237 4620 praestitus;
1268 4521 1383 4616 Quod
1403 4527 1435 4600 si
1455 4526 1635 4604 officialis

128 4649 347 4746 praedictus
366 4649 402 4722 in
421 4647 650 4744 praemissis,
671 4645 730 4722 vel
759 4671 889 4720 eorum
909 4644 1045 4744 aliquo,
1068 4647 1247 4723 iniuctum
1266 4647 1335 4723 sibi
1354 4674 1491 4724 munus
1511 4653 1635 4752 negle-

129 4773 239 4860 xerit,
269 4797 402 4848 omnes
431 4789 471 4847 et
498 4770 667 4871 singulas
695 4797 893 4869 expensas,
924 4771 1036 4845 etiam
1074 4772 1381 4862 extraiudiciales,
1412 4802 1436 4850 a
1464 4775 1638 4853 Partibus

129 4897 262 4984 factas,
282 4912 359 4972 tam
387 4921 456 4995 pro
486 4898 568 4995 ipsa
597 4897 778 4970 mendosa
807 4895 1094 4983 Commissione,
1116 4922 1230 4994 quam
1248 4922 1320 4995 pro
1339 4900 1638 4999 quibuscumque

128 5021 277 5098 actibus
305 5020 391 5096 inde
419 5021 567 5106 secutis,
597 5021 741 5095 eisdem
770 5021 941 5095 Partibus
970 5021 1131 5106 reficere,
1153 5045 1196 5095 ac
1224 5022 1272 5095 de
1301 5048 1372 5097 suo
1390 5024 1543 5100 omnino
1563 5027 1641 5101 sol-

128 5169 221 5222 vere
249 5161 434 5234 teneatur,
464 5169 509 5220 ac
537 5162 735 5242 praeterea
762 5168 926 5244 poenam
954 5144 1172 5221 remotionis
1209 5147 1258 5220 ab
1294 5147 1430 5235 officio,
1460 5175 1528 5224 seu
1565 5151 1641 5248 pri-

129 5269 291 5346 vationis
315 5269 496 5357 eiusdem,
518 5269 670 5345 arbitrio
690 5269 844 5358 Nostro
866 5287 906 5344 et
925 5269 1194 5345 Successorum
1214 5269 1442 5347 Nostrorum
1462 5275 1640 5354 incurrat.

213 5395 263 5470 Et
291 5395 443 5492 quidem
471 5395 683 5470 huiusmodi
710 5396 948 5470 decretorum
977 5411 1016 5470 et
1044 5411 1271 5470 statutorum
1301 5397 1543 5487 Nostrorum,
1565 5400 1641 5475 for-
