3720 5914
683 270 876 330 Innocentio
905 269 989 330 VIII
1536 269 1593 330 223

174 467 194 562 ᾖ
227 489 286 544 ιι.
307 464 464 539 Necnon
483 465 586 538 iuxta
605 464 911 539 constitutionem
932 464 1155 540 Viennensis
1175 447 1339 552 Concilii,
1360 488 1435 560 que
1453 463 1591 562 incipit.

96 589 159 662 Ad
186 587 493 686 compescendas,
524 604 724 684 sequestra
752 589 964 674 decernere,
995 589 1110 664 libere
1138 604 1177 663 et
1203 589 1301 664 licite
1328 588 1488 665 valeant.

173 716 193 810 ᾖ
228 738 284 787 12.
316 713 403 788 Non
430 713 669 788 obstantibus
696 711 901 809 premissis,
932 737 976 788 ac
1003 713 1343 799 constitutionibus,
1374 728 1414 786 et
1444 711 1594 787 ordina-

95 839 256 915 tionibus
284 838 514 935 Apostolicis
542 840 753 934 ceterisque
781 839 977 913 contrariis
1005 839 1315 936 quibuscumque.

176 961 278 1038 Nulli
303 989 399 1063 ergo
426 978 497 1038 etc.
527 962 566 1038 Si
594 963 679 1059 quis
705 979 833 1038 autem
860 980 931 1040 etc.

175 1088 318 1163 Datum
347 1089 479 1174 Rome,
509 1086 611 1185 apud
638 1086 817 1162 Sanctum
846 1088 1007 1173 Petrum,
1038 1089 1151 1164 Anno
1178 1086 1444 1162 incarnationis
1468 1087 1593 1163 Domi·

97 1213 174 1287 nice
204 1212 399 1288 millesimo
417 1213 791 1311 quadringentesimo
809 1213 1068 1312 octuagesimo
1088 1214 1260 1312 septimo,
1281 1211 1407 1286 Idibus
1425 1212 1592 1300 Ianuarii,

99 1337 338 1413 Pontificatus
366 1338 485 1412 nostri
512 1338 627 1413 Anno
654 1353 803 1434 quarto.

810 1669 896 1748 133.

102 1831 330 1906 Innocentius
366 1831 473 1908 VIII
498 1833 744 1906 Auditoribns
777 1833 896 1906 Rotae
931 1834 1095 1919 mandat,
1135 1831 1429 1908 constitutionem
1465 1833 1595 1908 Finem

176 1956 304 2032 litibus
330 1957 372 2030 in
397 1956 493 2032 libro
521 1956 824 2032 Constituteonnm
852 1959 970 2032 Rotae
995 1957 1196 2034 describere
1222 1966 1258 2032 et
1285 1959 1481 2056 quotannis
1515 1982 1597 2032 cnm

177 2081 308 2155 ceteris
335 2081 453 2156 Rotae
482 2081 800 2156 Constitntebnibns
826 2082 867 2156 in
897 2083 956 2157 die
982 2083 1198 2183 aperitionc's
1224 2081 1338 2156 Sacri
1368 2081 1594 2166 Tra‘bnnclc's,

176 2205 337 2303 expletis
365 2206 464 2281 seriis
493 2208 742 2307 generalibus,
766 2207 909 2306 publccc
935 2207 1065 2305 legere.

103 2451 150 2520 Η
173 2363 294 2512 (5211OE
313 2361 401 2436 Ror,
422 2361 683 2422 «Ordr‘nanones
695 2388 719 2436 ι,
735 2368 823 2438 part.
836 2362 865 2438 1,
882 2379 916 2422 n.
930 2361 1011 2434 xlc,-
1027 2362 1220 2424 ·Constr'tut.
1238 2363 1311 2423 Rot.
1329 2362 1407 2423 Pal.
1420 2363 1562 2438 Apostol.
1575 2387 1598 2438 ι,

119 2467 155 2509 0.
222 2461 243 2521 l.

1420 2597 1498 2658 Sine
1515 2599 1599 2660 data

179 2761 501 2838 Constitutionem
537 2781 717 2852 nostram,
755 2788 826 2861 pro
857 2761 1082 2863 litigantium
1119 2765 1155 2839 in
1205 2765 1345 2861 palatio
1389 2761 1598 2863 apostolico

103 2886 326 2962 relevamine
339 2887 479 2961 editam
494 2905 630 2984 quarto
648 2888 737 2963 Idus
756 2889 920 2974 ianuarii,
943 2889 1186 2964 Pontificatus
1201 2889 1321 2964 nostri
1334 2911 1433 2965 anno
1447 2903 1595 2987 quarto,

104 3027 140 3086 et
171 3012 208 3086 iu
246 3011 480 3086 Cancellaria
517 3011 726 3110 apostolica
767 3012 815 3090 de
855 3014 1034 3088 mandato
1075 3029 1206 3090 nostro
1246 3012 1484 3112 publicatam,
1522 3037 1599 3110 que

104 3137 244 3236 incipit:
275 3136 406 3211 Fenem
431 3136 565 3224 lctibus,
596 3139 799 3214 observare
836 3139 1040 3235 cupientes,
1072 3138 1230 3213 Dilectis
1262 3138 1364 3214 Filiis
1400 3163 1599 3214 causarum

106 3263 188 3338 dicti
208 3262 337 3361 palatii
355 3261 602 3338 Auditoribus
630 3264 853 3338 mandamus
873 3279 914 3337 ut
932 3262 1031 3338 illam
1059 3263 1155 3338 inter
1172 3264 1264 3340 alias
1283 3264 1454 3340 eiusdem
1473 3263 1602 3361 palatii

105 3387 389 3463 constitutiones
416 3386 452 3461 iu
480 3385 575 3462 libro
602 3387 639 3461 in
657 3412 735 3484 quo
762 3388 821 3462 ille
841 3389 1027 3486 descripte
1056 3403 1155 3473 sunt,
1185 3387 1356 3472 describi,
1376 3405 1416 3464 et
1443 3388 1601 3488 singulis

104 3513 215 3601 annis,
237 3513 330 3587 dum
348 3510 419 3586 alie
437 3511 723 3588 constitutiones
740 3511 909 3610 predicte
927 3513 1105 3612 leguntur
1121 3515 1242 3611 prima
1258 3513 1321 3587 die
1338 3537 1416 3610 qua
1433 3512 1601 3587 decursis

105 3635 199 3712 leriis
226 3638 406 3712 messium
435 3651 475 3711 et
501 3635 772 3711 vindemiarum
800 3637 849 3711 ad
881 3635 961 3712 iura
989 3635 1223 3711 reddendum
1252 3636 1386 3712 sedere
1413 3635 1599 3736 incipient,

105 3763 180 3857 pari
208 3761 335 3848 modo,
366 3761 463 3835 sicut
488 3759 560 3835 alle
586 3761 774 3860 leguntur,
794 3759 871 3860 legi
888 3759 1024 3836 iaciant
1044 3777 1084 3836 et
1110 3775 1325 3858 procurent,

179 3888 354 3962 volentes
381 3885 581 3960 assertioni
608 3885 804 3960 Auditoris
832 3911 1030 3962 causarum
1062 3885 1287 3974 huiusmodi,
1317 3887 1524 3960 asserentis
1560 3911 1603 3960 se

104 4012 254 4109 aliquod
283 4010 332 4085 de
359 4010 446 4086 inibi
475 4011 671 4099 contentis,
702 4012 750 4087 de
791 4011 956 4100 consilio,
987 4036 1054 4086 seu
1095 4036 1293 4098 consensu,
1329 4010 1601 4087 Coauditorum

105 4161 255 4212 suorum
274 4136 409 4226 lacere,
434 4137 562 4234 quoad
582 4137 776 4211 consilium
795 4155 834 4212 et
853 4161 1079 4212 consensum
1098 4135 1311 4211 huiusmodi
1330 4137 1422 4212 stari
1449 4151 1489 4211 et
1506 4135 1602 4212 alte-

106 4261 178 4336 rius
204 4262 439 4360 probationis
476 4260 740 4337 adminiculum
779 4285 853 4338 uon
881 4261 1032 4360 requiri.
1076 4305 1093 4318 -
1133 4261 1271 4348 Placet,
1300 4271 1336 4336 et
1366 4263 1419 4337 ita
1445 4262 1602 4336 manda·

106 4409 192 4460 mus.
223 4387 255 4463 l.
