3688 5924
244 317 282 377 48
873 315 1010 374 soeculo
1028 313 1119 374 XIII

244 512 292 584 de
315 509 413 583 lacto
431 531 557 584 coram
586 509 692 583 nobis
720 508 844 583 dicere
871 533 915 582 ac
943 531 1157 604 proponere
1185 507 1393 595 voluerunt,
1424 510 1677 606 conclusoque
1706 512 1739 584 in

240 657 366 721 causa,
387 634 556 730 partibus
585 634 782 707 terminum
802 633 1079 731 assignavimus
1098 631 1147 706 ad
1166 633 1389 708 sententiam
1408 633 1645 709 audiendam.
1667 635 1742 709 Sed

243 785 328 834 curn
347 758 459 833 iudex
477 774 565 832 ante
593 759 778 832 sententie
807 757 1054 854 prolationem
1083 757 1208 831 omnia
1226 773 1310 832 acta
1328 781 1442 834 cause
1471 759 1687 834 examinare
1706 776 1743 833 et

242 885 469 981 investigare
488 883 627 959 debeat
645 882 853 980 diligenter,
875 907 955 968 nos,
979 881 1075 956 dicte
1094 905 1207 956 cause
1225 883 1319 956 actis
1343 882 1597 980 sollempniter
1616 908 1743 958 recen·

241 1009 334 1093 sitis,
350 1011 429 1083 visa
448 1009 629 1106 petitione
647 989 774 1084 coram
795 1007 941 1104 prelato
961 1009 1144 1106 magistro
1163 1008 1210 1084 G.
1232 1008 1330 1082 iacta
1348 1024 1389 1083 et
1407 1011 1680 1085 contestatione
1700 1035 1743 1084 ac

243 1137 489 1231 responsione
507 1134 642 1210 habitis
661 1157 785 1208 coram
805 1159 863 1218 eo,
885 1133 974 1207 visis
1003 1135 1250 1228 positionibus
1269 1148 1308 1208 et
1328 1134 1634 1230 responsionibus
1658 1161 1743 1233 par·

242 1262 335 1334 tium
353 1259 569 1344 earundem,
589 1259 679 1333 visis
697 1274 737 1334 et
756 1259 956 1356 diligenter
973 1257 1151 1356 inspectis
1169 1259 1425 1332 instrumentis
1449 1259 1531 1334 hinc
1551 1259 1637 1335 inde
1655 1287 1744 1359 pro-

240 1384 374 1470 ductis,
396 1384 712 1470 attestationibus,
743 1383 882 1457 iuribus
901 1399 940 1458 et
969 1383 1175 1457 rationibus
1198 1406 1242 1456 ac
1263 1380 1551 1480 allegationibus
1579 1386 1742 1480 partium

243 1510 424 1584 universis
438 1525 477 1582 et
491 1534 605 1605 super
620 1508 688 1582 hiis
702 1507 875 1582 omnibus
895 1493 1087 1582 ndbiscum
1108 1508 1263 1603 provida
1278 1505 1545 1584 deliberatione
1564 1509 1689 1584 habita
1705 1527 1744 1585 et

240 1632 396 1708 consilio
416 1635 630 1730 peritorum,
653 1632 809 1706 dicimus
828 1658 871 1706 ac
890 1633 1176 1728 pronuntiamus
1194 1631 1232 1705 in
1250 1631 1409 1728 scriptis,
1432 1634 1636 1729 predictam
1656 1661 1742 1732 pre-

242 1760 403 1834 bendam
420 1757 469 1832 ad
489 1759 627 1831 dictum
643 1756 844 1832 Riboldum
863 1759 1052 1854 pertinere
1067 1758 1115 1831 de
1134 1757 1212 1832 iure
1226 1773 1266 1831 et
1280 1782 1364 1832 eam
1383 1758 1452 1832 sibi
1472 1757 1741 1846 adiudicantes‚

239 1883 476 1958 collationem
504 1898 543 1956 et
580 1881 838 1956 investituram
876 1905 919 1956 ac
956 1883 1208 1978 possessionis
1245 1883 1496 1957 inductionem
1533 1885 1742 1980 predictam

238 2009 506 2104 approbamus,
529 2007 743 2104 dictumque
763 2005 961 2080 Albertum
980 2008 1030 2081 ab
1048 2005 1131 2102 ipsa
1150 2007 1344 2103 prebenda
1362 2006 1616 2082 nichilominus
1635 2033 1743 2082 amo-

241 2158 373 2208 vemus
401 2157 470 2228 per
487 2151 654 2207 nostram
674 2132 909 2216 sententiam,
931 2132 1053 2206 eidem
1074 2134 1120 2206 A.
1144 2156 1259 2228 super
1277 2132 1347 2204 hiis
1375 2147 1599 2229 perpetuum
1629 2135 1743 2207 silen-

240 2258 333 2332 tium
361 2258 607 2353 imponentes,
628 2281 672 2330 ac
700 2256 901 2352 ipsum·ad
928 2255 1187 2330 dimittendam
1214 2271 1254 2330 et
1279 2257 1550 2332 restituendam
1571 2257 1741 2355 (dictam)

239 2382 470 2478 prebendam
499 2381 645 2478 prelato
664 2381 723 2466 R..
745 2405 829 2453 cum
849 2380 1029 2455 fructibus
1047 2380 1133 2455 inde
1152 2379 1341 2477 perceptis
1359 2381 1418 2454 vel
1436 2407 1567 2456 eorum
1587 2384 1742 2456 extima·

241 2507 379 2581 tionem
408 2530 475 2602 per
503 2521 670 2580 nostram
699 2507 921 2578 sententiam
950 2504 1280 2601 condempnamus‚
1304 2505 1411 2580 nobis
1431 2506 1620 2581 taxatione
1643 2508 1743 2602 ipso-

237 2656 321 2704 rum
341 2633 376 2704 in
395 2647 588 2727 posterum
609 2645 809 2705 reservata.
830 2628 1001 2703 Tulimus
1020 2645 1147 2704 autem
1167 2630 1373 2726 predictam
1393 2631 1617 2704 sententiam
1638 2633 1742 2728 apud

241 2755 552 2832 Urbemveterem
578 2757 615 2828 in
643 2777 791 2829 camera
820 2771 958 2840 nostra,
994 2755 1231 2850 presentibus
1269 2757 1416 2841 lac0b0,
1446 2757 1494 2830 de
1528 2757 1562 2829 Τ
1563 2757 1743 2856 honengo

239 2882 460 2955 canonico...
489 2881 630 2953 domini
658 2903 757 2976 pape
776 2878 986 2975 capellano;
1008 2879 1218 2962 Guillelmo‚
1240 2880 1500 2956 archidiacono
1523 2880 1742 2977 Yporiensi;

237 3003 420 3102 magistro
450 3003 653 3087 Bernardo,
675 3003 936 3078 archidiacono
957 3001 1176 3090 Vasatensi;
1198 3003 1406 3091 Carrando,
1426 3005 1742 3102 archipresbitero

236 3128 287 3202 de
306 3128 454 3212 Grana;
484 3185 547 3204 .....
577 3145 617 3202 et
637 3126 837 3202 Guillelmo
855 3127 903 3202 de
923 3127 1070 3213 Crema,
1101 3128 1257 3214 notario,
1288 3129 1458 3214 testibus,
1488 3144 1528 3204 et
1555 3132 1739 3226 partibus,

238 3252 411 3326 videlicet
426 3251 586 3327 Riboldo
601 3253 649 3326 de
665 3251 862 3326 Bonefatio
876 3277 920 3326 ac
936 3251 1134 3327 Maniredo
1149 3254 1197 3326 de
1212 3253 1366 3328 Rosate.
1388 3254 1426 3326 ln
1444 3255 1548 3328 cuius
1563 3255 1616 3329 rei
1636 3259 1741 3330 testi·

199 3389 207 3412 ¹
240 3377 403 3450 monium
423 3393 462 3450 et
488 3377 652 3450 suturam
681 3377 897 3450 memoriam
925 3378 1205 3472 premissorum,
1236 3380 1483 3476 prescriptam
1511 3381 1742 3454 sententiam

238 3517 405 3575 nostram
425 3527 492 3597 per
511 3501 784 3597 infrascriptum
808 3499 1045 3576 tabellionem
1066 3517 1236 3577 nostrum
1255 3504 1364 3578 scribi
1382 3521 1422 3578 et
1441 3505 1621 3600 publicari
1638 3531 1742 3579 man-

234 3626 407 3700 davimus
427 3643 466 3700 et
486 3624 593 3725 sigilli
616 3626 732 3700 nostri
751 3629 983 3722 appensione
1002 3627 1133 3701 muniri
1156 3631 1228 3703 sub
1246 3653 1345 3704 anno
1367 3627 1518 3704 Domini
1538 3642 1739 3716 nccnx1110,

233 3750 298 3825 die
326 3761 370 3823 11⁸
397 3752 569 3824 exeuntis
596 3751 773 3834 octobris,
805 3750 1009 3824 indictione
1038 3750 1115 3835 Vll,
1146 3752 1383 3848 pontificatus
1415 3754 1554 3828 domini
1594 3755 1741 3829 Urbani

235 3901 333 3973 pape
353 3877 427 3962 llll,
447 3901 546 3950 anno
571 3876 692 3950 tertio.
717 3875 801 3973 Ego
823 3875 925 3949 Paris
945 3877 993 3949 de
1014 3875 1179 3973 Spoleto,
1203 3879 1380 3964 notarius,
1413 3878 1611 3976 prolationi
1640 3880 1741 3954 dicte

233 4001 422 4074 sententie
458 4025 617 4096 presens
654 3999 801 4073 interlui
829 4015 868 4072 et
896 3999 1073 4074 mandato
1101 4000 1258 4095 predicti
1286 3997 1439 4076 domini'
1457 4001 1664 4088 cardinalis,
1697 4019 1741 4076 ut

238 4149 353 4221 supra
380 4124 525 4220 legitur,
556 4125 698 4220 scripsi,
728 4123 913 4220 publicavi
940 4137 980 4198 et
1006 4115 1091 4198 ineo
1120 4125 1228 4223 signo
1255 4140 1438 4200 consueto
1466 4127 1666 4224 signavi».

325 4249 489 4322 «Tenor
516 4273 607 4322 vero
636 4248 871 4324 instrumenti
890 4247 1142 4335 ordinationis,
1164 4251 1303 4325 arbitrii
1323 4276 1389 4325 seu
1410 4249 1636 4325 diffinitionis
1656 4277 1741 4324 car·

234 4371 369 4446 dinalis
398 4373 566 4446 eiusdem
595 4389 654 4447 est
682 4372 782 4449 talis:
