3686 5916
726 305 893 363 Clemente
911 303 1001 363 XIII
1555 304 1612 364 589

113 515 225 578 ctum,
247 499 363 570 satius
387 497 477 582 lore,
500 497 636 570 nedum
667 496 812 570 illorum
843 495 1106 570 Notariatuum
1136 497 1383 570 conditionem
1406 523 1481 592 qua
1501 524 1613 573 vena-

113 621 196 695 liter
215 621 264 695 ad
284 623 397 694 vitam
417 622 727 706 concedebantur,
745 623 952 706 immutare,
969 622 1038 694 sed
1058 622 1262 718 gratuitam
1283 646 1438 717 prorsus
1455 624 1613 697 reddere

111 748 162 820 ad
190 771 258 822 eos
291 748 524 820 exercendos
556 745 856 844 deputationem:
894 745 1033 820 Idcirco
1066 771 1114 819 ex
1148 748 1264 844 ipsius
1295 747 1614 846 Congregationis

112 897 238 955 sensu,
272 873 426 944 Decano
461 871 548 944 dicti
577 871 774 954 Auditorii,
806 887 844 944 et
879 872 1000 944 eidem
1041 871 1227 970 Magistro
1264 871 1377 945 Paulo
1413 873 1614 948 Francisco

112 996 316 1070 iniunctum
345 997 421 1081 luit,
445 1013 485 1068 ut
513 998 584 1092 ipsi
612 1013 863 1092 opportunam
885 997 1113 1078 methodum,
1136 1021 1220 1092 qua,
1244 997 1392 1070 sublata
1412 999 1614 1072 venalitate

113 1120 344 1205 Officiorum,
382 1123 520 1194 rectius
557 1121 617 1194 illa
650 1121 1010 1200 administrarentur,
1048 1123 1318 1220 excogitarent.
1358 1123 1454 1194 Cum
1486 1139 1613 1197 autem

113 1245 271 1342 provido
300 1245 465 1330 consilio
486 1245 729 1344 diligentique
757 1269 873 1341 opere
901 1247 1120 1319 eorumdem
1142 1247 1284 1320 Decaui
1305 1247 1611 1338 dictiAuditorii,

112 1387 154 1444 et
183 1369 357 1467 Magistri
385 1371 487 1443 Pauli
517 1370 703 1444 Francisci
730 1369 958 1444 demandata
990 1371 1201 1456 methodus
1233 1387 1321 1466 post
1357 1373 1484 1467 plures
1519 1374 1616 1446 inter

112 1521 181 1569 eos
210 1495 360 1570 habitos
388 1518 626 1592 congressus
656 1495 894 1579 concordata,
925 1511 964 1568 et
992 1495 1181 1592 descripta
1210 1497 1351 1578 luisset,
1382 1497 1501 1570 aede
1534 1499 1616 1594 ipsa

112 1620 251 1694 certior
278 1620 398 1694 factus
427 1619 641 1714 praedictus
665 1619 940 1694 Thesaurarius
969 1619 1167 1694 Generalis
1196 1621 1260 1718 qui
1299 1623 1494 1717 perutilem
1533 1623 1616 1694 huic

112 1747 168 1818 rei
197 1744 354 1818 contulit
381 1767 546 1839 operam,
569 1745 616 1816 nil
645 1744 893 1818 obiiciendum
914 1745 1221 1840 deprehenderit:
1243 1745 1281 1818 ln
1302 1762 1495 1842 postrema
1516 1746 1617 1820 Con-

112 1869 339 1966 gregatione
367 1869 427 1942 die
458 1875 497 1960 5⁸
524 1869 711 1963 presentis
743 1869 886 1942 Mensis
915 1869 1051 1956 habita,
1083 1873 1131 1944 ab
1160 1871 1250 1967 ipsis
1285 1870 1545 1944 Cardinalibus
1578 1885 1618 1945 et

113 1994 308 2080 Praelatis‚
337 1993 485 2067 ineam
524 2011 565 2066 ut
599 1994 808 2089 praefertur
844 1993 1007 2079 adscitis,
1039 1995 1200 2068 unanimi
1235 2012 1336 2079 voto,
1369 1995 1471 2090 quod
1511 1997 1617 2070 nobis

115 2119 279 2216 proponi
307 2135 438 2214 posset
465 2119 719 2192 existimatum
748 2119 825 2194 luit.

199 2243 280 2316 Nos
308 2245 431 2340 igitur,
463 2245 526 2340 qui
556 2243 733 2340 providas
770 2243 1037 2328 ordinationes,
1070 2245 1395 2342 resolutionesque
1433 2247 1468 2318 in
1506 2271 1617 2342 prae-

117 2367 244 2442 missis
273 2368 450 2442 Articulis
478 2369 657 2466 digestaS,
690 2395 757 2442 nec
787 2393 859 2442 non
888 2371 1106 2442 methodum
1144 2393 1214 2464 pro
1250 2369 1467 2443 eorumdem
1499 2371 1616 2446 Nota-

118 2495 280 2568 riatuum
311 2494 646 2568 Administratione
665 2493 900 2592 designatam
921 2510 1065 2568 mature
1085 2495 1364 2591 perpendimus,
1385 2496 1620 2570 haecomnia

118 2619 156 2692 in
185 2618 223 2691 id
253 2621 411 2691 maxime
444 2619 654 2692 conducere
690 2643 900 2706 censemus,
931 2635 973 2690 ut
1008 2619 1168 2716 amplius
1201 2621 1326 2694 decori
1362 2621 1458 2693 illius
1486 2621 1620 2694 Tribu-

117 2743 224 2830 ualis,
246 2760 286 2816 et
304 2742 525 2840 litigantium
554 2768 598 2817 ac
625 2741 795 2839 publicae
823 2744 1023 2827 securitati,
1047 2767 1208 2818 necnon
1228 2744 1458 2818 indemnitati
1485 2745 1621 2818 Came-

119 2893 187 2943 rae
215 2869 379 2943 Nostrae
407 2867 651 2964 Apostolicae
679 2886 922 2964 prospectum
951 2871 1018 2943 sit:
1050 2869 1156 2941 Motu
1185 2870 1351 2966 propri0,
1377 2886 1417 2944 et
1443 2896 1491 2944 ex
1519 2887 1620 2944 certa

119 2993 276 3068 scientia
303 2993 428 3089 deque
464 2993 709 3090 Apostolicae
743 2995 944 3090 potestatis
982 2994 1223 3090 plenitudine,
1255 2997 1483 3091 praemissas
1516 3021 1623 3069 reso-

119 3119 282 3192 lutiones
310 3134 350 3190 et
378 3116 643 3204 ordinationes,
673 3141 756 3189 cum
785 3117 968 3202 omnibus,
1000 3133 1038 3189 et
1070 3117 1225 3214 singulis
1263 3119 1299 3190 in
1334 3120 1388 3191 eis
1422 3119 1619 3206 contentia,

119 3258 160 3317 et
188 3242 390 3338 expressis,
425 3241 646 3339 Apostolica
684 3240 920 3315 Auctoritate
951 3243 1168 3314 earumdem
1202 3257 1333 3316 tenore
1367 3245 1621 3338 praesentium

120 3371 174 3442 ita
201 3367 464 3442 confirmamus
492 3382 533 3440 et
559 3368 825 3464 approbamus,
848 3381 891 3438 ut
916 3389 963 3439 ea
990 3367 1115 3440 omnia
1142 3368 1178 3440 in
1206 3369 1423 3463 praemissis
1445 3367 1621 3442 Articulis

121 3495 232 3570 nobis
260 3494 467 3590 proposita,
490 3493 603 3565 modo
633 3491 714 3564 Nos
744 3492 874 3565 harum
903 3493 999 3564 serie
1027 3513 1075 3564 ex
1103 3491 1262 3590 integro,
1283 3509 1321 3565 et
1350 3493 1398 3566 de
1427 3517 1525 3566 novo
1545 3511 1623 3567 sta-

120 3636 285 3704 tuamus,
325 3634 604 3714 proptereaque
642 3617 702 3690 illa
737 3615 930 3714 perpetuis
967 3615 1100 3689 suturis
1137 3617 1370 3712 temporibus
1407 3621 1554 3714 exequi,
1585 3635 1625 3692 et

121 3745 316 3821 observari
344 3743 596 3839 praecipimus
623 3759 664 3814 et
691 3743 929 3816 mandamus:
960 3739 1247 3816 Absolutionem
1268 3765 1358 3815 vero
1378 3743 1484 3816 dictis
1505 3744 1625 3817 Nota·

122 3871 199 3954 riis,
230 3893 344 3963 supra
380 3891 563 3964 expresso
600 3882 725 3940 tamen
763 3867 878 3939 modo
912 3882 950 3939 et
987 3866 1118 3954 forma,
1148 3867 1398 3952 concedimus,
1435 3887 1474 3942 et
1508 3869 1624 3942 indui·

122 4019 270 4094 gemus.

206 4118 406 4191 Praeterea
434 4116 481 4189 ad
510 4115 709 4190 delendam
746 4139 904 4212 prorsus
938 4113 1177 4190 venalitatem
1214 4115 1419 4190 officiorum
1454 4115 1625 4191 Notaria·

124 4262 231 4318 tuum
259 4244 489 4326 eorumdem,
511 4242 729 4337 quorumvis
759 4239 1014 4314 Romanorum
1044 4240 1260 4314 Pontificum
1286 4241 1622 4316 Praedecessorum

126 4368 364 4454 Nostrorum,
394 4381 435 4440 et
461 4365 661 4462 praecipue
692 4365 792 4439 Pauli
821 4363 867 4452 V,
888 4389 963 4462 qua
991 4365 1110 4438 officia
1139 4365 1351 4440 huiusmodi
1375 4367 1563 4450 vacabilia‚
1586 4384 1626 4440 et

123 4491 269 4568 venalia
297 4491 443 4566 reddita
469 4490 584 4576 fuere,
614 4513 658 4564 ac
688 4489 893 4564 Clementis
922 4487 971 4576 X,
991 4513 1068 4585 qua
1096 4488 1313 4563 confirmata
1341 4489 1553 4576 venalitate,
1576 4493 1624 4564 ad

126 4633 291 4715 quatuor
316 4618 466 4690 fuerunt
495 4617 647 4688 redacta
675 4613 974 4700 constitutiones,
1005 4639 1070 4688 seu
1100 4615 1300 4688 schedulas
1328 4639 1459 4688 eorum
1495 4615 1625 4689 Motus

125 4741 282 4840 proprii:
312 4741 392 4815 Nec
422 4764 494 4814 nou
523 4738 718 4813 facultates
745 4736 933 4836 quaslibet
961 4739 1008 4810 de
1037 4737 1165 4812 officiis
1194 4739 1285 4836 ipsis
1309 4739 1543 4835 disponendi,
1567 4741 1626 4813 vel

124 4868 175 4943 ad
203 4891 249 4940 ea
276 4866 500 4950 nominandi,
522 4881 561 4937 et
582 4864 766 4960 praetium
795 4863 1005 4961 recipiendi,
1026 4865 1137 4938 etiam
1165 4887 1235 4960 pro
1263 4881 1435 4960 tempore
1453 4865 1626 4939 existenti

127 4990 317 5066 Cardinali
345 4989 383 5064 S.
414 4989 460 5062 R.
491 4988 534 5063 E.
566 4985 794 5076 camerario,
814 5011 859 5062 ac
887 4988 1080 5084 praedicto
1108 4987 1309 5062 Auditorio
1336 5013 1402 5062 seu
1432 4990 1625 5084 quibusvis

123 5117 216 5202 aliis,
238 5117 287 5190 ab
306 5115 396 5210 ipsis
416 5113 775 5187 Praedecessoribus
799 5113 949 5186 Nostris
970 5113 1254 5209 quomodolibet
1272 5138 1485 5201 concessas,
1506 5128 1623 5201 motu,

125 5239 291 5326 seientia,
313 5253 352 5313 et
371 5237 570 5334 potestatis
596 5237 828 5334 plenitudine
848 5238 1000 5331 paribus
1019 5237 1241 5332 specialiter,
1262 5252 1303 5311 et
1320 5261 1499 5335 expresse
1517 5263 1628 5312 revo-

127 5384 268 5453 cantes,
288 5381 328 5438 et
355 5363 402 5438 de
431 5361 555 5436 medio
584 5360 777 5436 tollentes:
809 5361 952 5435 Eadem
980 5377 1145 5458 quatuor
1172 5363 1292 5436 officia
1321 5363 1508 5450 vacabilia‚
1532 5387 1628 5459 quo-
