3720 5916
868 345 1004 406 Soeculo
1022 346 1054 406 X
1063 347 1128 406 VII

948 708 1037 787 201.

252 865 388 940 Oritur
414 872 660 944 controuersia
685 882 798 968 super
823 871 1057 967 acquisitam
1100 871 1314 944 Decanatus
1352 871 1540 946 Coccinum
1575 873 1675 946 inter
1715 882 1750 946 et

331 991 540 1070 sacratum.

330 1149 444 1218 (Auen.
463 1149 550 1222 Ror,
573 1173 586 1200 ‹
604 1149 801 1211 Extractum
821 1149 942 1209 Dt'arr't’
958 1151 1090 1211 Coccim'
1106 1154 1142 1224 2).

671 1346 742 1419 Die
771 1348 900 1421 martis
932 1372 991 1433 21,
1021 1350 1172 1447 augusti
1210 1355 1321 1423 1612.

332 1508 393 1598 84.
424 1505 529 1580 Obiit
558 1507 602 1580 R.
626 1506 663 1582 P.
687 1508 734 1582 D.
766 1507 987 1582 Franciscus
1016 1508 1153 1583 Poenia
1183 1509 1377 1608 Hispanus
1395 1513 1601 1610 Aragonen
1623 1513 1751 1588 Rotae

251 1629 441 1704 Decanus.
1150 1669 1152 1672 ·

331 1760 392 1850 85.
416 1756 513 1830 Orta
531 1773 591 1830 est
610 1759 864 1832 controversia
883 1758 968 1855 quis
986 1757 1143 1834 deberet
1161 1784 1247 1834 esse
1267 1761 1454 1848 Decanus,
1475 1785 1523 1834 an
1543 1761 1592 1838 D.
1615 1761 1753 1836 Sacra-

248 1899 320 1963 tus,
350 1882 413 1978 qui
443 1897 525 1954 erat
552 1883 749 1979 antiquior,
780 1883 918 1956 absens
948 1899 1071 1956 tamen
1100 1909 1170 1980 pro
1200 1884 1365 1984 negociis
1392 1886 1555 1984 propriis
1591 1887 1628 1960 in
1662 1887 1751 1962 civi-

248 2021 327 2080 tate
356 2006 560 2093 Ferrariae,
591 2007 650 2080 vel
679 2006 765 2104 Ego
794 2005 953 2082 loannes
992 2008 1162 2104 Baptista
1192 2008 1376 2085 Coccinus
1405 2012 1470 2107 qui
1498 2037 1602 2086 eram
1637 2037 1752 2109 prae-

249 2153 337 2204 sens
371 2131 406 2202 in
443 2127 627 2204 Curia-et
663 2155 711 2204 ex
743 2133 1004 2228 praesentibus
1039 2133 1229 2229 antiquior
1264 2150 1304 2207 et
1339 2133 1551 2234 allegabam
1588 2161 1660 2232 pro
1688 2163 1751 2210 me

250 2251 550 2330 constitutiones
579 2255 632 2329 Pii
659 2255 721 2331 lV.

331 2382 393 2454 86.
415 2379 451 2456 S.
476 2380 524 2459 D.
547 2381 593 2454 N.
615 2380 676 2454 die
706 2381 906 2456 Dominico
937 2389 984 2454 26
1014 2383 1180 2481 Augusti
1199 2384 1384 2458 commisit
1402 2385 1598 2481 negocium
1623 2387 1751 2460 discu-

249 2504 414 2578 tiendum
445 2504 705 2580 Cardinalibus
733 2507 796 2603 qui
824 2506 971 2581 fuerant
999 2508 1122 2581 Rotae
1149 2507 1365 2595 Auditores,
1407 2507 1576 2583 videlicet
1613 2510 1748 2596 Platt0,

249 2629 446 2715 Manticae,
478 2630 689 2729 Arrigonio,
713 2630 856 2705 Millino
874 2647 913 2704 et
932 2632 1165 2707 Lancellotto
1194 2651 1235 2706 ut
1262 2633 1435 2707 audirent
1461 2651 1501 2708 et
1526 2633 1624 2708 sacta
1654 2637 1750 2710 inter

249 2779 316 2828 eos
346 2753 654 2853 Congregatione
683 2756 863 2830 referrent
889 2756 1010 2830 eidem
1040 2757 1078 2831 S.
1109 2757 1158 2832 D.
1190 2758 1236 2833 N.

331 2883 391 2971 87.
423 2879 496 2952 Die
525 2879 655 2953 Lunae
691 2905 702 2952 1
737 2883 963 2978 septembris
997 2887 1093 2954 1612
1127 2882 1278 2957 Domini
1311 2882 1532 2958 Cardinales
1565 2886 1750 2982 praedicti

249 3003 422 3078 dixerunt
451 3001 563 3078 Ssmo
592 3003 641 3078 D.
672 3004 718 3079 N.
749 3007 852 3101 quod
880 3007 1054 3105 Agentes
1081 3030 1151 3103 pro
1181 3006 1228 3082 D.
1260 3007 1416 3082 Sacrato
1443 3009 1634 3083 instabant
1673 3035 1748 3084 non

248 3129 414 3203 deveniri
443 3131 492 3202 ad
519 3129 681 3228 aliquam
709 3129 1012 3218 declarationem,
1043 3157 1117 3206 non
1146 3133 1276 3206 audito
1306 3131 1355 3208 D.
1386 3133 1544 3208 Sacrato
1573 3137 1636 3230 qui
1666 3153 1751 3211 erat

248 3279 468 3328 reversurus
497 3256 547 3328 ad
576 3254 728 3328 Curiam
755 3271 795 3329 et
822 3254 955 3331 Ssmus
984 3258 1051 3330 luit
1079 3272 1288 3341 contentus,
1328 3260 1432 3356 quod
1469 3275 1746 3356 expectaretur,

248 3396 288 3453 et
316 3379 461 3451 interim
490 3380 720 3475 deputarunt
756 3380 790 3452 in
825 3381 968 3455 Locum
1008 3382 1152 3458 Decani
1185 3384 1370 3458 Revmum
1409 3384 1457 3458 D.
1488 3384 1750 3460 Alexandrum

248 3503 493 3579 Ludovisium
521 3504 856 3602 Archiepiscopum
877 3507 1082 3583 Bononien.
1104 3508 1461 3598 Locumtenentem;
1482 3512 1658 3609 Agentes
1679 3536 1750 3608 pro

250 3628 299 3702 D.
330 3627 486 3702 Sacrato
514 3629 704 3702 instabant
731 3653 805 3703 non
834 3631 1000 3704 deveniri
1027 3631 1076 3705 ad
1104 3631 1393 3720 declarationem
1414 3632 1632 3708 Decanatus
1661 3637 1750 3732 quia

251 3754 298 3828 D.
330 3753 509 3826 Sacratus
536 3768 619 3826 erat
645 3755 794 3842 absens,
826 3773 866 3828 et
893 3756 980 3829 mihi
1008 3757 1181 3853 placebat
1199 3758 1303 3854 quod
1321 3774 1594 3856 expectaretur.
1618 3757 1748 3852 Quare

250 3876 470 3951 Cardinales
497 3878 627 3951 Lunae
664 3903 707 3973 17
738 3881 963 3976 septembris
991 3881 1027 3954 in
1058 3880 1292 3956 Consistorio
1320 3882 1390 3956 boc
1418 3882 1591 3957 dixerunt
1621 3886 1746 3970 Ssn'ro,

249 4002 314 4100 qui
341 4004 470 4076 annuit
509 4018 548 4076 et
589 4005 786 4102 ordinavit,
825 4007 928 4100 quod
965 4005 1072 4080 fieret
1107 4006 1366 4106 Congregatio
1398 4008 1477 4082 sine
1519 4009 1746 4105 praeiudicio

248 4130 442 4202 ambarum
472 4128 646 4215 Partium,
677 4130 708 4203 si
738 4131 906 4203 Revmus
936 4129 984 4206 D.
1014 4132 1241 4206 Ludovisius
1269 4132 1491 4214 discederet,
1523 4133 1571 4208 D.
1593 4133 1746 4208 Manta-

250 4251 369 4327 nedus
397 4276 466 4348 pro
496 4253 653 4327 Decano
681 4252 914 4351 adimpleret.

957 4575 1048 4655 202.

658 4737 798 4812 Salutio
818 4738 1033 4838 praedictae
1058 4741 1336 4814 controversiae.

330 4892 446 4964 (Arcen.
464 4892 550 4963 Ror,
574 4917 586 4942 «
606 4891 803 4952 Extractum
823 4891 944 4952 Diart'i
961 4893 1095 4952 Coccim'
1110 4897 1146 4964 ι).
1268 4966 1273 4980 .

706 5091 846 5177 Lunae,
882 5113 900 5184 7
932 5093 1145 5166 novembris
1180 5100 1291 5168 1612.

333 5255 394 5328 88.
410 5251 553 5352 ,Hodie
580 5249 713 5324 Ssriius
743 5250 791 5323 D.
814 5251 861 5325 N.
882 5251 918 5325 in
939 5251 1175 5327 Consistorio
1194 5268 1350 5340 secreto,
1372 5255 1510 5328 auditis
1529 5254 1627 5329 votis
1658 5255 1748 5330 Car-

252 5375 427 5450 dinalium
458 5377 521 5472 qui
548 5375 698 5450 suerunt
725 5376 895 5473 deputati
923 5377 1068 5450 ludices
1096 5403 1212 5476 super
1238 5378 1493 5453 controversia
1528 5377 1746 5454 Decanatus
