3748 5914
244 257 300 320 266
879 261 1016 320 Saeculo
1035 259 1122 320 XVI

247 451 489 526 ministranda
526 453 698 550 graviora
728 452 982 526 sollicitudinis
1010 453 1145 536 studia,
1175 420 1351 548 prompta
1378 450 1572 525 voluntate
1608 446 1742 544 iugiter

244 576 420 673 perferre,
452 593 491 650 et
522 576 608 649 sacti
636 577 823 651 evidentia
852 575 1074 674 designante
1101 577 1242 650 maiora
1273 576 1394 648 eidem
1424 574 1504 647 sedi
1532 569 1742 645 devotionis

245 700 427 797 obsequia
454 701 660 775 studiosius
691 703 906 797 impendere
935 701 1191 788 dinoscuntur,
1212 716 1255 774 ut
1280 698 1415 775 exinde
1442 723 1574 772 eorum
1593 695 1743 769 devotio

245 840 431 923 augeatur
466 842 506 900 et
532 825 626 898 fides
660 825 808 912 illorum
836 825 978 899 cunctis
1014 825 1160 921 plenius
1194 825 1412 910 innotescat,
1443 834 1494 896 ac'
1521 821 1581 896 alii
1613 845 1742 894 eorum

245 952 419 1047 exemplo
438 953 486 1025 ad
516 950 647 1025 similia
674 951 899 1048 propensius
927 951 1146 1026 excitentur.

327 1077 425 1150 Hinc
442 1092 503 1149 est
530 1077 634 1172 quod
654 1100 723 1149 nos
742 1075 866 1149 debita
886 1075 1186 1149 consideratione
1206 1089 1409 1171 pensantes
1428 1073 1626 1148 continuos
1644 1069 1744 1144 labo·

244 1227 317 1288 res,
349 1227 446 1298 quos
474 1201 598 1275 dilecti
625 1200 686 1273 lilii
715 1198 924 1274 Causarum
945 1199 1073 1274 Palatii
1100 1198 1298 1296 apostolici
1315 1199 1533 1284 Auditores‚
1554 1211 1594 1270 et
1611 1219 1744 1268 eorum

243 1328 531 1408 Locatenentes,
549 1349 646 1399 nunc
661 1341 701 1399 et
714 1350 783 1420 pro
798 1341 971 1421 tempore
984 1325 1190 1399 existentes
1209 1325 1306 1398 circa
1325 1347 1460 1396 causas
1477 1323 1580 1418 ipsas
1595 1319 1744 1394 audien-

246 1451 325 1537 das,
338 1467 377 1524 et
391 1449 462 1523 fine
477 1449 605 1524 debito
619 1448 846 1524 decidendas
860 1449 909 1523 ad
923 1448 1110 1546 publicam
1124 1448 1333 1534 utilitatem,
1346 1464 1385 1521 et
1399 1447 1567 1521 eiusdem
1583 1445 1746 1519 Romani

247 1575 432 1650 Pontificis
469 1576 650 1648 honorem
685 1598 754 1671 per
790 1576 992 1647 maximum
1025 1576 1061 1647 in
1097 1573 1178 1648 dies
1207 1575 1451 1648 dinoscuntur
1475 1557 1673 1645 sustinere
1701 1595 1744 1643 ac

244 1717 448 1798 propterea
483 1699 656 1773 volentes
692 1724 759 1773 eos
797 1699 861 1796 qui
896 1702 1009 1798 etiam
1041 1699 1160 1773 nostri
1196 1715 1235 1774 et
1263 1698 1422 1772 Romani
1460 1696 1645 1771 Pontificis
1674 1719 1745 1791 pro

246 1843 418 1921 ternpore
445 1825 641 1901 existentis
668 1822 862 1919 Capellani
890 1825 1065 1910 existunt,
1096 1823 1293 1920 condignis
1321 1821 1522 1907 favoribus,
1548 1837 1587 1894 et
1613 1843 1746 1915 prero-

244 1951 392 2048 gativis,
423 1965 535 2047 prout
563 1949 730 2023 debitum
759 1965 989 2046 reputamus,
1020 1949 1210 2045 prosequi.

327 2075 433 2148 Motu
463 2075 615 2172 proprio
644 2099 717 2147 non
753 2075 803 2147 ad
831 2075 998 2170 ipsorum
1027 2073 1254 2146 Auditorum
1281 2087 1322 2145 et
1348 2068 1656 2145 Locatenentiurn
1687 2069 1745 2142 vel

244 2199 400 2274 aliorum
429 2225 498 2296 pro
526 2201 581 2273 eis
609 2202 716 2273 nobis
746 2224 860 2295 super
887 2201 958 2272 boc
986 2197 1111 2272 oblate
1138 2197 1329 2293 petitionis
1356 2195 1569 2269 instantiam
1598 2193 1667 2266 sed
1698 2193 1746 2267 de

246 2339 375 2398 nostra
403 2349 506 2396 mera
534 2323 802 2397 deliberatione
820 2337 861 2395 et
886 2347 934 2394 ex
954 2339 1057 2396 certa
1077 2321 1239 2406 scientia,
1261 2345 1305 2394 ac
1329 2319 1376 2393 de
1397 2318 1616 2414 Apostolice
1635 2333 1747 2410 pote-

246 2450 354 2522 statis
383 2449 612 2544 plenitudine
640 2473 724 2522 cum
743 2447 886 2521 eisdem
915 2446 1163 2519 Auditoribus
1186 2461 1226 2518 et
1245 2445 1561 2518 Locatenentibus
1590 2459 1746 2516 nuncet

245 2599 316 2670 pro
344 2591 514 2671 tempore
542 2574 789 2649 existentibus
816 2599 859 2647 ac
886 2597 1017 2645 eorum
1055 2572 1210 2669 singulis
1247 2586 1290 2644 ut
1316 2591 1553 2666 quecumque
1581 2583 1746 2664 quatuor

245 2715 385 2784 curata,
426 2725 493 2774 seu
530 2698 622 2772 alias
658 2699 816 2772 invicem
844 2695 1132 2792 incompatibilia
1161 2695 1341 2769 secularia
1368 2708 1434 2767 aut
1461 2719 1543 2766 cum
1572 2715 1648 2766 uno
1686 2689 1744 2764 vel

245 2826 393 2899 duobus
422 2849 487 2898 seu
519 2824 637 2898 tribus
666 2823 806 2907 exeis,
838 2821 896 2896 vel
925 2824 1070 2918 absque
1098 2821 1168 2894 illis
1196 2846 1311 2893 unum
1339 2844 1423 2893 cum
1451 2843 1540 2891 cura
1566 2815 1626 2890 vel
1665 2817 1744 2890 sine
1854 2827 1855 2834 ’

244 2973 332 3022 cura
360 2949 523 3022 cuiusvis
552 2950 662 3021 etiam
694 2947 949 3021 cluniacensis
978 2945 1037 3018 vel
1066 2945 1272 3018 Cistercien
1302 2943 1442 3018 ordinis
1467 2941 1657 3039 Regulare
1677 2966 1743 3014 nec

246 3097 321 3147 non
349 3098 586 3170 quecumque
621 3075 691 3146 tria
727 3073 799 3145 alia
836 3073 978 3158 similia,
1008 3071 1067 3144 vel
1100 3069 1291 3144 dissimilia
1328 3071 1399 3142 sub
1436 3066 1590 3166 singulis
1623 3066 1743 3140 tribus

244 3197 353 3271 tectis
373 3222 694 3295 quarumcumque
714 3196 825 3269 trium
854 3194 1136 3270 Cathedralium
1155 3196 1268 3269 etiam
1289 3191 1665 3288 Metropolitanarum
1686 3189 1744 3264 vel

247 3321 542 3421 collegiatarum
570 3337 636 3394 aut
662 3322 816 3394 aliarum
844 3320 1084 3394 ecclesiarum
1113 3319 1370 3405 consistencia,
1401 3318 1493 3390 alias
1518 3341 1560 3389 se
1586 3315 1744 3388 invicem

246 3464 285 3521 et
312 3473 395 3521 cum
424 3446 531 3520 dictis
559 3445 894 3541 incompatibilibus
922 3445 1110 3520 beneficiis
1137 3443 1404 3539 compatientia
1430 3440 1607 3516 beneficia
1626 3440 1745 3514 eccle-

179 3639 192 3652 .
245 3571 394 3645 siastica
408 3572 520 3645 etiam
536 3571 567 3644 si
586 3570 789 3644 alterorum
803 3570 1066 3644 beneficiorum
1087 3571 1157 3642 sub
1170 3569 1315 3642 eisdem
1330 3568 1439 3641 tectis
1453 3567 1742 3639 consistencium

246 3723 330 3770 cum
362 3720 452 3769 cura
488 3711 554 3768 aut
590 3693 784 3792 quodlibet
824 3719 954 3766 eorum
988 3693 1239 3766 Canonicatus
1277 3709 1315 3766 et
1353 3689 1558 3776 Prebenda,
1597 3707 1637 3764 et
1667 3706 1742 3763 tam

243 3819 304 3892 illa
331 3843 444 3916 quam
472 3819 761 3914 incompatibilia
781 3817 961 3891 secularia
981 3817 1185 3916 dignitates
1207 3817 1433 3890 Personatus
1452 3813 1744 3888 administratio-

246 3968 324 4029 nes,
353 3943 412 4018 vel
442 3943 560 4017 officia
579 3944 616 4015 in
637 3943 926 4017 Cathedralibus
950 3943 1062 4016 etiam
1092 3941 1404 4036 Metropolitanis,
1435 3939 1494 4012 vel
1523 3938 1743 4036 Collegiatis

244 4083 283 4141 et
310 4069 514 4166 dignitates
542 4069 624 4164 ipse
653 4069 688 4141 in
718 4066 1004 4141 Cathedralibus
1033 4066 1145 4140 etiam
1176 4063 1477 4161 llletropolitanis
1504 4080 1594 4161 post
1623 4063 1743 4137 Ponti-

244 4192 370 4267 ficales
397 4193 569 4279 maiores,
591 4219 658 4266 seu
686 4193 893 4288 collegiatis
921 4191 1086 4266 ecclesiis
1106 4189 1318 4265 huiusmodi
1347 4188 1560 4286 principalis
1587 4207 1654 4263 aut
1674 4189 1743 4263 tria

245 4345 293 4393 ex
327 4319 382 4392 eis
412 4318 665 4392 Parrochiales
702 4315 858 4390 ecclesie
895 4317 955 4390 vel
993 4341 1123 4389 earum
1161 4331 1343 4410 perpetue
1371 4315 1529 4400 Vicarie,
1560 4339 1626 4387 seu
1655 4312 1742 4387 talia

246 4445 386 4517 mixtim
429 4441 619 4540 Regulare
662 4466 750 4516 vero
788 4443 966 4516 beneficia
1007 4439 1219 4513 huiusmodi
1257 4437 1446 4511 Prioratus
1491 4437 1741 4534 Prepositura.

245 4569 515 4665 Prepositatus,
545 4567 709 4665 dignitas
737 4568 849 4640 etiam
880 4564 1148 4640 conventualis
1178 4565 1416 4650 Personatus,
1443 4564 1739 4646 Administratio

244 4693 303 4766 vel
320 4692 494 4766 Officium
514 4693 649 4766 suerint
664 4708 702 4765 et
721 4692 769 4765 ad
786 4691 992 4765 Prioratum
1013 4689 1291 4786 Preposituram
1311 4688 1598 4785 Prepositatum,
1617 4687 1743 4785 Digni·

245 4834 356 4904 tates,
378 4817 616 4902 Personatus,
638 4817 1004 4900 Administrationes,
1025 4813 1084 4888 vel
1104 4813 1222 4888 officia
1241 4813 1451 4888 huiusmodi
1470 4813 1740 4897 consueverint,

246 4943 310 5038 qui
338 4969 407 5040 per
424 4943 643 5017 electionem
663 4943 814 5029 assumi,
836 4941 967 5038 eisque
996 4966 1083 5015 cura
1103 4941 1293 5015 immineat
1312 4941 1530 5025 animarum,
1551 4942 1582 5012 si
1601 4939 1742 5012 eisdem

247 5068 493 5142 Auditoribus
521 5084 560 5141 et
587 5069 904 5144 Locatenentibus
932 5068 1024 5140 alias
1051 5065 1227 5141 canonice
1246 5065 1485 5138 conserantur
1511 5080 1577 5137 aut
1596 5063 1666 5159 ipsi
1684 5061 1742 5135 eli·

245 5207 395 5288 gantur,
424 5209 691 5288 presentemur
718 5192 778 5266 vel
810 5192 900 5266 alias
930 5205 1171 5264 assumantur
1196 5187 1246 5262 ad
1273 5189 1345 5274 illa,
1375 5204 1414 5261 et
1442 5187 1681 5262 instituantur
1708 5187 1742 5258 in

247 5315 389 5390 eisdem
418 5319 594 5413 recipere,
625 5333 665 5390 et
692 5316 837 5388 insimul
865 5314 1047 5388 secularia
1074 5315 1110 5387 in
1139 5313 1285 5388 titulum
1313 5337 1357 5386 ac
1385 5312 1557 5411 regulare
1585 5313 1620 5386 in
1647 5336 1742 5385 com-
