3718 5918
889 319 1027 378 Soecuto
1045 317 1152 379 XVII

970 669 1060 750 370.

263 829 437 905 Decanus
463 839 497 904 et
524 831 723 904 Audeteres
752 832 869 905 Rotae
901 831 1029 930 Papae
1054 813 1226 908 adsideret
1250 843 1285 906 et
1314 833 1520 906 inserviunt
1548 835 1759 910 benedicenti

344 960 486 1053 Agnos.

343 1116 459 1186 (Anca.
478 1113 565 1184 Rom,
584 1113 778 1172 «Deare‘um
797 1113 909 1173 Iacobt
924 1113 1065 1172 Emerix
1078 1117 1112 1184 ·).

532 1316 647 1392 Mero.
680 1339 728 1407 29
757 1317 836 1390 Iov.
867 1340 916 1410 30
944 1332 984 1390 et
1012 1313 1106 1391 Ven.
1141 1340 1183 1408 31
1220 1316 1346 1389 Martii
1379 1323 1491 1408 1690.

344 1501 433 1573 530.
471 1477 614 1553 SSrirus
651 1477 699 1554 D.
741 1477 786 1553 N.
826 1478 1044 1553 Alexander
1081 1478 1303 1575 Papa'vlll
1340 1480 1387 1554 de
1429 1505 1533 1554 more
1570 1481 1756 1555 benedixit

262 1629 393 1679 cereas
421 1606 558 1702 Agnus
585 1605 771 1704 Imagines
806 1620 845 1678 et
882 1603 1049 1699 qualibet
1086 1604 1158 1689 die,
1188 1620 1339 1701 praeter
1372 1630 1431 1680 me
1468 1604 1663 1682 Decanum
1695 1607 1755 1702 qui

264 1754 414 1826 semper
442 1729 615 1805 inservivi
643 1732 691 1804 de
721 1729 843 1813 Mina,
874 1730 995 1804 vocati
1025 1729 1173 1803 luerunt
1199 1729 1260 1803 alii
1289 1746 1366 1804 tres
1394 1731 1600 1806 Auditores
1638 1731 1755 1806 Rotae

262 1855 328 1952 qui
346 1853 461 1930 linteo
488 1853 688 1951 praecincti
716 1854 887 1952 pelvibus
915 1856 1106 1928 deauratis
1125 1854 1339 1929 detulerunt
1366 1881 1388 1930 a
1417 1857 1542 1931 Labro
1571 1856 1757 1931 Pontificio

262 1981 398 2078 Agnos
426 1981 644 2055 benedictos
672 1981 721 2053 ad
750 1980 991 2056 credentiam.

968 2299 1058 2377 371.

261 2460 351 2534 Sede
365 2467 523 2545 vacante,
543 2459 762 2534 Cardireales
774 2460 971 2534 concedunt
986 2460 1105 2534 Rotae
1123 2460 1367 2534 Audetoribus
1383 2462 1529 2536 solitum
1548 2461 1754 2536 dmentioum

341 2593 565 2660 scutatorum
592 2608 674 2661 100.

341 2747 457 2819 (Asca.
476 2747 562 2820 Rom,
582 2743 768 2804 ‹Dtare'um
787 2741 898 2802 Iacobi
913 2741 1099 2812 Enrert'xu.

788 2944 886 3018 lovis
918 2947 964 3018 28
995 2945 1085 3018 Iunii
1119 2949 1231 3036 1691.

345 3110 433 3202 558.
465 3107 547 3180 Em
586 3105 737 3180 Domini
777 3104 1008 3193 Cardinales,
1039 3103 1139 3179 Sede
1176 3104 1399 3201 Apostolica
1432 3107 1556 3181 adhuc
1589 3129 1752 3194 vacante,

261 3235 298 3308 in
326 3232 504 3308 Conclavi
532 3233 738 3305 existentes
768 3229 934 3304 lecerunt
961 3229 1233 3325 infrascriptum
1263 3229 1485 3306 Decretum:

343 3414 439 3434 .....
471 3356 568 3430 Cum
606 3379 676 3429 nos
711 3356 822 3429 hodie
850 3356 887 3427 in
915 3353 1223 3454 Congregatione
1259 3371 1451 3431 nostra...
1482 3357 1755 3434 decreverimus

261 3485 365 3581 quod
384 3483 444 3557 die
464 3488 487 3555 6
508 3481 582 3554 iulii
599 3481 635 3555 in
664 3505 740 3576 quo
768 3481 879 3556 cadet
897 3477 1024 3553 ultima
1054 3480 1154 3553 Rota
1173 3482 1384 3576 praesentis
1412 3483 1508 3568 anni,
1529 3509 1576 3556 ex
1595 3485 1756 3582 pecuniis

264 3605 528 3705 Depositariae
555 3603 742 3705 generalis
771 3605 820 3682 N.
850 3604 892 3682 C.
924 3607 971 3681 A.
997 3605 1267 3679 distribuantur
1294 3607 1395 3680 iuxta
1424 3606 1572 3681 solitum
1605 3608 1757 3708 singulis

263 3732 345 3807 RR.
378 3733 444 3806 ΡΡ.
477 3731 567 3806 DD.
591 3730 840 3804 Auditoribus
860 3730 994 3815 Rotae,
1025 3745 1131 3805 scuta
1156 3753 1228 3804 100
1256 3731 1337 3804 auri
1358 3732 1395 3803 in
1422 3756 1515 3804 auro
1541 3747 1582 3806 et
1603 3733 1756 3808 Decano

261 3857 473 3942 ducentum,
513 3856 598 3930 ideo
640 3855 906 3929 committimus
949 3854 1203 3930 Dominationi
1245 3853 1406 3929 Vestrae
1448 3856 1568 3931 Rrirae
1611 3874 1654 3932 ut
1690 3857 1758 3933 hoc

262 3998 432 4056 nostrum
462 3981 653 4054 decretum
683 3995 893 4075 exequatur
909 4039 1006 4056 .....

969 4315 1060 4395 372.

260 4481 487 4555 Decernitur
504 4504 730 4553 reassumere
757 4477 890 4568 stylum
918 4477 1111 4573 antiquum
1128 4475 1299 4575 cape‘endi
1312 4477 1565 4550 resolutionem
1592 4481 1703 4552 ettam
1720 4478 1757 4549 iu

332 4607 464 4705 prema
491 4629 690 4679 causarum
717 4602 933 4677 resolutione
960 4627 1040 4675 cum
1060 4601 1403 4700 praeponderantia
1425 4602 1484 4676 ael
1506 4604 1620 4676 unius
1646 4603 1758 4678 salius

341 4729 532 4831 suffragii.

340 4889 454 4960 (Aaou.
474 4887 561 4960 Rom,
584 4884 770 4944 «De'arium
790 4884 901 4942 Iacabi
917 4883 1103 4954 Emeritos).

776 5085 848 5160 Die
878 5108 927 5159 20
956 5083 1098 5182 Aprilis
1132 5091 1243 5178 1693.

344 5253 432 5344 598.
473 5249 625 5324 Domini
658 5245 1002 5320 animadvertentes
1037 5245 1074 5319 in
1107 5247 1188 5321 dies
1219 5246 1451 5342 multiplicari
1484 5247 1688 5325 dilationes
1723 5263 1760 5324 et

261 5375 498 5450 difficultates
516 5397 615 5470 quae
643 5373 812 5446 oriuntur
840 5371 875 5445 in
903 5371 1094 5468 capiendis
1122 5371 1411 5448 resolutionibus
1439 5373 1475 5446 in
1495 5371 1634 5449 Causis
1663 5401 1757 5473 quae
