3688 5924
205 373 262 416 vnr
746 359 927 433 Praefatio
945 359 992 418 ad
1010 361 1163 420 lectorem

291 573 347 642 13.
377 593 403 604 -
431 549 581 622 Illorum
613 575 701 647 pars
734 551 895 624 maxima
929 552 1010 629 RR.
1043 553 1259 626 Pontificum
1290 553 1589 627 Constitutiones
1618 571 1705 627 sunt

203 700 301 771 quae
322 676 400 748 sive
428 700 451 747 a
480 675 634 769 privatis
653 677 871 749 auctoribus
891 678 968 750 suis
991 679 1182 772 operibus,
1203 678 1281 751 sive
1309 679 1534 752 editionibus
1555 676 1705 752 Bullarii

204 800 364 874 Romani
382 801 545 872 insertae
564 801 725 876 luerunt.
749 801 836 874 Hae
855 802 904 874 ad
925 803 1140 875 Archivium
1158 803 1280 876 Rotae
1299 802 1357 875 vel
1378 803 1413 876 in
1433 803 1551 898 copia,
1568 821 1609 876 ut
1628 805 1704 899 plu·

203 927 335 998 rimum
366 924 533 1019 simplici,
563 923 622 996 vel
651 925 686 996 in
716 951 785 998 suo
814 922 984 1022 originali
1012 942 1266 999 asservantur.
1301 927 1507 1000 Universas
1545 952 1620 1023 ego
1657 953 1704 999 ex

204 1064 308 1122 textu
338 1047 465 1122 rotalis
494 1046 657 1120 Archivii
685 1048 865 1143 exscripsi
895 1074 978 1121 cum
998 1073 1123 1143 eoque
1141 1049 1359 1123 auscultavi.
1382 1049 1455 1122 Ubi
1474 1065 1600 1123 autem
1620 1075 1703 1122 con·

202 1175 286 1272 tigit
305 1173 469 1247 Archivii
489 1172 616 1245 rotalis
637 1172 840 1268 simplicem
861 1175 1008 1269 copiam
1028 1175 1149 1247 minus
1168 1195 1343 1248 accurate
1361 1191 1555 1248 exaratam
1575 1175 1700 1258 luisse,

203 1317 290 1372 tunc
318 1299 377 1372 vel
406 1315 531 1370 textus
560 1297 725 1370 Archivii
755 1296 923 1371 Vaticani
952 1299 1096 1392 inspexi
1134 1315 1173 1371 et
1209 1299 1426 1382 auscultavi,
1457 1296 1516 1371 vel
1557 1301 1702 1372 literam

200 1423 441 1497 accuratioris
470 1421 642 1494 editionis
666 1421 814 1494 bullarii
836 1421 1011 1496 Romani:
1033 1423 1095 1496 ubi
1123 1425 1264 1496 incerta
1287 1424 1373 1498 mihi
1397 1422 1510 1496 lectio
1532 1425 1611 1495 visa
1630 1442 1700 1507 est,

204 1549 360 1622 rotalem
391 1565 533 1621 textum
564 1573 646 1620 sum
677 1563 882 1642 sequutus:
913 1547 983 1620 hoc
1013 1548 1113 1620 Rota
1145 1573 1214 1620 usa
1246 1549 1334 1635 suit;
1365 1549 1478 1645 igitur
1510 1548 1567 1620 hic
1596 1549 1704 1622 nobis

203 1675 329 1769 potior
355 1674 488 1747 ceteris
512 1697 597 1745 esse
616 1671 741 1746 debet.
765 1671 825 1745 De
845 1697 929 1744 mea
949 1671 1093 1746 ratione
1112 1672 1251 1768 agendi
1270 1672 1418 1770 singulo
1437 1674 1473 1744 in
1493 1696 1581 1745 casu
1602 1674 1702 1746 testi-

203 1799 367 1872 monium
395 1814 479 1870 esto
508 1797 705 1892 unicuique
733 1797 960 1870 documento
989 1815 1077 1894 post
1104 1814 1367 1895 argumentum
1397 1799 1517 1892 prima
1545 1821 1703 1893 praepo-

204 1925 274 1998 sita
303 1926 439 1998 citatio.

289 2074 346 2141 14.
376 2093 402 2103 -
431 2048 573 2121 inedita
599 2061 726 2120 autem
756 2047 884 2121 rotalis
912 2047 1078 2120 Archivii
1106 2072 1245 2144 magna
1282 2073 1329 2120 ex
1364 2063 1470 2144 parte
1508 2046 1701 2144 originalia

202 2191 304 2248 sunt:
335 2173 467 2247 horum
504 2172 620 2245 series
658 2173 739 2246 RR.
782 2171 998 2245 Pontificum
1036 2172 1343 2258 ordinationibus,
1383 2172 1580 2258 mandatis,
1620 2173 1701 2266 epi-

201 2300 319 2374 stoliis
348 2315 417 2385 etc,
448 2314 562 2394 atque
591 2299 812 2394 praesertim
842 2297 1147 2371 adnotationibus
1177 2297 1390 2370 Diariorum
1410 2312 1587 2370 constat:
1607 2299 1702 2370 uber

200 2426 352 2522 quidem
379 2424 691 2496 documentorum
721 2427 866 2508 messis,
903 2447 1001 2517 quae
1040 2423 1185 2496 nonnisi
1229 2423 1360 2496 sedula
1401 2399 1700 2495 consideratione

199 2565 351 2647 poterat
387 2549 527 2650 legenti
562 2549 749 2645 praeberi,
790 2572 835 2620 ne
874 2548 1065 2621 nimietate
1103 2573 1172 2620 sua
1209 2573 1306 2643 opus
1343 2547 1469 2634 inutile
1507 2548 1698 2622 redderet.

200 2677 256 2748 lta
284 2701 378 2774 ergo
408 2700 467 2747 me
495 2675 599 2772 gessi
627 2690 678 2757 ut,
701 2689 883 2768 quantum
916 2672 1095 2769 possibile
1123 2673 1200 2757 luit,
1224 2698 1296 2746 non
1317 2697 1391 2745 una
1420 2673 1703 2756 desideraretur

200 2801 413 2874 Diariorum
448 2799 653 2883 adnotatio,
684 2823 761 2894 qua
789 2796 847 2870 vel
876 2813 1007 2870 notatu
1046 2799 1199 2895 dignum
1234 2796 1371 2870 lactum
1403 2798 1555 2893 aliquod
1592 2798 1701 2870 testi-

197 2924 382 3011 ficaretur,
412 2923 470 2996 vel
499 2923 638 2996 directe
666 2937 731 2994 aut
758 2921 937 2995 indirecte
965 2920 1214 2994 illustraretur
1247 2921 1381 3018 aliquis
1420 2923 1542 2994 Rotae
1577 2920 1697 2994 stilus

286 3072 338 3142 15.
369 3093 395 3103 -
424 3048 610 3120 Universa
638 3071 729 3120 vero
757 3045 926 3119 collectio
954 3047 1063 3119 buius
1091 3047 1287 3119 voluminis
1321 3071 1394 3119 non
1433 3071 1501 3143 per
1538 3072 1579 3118 se
1608 3061 1699 3133 stat,

200 3199 322 3270 neque
351 3172 431 3246 sola
459 3172 674 3266 accipienda
701 3186 771 3244 est.
803 3169 1009 3266 Complura
1035 3196 1065 3243 s.
1087 3195 1114 3242 r.
1137 3171 1259 3243 Rotae
1288 3171 1514 3243 documenta
1542 3170 1621 3243 sive
1649 3197 1701 3244 ex

199 3299 357 3394 integro,
388 3299 467 3370 sive
496 3297 719 3378 summatim,
744 3296 932 3392 publicata
960 3312 1048 3368 sunt
1079 3294 1227 3368 duobus
1255 3295 1564 3370 antecedentibus
1592 3294 1700 3370 volu-

200 3425 375 3498 minibus:
396 3424 432 3496 in
461 3423 774 3516 complementum
794 3419 1067 3516 publicationis,
1089 3421 1198 3493 simul
1216 3436 1256 3493 et
1277 3411 1312 3494 i'n
1331 3437 1592 3519 argumentum
1613 3445 1698 3493 con·

198 3548 286 3620 flata
305 3571 433 3620 eorum
453 3546 606 3642 quaein
627 3545 828 3640 praedictis
846 3546 1019 3639 exposita
1039 3561 1137 3634 sunt,
1158 3544 1314 3618 istorum
1333 3570 1421 3640 pars
1450 3561 1510 3618 est
1537 3569 1700 3640 cumque

196 3672 278 3745 istis
305 3697 419 3744 unum
446 3671 629 3744 efformat.
652 3668 809 3753 Deinde,
832 3669 886 3741 uti
909 3669 985 3740 duo
1013 3669 1072 3741 illa
1100 3668 1289 3741 volumina
1312 3670 1392 3742 sine
1411 3669 1483 3741 hoc
1501 3671 1624 3754 tertio,
1646 3669 1699 3742 ita

197 3799 346 3870 tertium
376 3796 446 3870 hoc
473 3797 619 3891 absque
654 3794 723 3867 illis
759 3795 967 3866 consistere
1004 3793 1144 3887 nequit.
1186 3793 1331 3866 Deinde
1368 3793 1478 3865 etiam
1518 3792 1698 3888 possibile

195 3922 263 3995 luit
291 3922 433 4017 aliquot
451 3923 760 3995 documentorum
789 3918 859 3991 hoc
887 3941 1042 4014 quoque
1071 3918 1106 3990 in
1135 3918 1324 3990 volumine
1345 3932 1488 3989 tantum
1509 3940 1696 3989 summam

196 4048 355 4130 reserre;
384 4045 551 4130 aliorum,
582 4069 603 4118 e
630 4060 770 4129 contra,
798 4067 845 4116 ex
864 4044 1011 4139 integro
1030 4054 1069 4114 et
1087 4065 1156 4137 per
1175 4058 1374 4115 extensum
1395 4056 1537 4113 textum
1558 4042 1694 4112 descri-

196 4172 284 4245 bere
314 4195 467 4243 necesse
494 4169 575 4243 luit.

891 4383 908 4477 g
938 4379 1000 4456 vr.

281 4548 338 4615 16.
358 4541 500 4614 -Cum
520 4557 644 4614 autem
665 4540 844 4627 collecti0‚
867 4541 1017 4613 minima
1035 4538 1115 4612 eius
1135 4554 1241 4635 parte
1265 4555 1433 4635 excepta,
1455 4539 1693 4612 documentis

194 4667 359 4742 Archivii
378 4669 500 4740 Rotae
518 4665 715 4752 coalescat,
732 4664 908 4738 nonnulla
922 4664 1136 4761 praemissis
1156 4666 1263 4761 sequi
1283 4667 1408 4760 operis
1428 4665 1611 4761 praetium
1631 4681 1694 4738 est

731 4859 779 4925 de
803 4856 922 4924 rotali
947 4855 1145 4923 Archivio.

280 5065 336 5136 17.
367 5085 393 5096 -
422 5039 557 5114 Rotale
585 5039 800 5114 Archivium
819 5040 868 5111 ad
888 5036 1108 5112 Vaticanum
1128 5037 1304 5124 existens,
1326 5035 1523 5110 duodecim
1543 5054 1696 5112 constat

193 5167 368 5241 cubiculis
397 5192 495 5262 quae
523 5163 701 5238 rotalibus
730 5164 964 5236 documentis
999 5162 1221 5235 redundant.
1257 5161 1314 5234 Ex
1344 5161 1401 5233 his
1437 5161 1641 5234 vetustiora
1675 5207 1695 5218 —

192 5290 335 5387 aliquot
362 5291 525 5389 demptis
552 5286 661 5363 bullis
691 5290 949 5362 Romanorum
979 5285 1195 5360 Pontificum
1226 5329 1242 5340 -
1271 5288 1342 5359 sub
1362 5286 1447 5382 ipso
1473 5285 1637 5359 Martino
1658 5287 1695 5358 V

192 5418 429 5513 prodierunt:
447 5415 646 5488 novissima
662 5439 751 5486 vero
765 5437 903 5485 annum
918 5411 1178 5508 praeseferunt
1194 5413 1305 5504 1870,
1318 5411 1378 5482 die
1391 5433 1439 5484 20
1450 5409 1694 5506 septembris.
