3686 5916
878 357 1015 417 Soecuto
1034 357 1065 416 X
1074 357 1157 418 VIII

967 727 1058 806 471.

261 888 451 962 Clementis
469 890 539 963 XI
542 891 579 962 V
584 891 787 964 constitutio
805 915 890 988 quo,
908 893 1091 964 renovatos
1108 919 1151 966 oc
1169 893 1397 986 confirmatis
1409 893 1622 992 privilegiis
1640 892 1751 965 Audi·

338 1024 469 1096 torum,
488 1014 722 1112 praefinitur
749 1015 936 1089 methodus
962 1017 1123 1113 elegendi
1147 1017 1363 1090 Studiorum
1383 1017 1601 1099 Adiutores·
1638 1017 1751 1113 cc'squs
1830 1033 1831 1124 t

339 1164 383 1211 oc
410 1139 564 1213 Socratis
595 1141 865 1236 recognoscitur
899 1141 1060 1237 qualitas
1086 1167 1259 1214 verorum
1290 1141 1502 1238 offinolt'um
1530 1143 1754 1241 Apostolum
1830 1147 1831 1180 ³

343 1262 459 1337 Sedis.

339 1419 454 1492 (Asca.
473 1419 561 1494 Rot,
585 1420 801 1494 ‹Prr'vitegia
814 1445 842 1496 »,
860 1427 937 1482 tom.
955 1421 1015 1492 ΙΙ).

1368 1561 1446 1634 1770,
1466 1560 1543 1619 maii
1564 1561 1607 1634 16,
1627 1561 1755 1619 Romae

342 1689 433 1763 Cum
445 1693 612 1788 prz'mum
642 1716 819 1787 supremo
840 1689 1027 1765 Coelestis
1056 1689 1333 1764 Patrislamilias
1361 1689 1515 1764 consilio
1534 1695 1585 1765 ad
1606 1691 1751 1765 Sacram

261 1814 302 1887 B.
326 1813 423 1886 Petri
449 1814 587 1888 Sedem
616 1815 734 1887 evecti
763 1815 899 1887 luimus
928 1838 1002 1887 nott
1031 1815 1151 1887 solum
1181 1815 1416 1910 percipimus,
1438 1840 1482 1888 ac
1501 1817 1653 1911 penitus
1672 1815 1752 1888 hau·

259 1941 375 2012 simus
404 1940 527 2013 animo
556 1940 717 2012 divinam
745 1939 843 2014 illam
871 1963 1014 2025 vocem,
1035 1964 1111 2036 qua
1129 1941 1178 2013 ad
1199 1939 1400 2013 Pastoralis
1421 1939 1528 2013 officii
1547 1941 1755 2037 implendas
1830 1955 1831 1966 ³

259 2079 387 2161 partes
425 2065 460 2136 in
498 2063 704 2138 excolendo
741 2064 937 2138 Dominico
971 2065 1088 2161 Agro,
1121 2063 1396 2161 pascendisque
1434 2063 1573 2138 Christi
1612 2065 1754 2138 Ovibus

258 2191 434 2263 continuo
462 2194 684 2276 excitamur;
716 2191 784 2264 sed
816 2191 980 2262 insonuit
1007 2190 1132 2276 etiam,
1162 2191 1300 2263 nostris
1336 2191 1500 2277 auribus,
1516 2208 1648 2286 ratque
1682 2192 1753 2262 inti·
1830 2181 1831 2196 ³

259 2316 328 2388 mis
356 2314 476 2388 haesit
505 2316 677 2388 sensibus
707 2315 870 2388 coeleste
898 2315 987 2389 illud
1016 2316 1232 2388 mandatum
1262 2340 1338 2411 quo
1376 2315 1538 2388 iudicare
1575 2315 1752 2413 Populum

259 2440 293 2512 in
322 2439 472 2526 iustitia,
493 2456 532 2513 et
561 2440 750 2536 Pauperes
770 2439 806 2513 in
827 2441 959 2513 iudicio
988 2440 1167 2514 iubemur.
1189 2437 1445 2532 Quamobrem
1465 2440 1536 2514 etsi
1555 2443 1604 2514 ad
1624 2465 1755 2539 geren-

258 2565 345 2636 dam
375 2563 626 2638 Ecclesiarum
646 2566 812 2638 omnium
833 2564 1114 2638 sollicitudinem
1133 2563 1371 2661 quotidianas
1391 2565 1642 2660 impendimus
1661 2567 1752 2660 cogi-

260 2689 429 2775 tationes,
452 2707 492 2764 et
519 2713 639 2774 curaS,
660 2689 708 2762 ad
737 2716 782 2763 ea
812 2707 935 2763 tamen
964 2689 1076 2761 etiam
1106 2689 1357 2763 convertimus
1384 2691 1559 2776 animum,
1581 2715 1681 2786 quae
1700 2689 1752 2761 tel

259 2814 307 2886 ad
335 2815 635 2898 confirmandam,
658 2814 716 2887 vel
745 2815 793 2888 ad
812 2812 1094 2886 restaurandam
1114 2815 1149 2886 in
1170 2815 1280 2887 huius
1299 2814 1432 2887 Almae
1453 2813 1568 2887 Urbis
1593 2814 1753 2888 Nostrae
1830 2849 1831 2918 3

257 2939 521 3012 Tribunalibus
549 2955 699 3024 rectam,
721 2955 835 3035 atque
855 2939 1040 3035 integram
1059 2938 1276 3011 iudiciorum
1296 2939 1478 3012 rationem
1498 2956 1586 3034 apta
1606 2965 1650 3012 ac
1670 2965 1751 3012 con·
1830 2955 1831 2976 ¹

258 3079 438 3136 sentanea
466 3088 551 3136 esse
575 3063 835 3158 comperimus.
858 3063 953 3136 Cum
974 3087 1064 3136 vero
1084 3063 1320 3158 potissimum
1341 3065 1375 3136 in
1396 3062 1607 3138 Causarum
1628 3064 1752 3137 Palatii

259 3187 387 3260 Nostri
422 3187 629 3282 Apostolici
655 3188 876 3274 ‘Auditorio
911 3204 995 3261 toto
1032 3186 1136 3261 Orbe
1173 3186 1427 3274 celeberrimo,
1458 3189 1749 3284 sapientissimis,
1830 3201 1831 3204 ’

258 3338 300 3385 ac
329 3313 628 3407 exquisitissimis
657 3313 823 3410 Legibus
852 3339 874 3385 a
904 3313 1083 3385 Romanis
1122 3311 1359 3388 Pontificibus
1399 3311 1754 3387 Praedecessoribus
1830 3331 1831 3340 ¹

260 3437 410 3510 Nostris
438 3439 630 3523 instruct0,
663 3439 718 3509 ius
748 3461 821 3510 non
855 3437 974 3510 solum
1019 3435 1181 3521 Nostris,
1220 3455 1335 3533 atque
1363 3435 1609 3534 Apostolicae
1647 3439 1753 3512 Sedis
1830 3431 1831 3500 l

258 3561 454 3658 temporali
483 3561 611 3635 ditioni
631 3561 789 3634 subditis
810 3561 971 3657 Populis,
995 3561 1062 3635 sed
1082 3561 1256 3636 universo
1276 3562 1388 3634 etiam
1417 3561 1633 3638 Christiano
1661 3563 1751 3636 Orbi
1830 3561 1831 3564 ’

260 3689 353 3761 miro
395 3689 523 3761 ordine
565 3685 754 3771 reddatur,
785 3705 823 3760 et
865 3688 928 3783 qui
966 3687 1002 3758 in
1039 3685 1102 3760 illo
1141 3687 1311 3760 assident
1348 3685 1555 3761 Duodecim
1585 3688 1673 3774 Viri,
1703 3690 1749 3761 ab

257 3813 396 3886 exteris
426 3835 577 3906 quoque
606 3811 741 3885 delecti
769 3811 1007 3907 quaesitique
1026 3811 1270 3910 Regionibus,
1293 3835 1360 3885 nec
1389 3811 1524 3898 studio,
1548 3837 1616 3886 uec
1636 3814 1750 3887 labori

257 3954 435 4033 parceant
448 3937 485 4007 in
499 3937 782 4032 cognoscendis,
803 3954 843 4009 et
862 3961 1008 4009 summa
1027 3935 1254 4033 integritate,
1276 3962 1319 4009 ac
1338 3936 1520 4031 sapientia
1539 3936 1751 4012 dirimendis

257 4061 531 4144 controversiis,
553 4085 596 4134 ac
618 4060 754 4146 litibus,
776 4086 873 4159 quae
902 4061 951 4133 ad
979 4085 1108 4134 eorum
1140 4059 1378 4133 Auditorium
1407 4061 1640 4148 deseruntur;
1672 4089 1749 4160 pro·

258 4201 389 4280 pterea
418 4183 498 4257 Nos
527 4185 655 4258 maiori
685 4209 835 4281 semper
862 4185 1077 4258 earumdem
1114 4185 1271 4281 Legum,
1302 4209 1346 4258 ac
1379 4185 1616 4261 Statutorum
1647 4191 1750 4262 huius

257 4309 466 4382 Tribunalis
495 4309 656 4382 firmitati
686 4308 901 4406 prospicere
928 4309 1111 4394 volentes,
1133 4330 1171 4381 et
1200 4309 1230 4382 si
1258 4310 1349 4404 quid
1369 4309 1406 4382 in
1426 4309 1556 4383 iisdem
1576 4337 1624 4385 ex
1644 4313 1747 4397 fluxa,

257 4433 496 4530 variabilique
525 4435 770 4506 humanarum
804 4459 927 4508 rerum
957 4449 1087 4507 natura
1126 4434 1174 4506 sit
1211 4434 1458 4520 immutatum,
1489 4462 1681 4520 renovare,
1711 4463 1749 4508 ac

256 4574 480 4641 restaurare,
503 4573 544 4630 ut
562 4559 811 4654 negotiorum,
832 4574 871 4630 et
892 4555 1111 4643 Causarum,
1133 4582 1230 4652 quae
1259 4559 1294 4628 in
1322 4557 1384 4630 illo
1413 4575 1620 4633 tractantur
1648 4587 1747 4634 accu-

257 4683 465 4755 ratissimus
493 4681 598 4765 ordo,
629 4708 671 4754 ac
701 4683 794 4756 ratio
824 4697 990 4764 constet;
1021 4700 1059 4755 et
1088 4699 1283 4776 praeterea
1310 4682 1465 4779 dignum
1502 4687 1655 4758 omnino
1683 4689 1745 4758 exi·

256 4809 451 4880 stimantes
478 4806 697 4880 eorumdem
729 4806 939 4879 Duodecim
971 4806 1143 4879 Virorum
1172 4806 1405 4904 dignitatem,
1437 4833 1480 4881 ac
1514 4809 1745 4905 splendorem

258 4957 410 5028 augere,
439 4949 478 5004 et
506 4932 612 5003 novis
640 4955 707 5004 eos
735 4931 922 5005 beneficiis
951 4957 994 5004 ac
1022 4932 1153 5029 gratiis
1181 4933 1370 5028 prosequi,
1398 4931 1467 5005 hac
1496 4951 1624 5008 nostra
1655 4935 1747 5009 Con-

256 5057 448 5130 stitutione
477 5073 684 5151 perpetuae
714 5055 828 5153 Legis
856 5055 930 5128 vim
962 5055 1144 5140 habitura,
1175 5056 1366 5140 edicimus,
1402 5073 1517 5154 atque
1554 5062 1743 5132 sancimus.

343 5205 373 5256 1.
404 5180 460 5253 At
489 5181 648 5277 primum
677 5205 819 5266 omnes,
842 5196 880 5252 et
900 5182 1066 5279 singulas
1088 5180 1400 5266 Constitutiones,
1423 5207 1467 5254 ac
1486 5183 1631 5258 Literas
1651 5185 1741 5278 Apo

258 5307 409 5381 stolicas
442 5331 680 5406 quocumque
719 5307 867 5379 nomine
905 5324 1165 5403 nuncupentur
1199 5330 1298 5403 quae
1332 5305 1368 5378 in
1405 5307 1523 5404 ipsius
1554 5309 1739 5389 Auditorii,

257 5433 413 5528 eiusque
451 5433 688 5518 Auditorum,
723 5446 762 5504 et
800 5431 1147 5506 Locumteuentium
1185 5457 1254 5528 pro
1294 5447 1465 5529 tempore
1501 5435 1737 5516 existentium,
