3720 5914
790 311 884 370 Sixto
901 311 954 370 IV
1563 311 1618 374 205

116 503 303 580 sodomie.
331 504 435 589 Item,
465 503 568 600 quod
597 505 632 576 in
652 504 767 578 domo
795 528 873 589 sua,
905 522 993 578 sunt
1012 520 1159 601 septem
1188 505 1285 591 anni,
1311 523 1377 580 aut
1396 506 1528 592 circha,
1550 506 1618 580 suit

114 631 361 704 commissum
388 629 601 706 omicidium
629 645 669 704 et
696 630 914 704 interiectus
943 630 1149 704 cavalerius
1178 648 1265 705 tunc
1293 631 1461 706 officialis
1479 633 1616 729 padue.

116 755 169 829 Et
197 771 402 850 propterea
428 755 510 851 ipse
538 754 712 830 dominus
741 752 961 829 Franciscus
989 755 1057 828 iuit
1085 773 1218 851 captus
1247 770 1286 829 et
1315 755 1420 830 stetit
1438 755 1473 830 in
1494 782 1618 831 carce·

117 879 222 952 ribus
250 879 286 952 in
314 877 471 953 castello
498 877 625 953 multis
653 878 786 954 diebus
804 893 844 954 et
862 881 965 976 quod
985 897 1130 976 postca,
1153 897 1343 977 tamquam
1364 881 1530 966 clericus,
1552 881 1619 954 suit

115 1017 324 1078 extractus.
353 1005 405 1078 Et
422 1003 526 1100 quod
547 1004 680 1080 iratres
701 1004 758 1078 sui
777 1004 928 1079 suerunt
955 1005 1230 1103 condempnati,
1260 1005 1373 1102 aliqui
1401 1007 1543 1083 banniti
1569 1005 1619 1081 ad

117 1145 209 1214 tres,
249 1127 363 1224 aliqui
390 1144 587 1224 perpetuo.
617 1129 669 1202 Et
695 1128 798 1225 quod
826 1144 886 1203 est
914 1128 994 1202 vilis
1022 1144 1061 1204 et
1088 1131 1255 1205 abiectus
1274 1146 1314 1205 et
1333 1131 1467 1206 iuravit
1484 1131 1617 1206 falsum

120 1251 264 1328 millies.
295 1252 345 1327 Et
378 1270 465 1327 sunt
498 1269 586 1328 octo
613 1253 701 1328 anni
734 1251 872 1349 quibus
900 1254 1098 1353 cognoscit
1122 1280 1218 1331 eum.
1241 1253 1291 1328 Et
1318 1257 1422 1352 quod
1449 1256 1536 1332 licet
1558 1254 1619 1331 ali·

119 1379 278 1474 quando
304 1378 439 1476 legerit
467 1379 602 1476 padue,
633 1395 758 1454 tamen
779 1379 846 1454 suit
873 1395 1045 1454 cassatus
1073 1397 1231 1478 propter
1256 1380 1492 1459 dementiam¹
1513 1407 1619 1456 suam

122 1518 163 1577 et
190 1502 416 1599 superbiam.

870 1697 891 1740 *

849 1759 911 1804 *ἢ

77 1883 80 1886 ’
122 1893 244 1968 Rotae
270 1893 499 1968 Andriorum
531 1895 662 1970 relatio
697 1896 752 1969 ad
784 1896 1008 1972 Rodericum
1042 1897 1201 1994 Borgt'n,
1235 1897 1482 1985 cardinalem,
1523 1899 1620 1974 Vict-

202 2017 484 2097 Concaellarium.
513 2043 708 2118 eorumque
734 2021 935 2095 declaratio
961 2023 1159 2096 uoluntatis
1177 2023 1420 2098 Framocum
1440 2024 1621 2098 Brcoium

198 2169 272 2216 non
312 2143 515 2242 recipiendi
551 2171 663 2243 neque
699 2146 926 2232 admittendi,
965 2155 1084 2246 utpote
1119 2145 1297 2222 hominem
1333 2148 1557 2241 infamatum
1588 2159 1622 2221 et

199 2269 423 2366 purgatione
450 2280 541 2367 opus
567 2269 761 2344 hubertum.

198 2419 316 2494 (Aaou
335 2421 422 2494 Rom,
447 2422 493 2482 «l.
512 2439 536 2482 c.
550 2447 576 2497 o,
595 2441 627 2482 n.
646 2425 704 2496 16).

201 2607 531 2682 Reverendissime
568 2625 678 2705 pater
714 2624 754 2683 et
790 2610 939 2684 domine
968 2627 1097 2684 noster
1130 2611 1400 2687 colendissime.
1433 2611 1485 2685 Ut
1518 2639 1622 2687 man-

116 2731 220 2805 datis
248 2731 374 2804 Sancti
404 2731 556 2805 Domini
584 2729 718 2810 Nostri
753 2750 793 2808 et
827 2749 954 2808 vestre
994 2735 1322 2810 Reverendissime
1357 2737 1620 2812 dominationis

117 2855 360 2930 obediremus
388 2871 427 2929 et
456 2857 785 2931 constitutionibus
804 2857 1116 2947 satisfaceremus,
1139 2861 1357 2934 caventibus
1376 2862 1478 2957 quod
1498 2861 1620 2936 nullus

118 2979 298 3075 deinceps
317 3005 514 3054 causarum
534 2980 661 3078 palatii
675 2982 872 3078 apostolici
891 2983 927 3056 in
942 2985 1166 3058 Auditorem
1182 2985 1382 3082 recipiatur
1400 2987 1470 3060 nisi
1488 2987 1622 3062 doctor

121 3103 237 3177 tuerit
263 3101 431 3178 famosus
459 3104 548 3179 iuris
577 3149 603 3160 -
631 3121 671 3178 et
698 3123 787 3202 post
814 3107 1063 3194 doctoratum,
1084 3108 1120 3182 in
1139 3133 1186 3184 eo
1206 3127 1410 3206 receptum,
1430 3135 1498 3209 per
1513 3111 1622 3185 trien-

121 3227 225 3300 nium
253 3228 302 3301 ad
332 3229 455 3302 minus
482 3228 619 3328 legerit
647 3232 681 3303 in
710 3231 844 3306 eodem
874 3277 899 3287 -
928 3233 1052 3331 sitque
1081 3237 1365 3309 commendatus
1394 3235 1441 3309 de
1474 3235 1550 3308 vita
1577 3259 1621 3309 ac

125 3376 274 3426 morum
304 3351 504 3428 honestate
531 3353 690 3451 aliisque
718 3357 917 3431 virtutibus
933 3373 1013 3431 -et
1029 3360 1078 3432 ab
1097 3359 1197 3433 omni
1217 3384 1370 3434 munere
1391 3359 1465 3433 sint
1482 3359 1621 3434 munde

118 3501 256 3550 manus
283 3477 366 3550 eius
393 3521 420 3532 -
447 3494 487 3553 et
514 3481 655 3554 bonum
684 3480 823 3554 habeat
851 3481 1103 3556 testimonium
1131 3527 1153 3538 -
1186 3483 1399 3580 habeatque
1426 3485 1476 3558 ad
1500 3485 1620 3559 minus

119 3603 201 3674 sive
229 3600 266 3672 in
295 3601 404 3675 bonis
432 3603 520 3690 suis,
553 3603 631 3678 sive
670 3604 706 3677 in
734 3605 843 3680 bonis
870 3604 1130 3681 ecclesiasticis
1161 3633 1236 3684 200
1273 3609 1437 3683 florenos
1463 3609 1545 3683 auri
1573 3609 1620 3682 de

117 3747 271 3799 camera
300 3725 336 3797 in
377 3726 539 3822 portatis
570 3745 640 3804 etc.
671 3771 696 3783 -
724 3721 905 3827 quodqu!
940 3747 1143 3828 postquam
1171 3733 1279 3807 suerit
1304 3759 1525 3808 concessum
1554 3759 1622 3830 per

119 3872 261 3948 papam
295 3850 459 3948 aliquem
488 3853 525 3926 in
553 3853 779 3928 Auditorem
812 3879 1009 3930 causarum
1047 3857 1134 3930 dicti
1168 3858 1296 3954 palatii
1328 3858 1486 3946 admitti,
1515 3874 1621 3934 ante-

118 4004 236 4077 quam
265 3979 419 4053 uiterius
458 3979 687 4074 procedatur
717 3980 767 4052 ad
800 3979 918 4077 ipsius
944 3979 1222 4068 admissionem,
1254 3983 1431 4058 Decanus
1460 3983 1621 4058 Audito·

120 4129 204 4177 rum
224 4103 478 4201 predictorum
507 4102 555 4176 de
569 4104 762 4199 premissis
776 4105 899 4179 facere
913 4120 1086 4180 teneatur
1100 4105 1374 4203 inquisitionem
1390 4108 1618 4208 diligentem,

117 4245 161 4302 et
189 4227 366 4324 quicquid
395 4251 463 4323 per
490 4252 573 4300 eam
594 4230 810 4326 reppererit,
826 4229 985 4303 fideliter
1002 4230 1139 4304 reierat
1158 4232 1455 4307 vicecancellario
1473 4234 1620 4330 —quod

119 4353 181 4427 hic
209 4352 376 4426 similiter
404 4367 580 4426 teneatur
606 4378 704 4452 pape
732 4380 922 4452 exponere
949 4399 975 4410 —
1003 4373 1041 4430 et
1068 4358 1099 4430 si
1118 4357 1258 4454 aliquid
1277 4359 1325 4432 de
1344 4361 1537 4456 premissis
1556 4359 1622 4432 de-

119 4477 234 4551 fuerit
261 4477 310 4550 ad
347 4477 616 4550 admissionem
644 4477 762 4574 ipsius
798 4479 948 4554 minime
980 4482 1208 4576 procedatur
1244 4498 1328 4565 etc,
1362 4499 1439 4558 tam
1472 4477 1508 4555 in
1536 4506 1622 4578 pre-

120 4601 246 4676 sentia
273 4599 405 4674 decani
434 4602 565 4688 nostri,
594 4626 707 4697 quam
737 4605 773 4676 in
800 4603 881 4678 eius
908 4606 1079 4680 absentia
1105 4606 1187 4680 eius
1205 4609 1297 4691 vice,
1319 4607 1622 4698 Examinavimus

121 4724 323 4802 nonnullos
352 4740 482 4813 testes,
513 4728 655 4824 probos
682 4743 723 4802 et
750 4729 885 4826 dignos
913 4730 1026 4817 viros,
1048 4756 1165 4827 super
1183 4731 1436 4807 habilitatibus
1463 4732 1622 4807 etfama

119 4848 347 4926 venerabilis
377 4848 542 4924 doctoris
561 4849 701 4926 domini
721 4848 941 4958 F[rancisci]
963 4854 1096 4940 Brevii,
1118 4857 1253 4942 veneti,
1275 4881 1388 4954 quem
1408 4857 1506 4931 idem
1528 4857 1623 4930 San-

119 4993 204 5051 ctus
234 4975 419 5049 Dominus
449 4974 592 5048 Noster
624 4976 658 5048 in
688 4975 914 5053 Auditorem
948 4980 1095 5054 admitti
1124 4982 1325 5066 mandavit,
1356 4982 1516 5056 servatis
1545 5006 1619 5056 ser·
1649 5000 1656 5014 ·

122 5100 269 5176 vandiS.
456 5185 458 5192 ¹

201 5226 273 5300 Per
301 5250 399 5321 quos
428 5242 560 5312 testes,
592 5227 715 5300 medio
752 5227 962 5302 iuramento
992 5231 1238 5318 examinatos,
1270 5230 1504 5328 Reperimus,
1536 5257 1620 5328 pre·

120 5353 263 5428 dictum
292 5349 485 5425 dominum
514 5351 754 5428 Franciscum
785 5377 858 5428 non
881 5351 1007 5440 fuisse,
1031 5378 1099 5428 nec
1118 5379 1204 5429 esse
1223 5353 1417 5429 doctorem
1435 5355 1619 5430 famosum
