3748 5914
242 287 297 348 262
886 282 1021 342 Soeculo
1040 281 1128 342 XVI

240 482 385 556 litteras
412 477 641 575 apostolicas
668 491 707 548 et
735 475 832 549 hunc
861 489 1030 548 nostrum
1059 496 1276 571 processum
1305 498 1349 547 ac
1377 475 1501 546 omnia
1529 486 1568 544 et
1592 471 1746 570 'singula

243 606 279 679 in
307 607 361 678 eis
390 620 566 678 contenta
593 601 701 674 vobis
729 600 904 674 omnibus
922 614 962 672 et
989 596 1144 696 singulis
1164 598 1389 694 supradictis
1406 598 1654 672 communiter
1686 596 1747 669 vel

243 729 389 804 divisim
418 727 642 812 intimamus,
672 725 902 798 insinuamus
920 738 961 798 et
987 721 1231 810 notificamus,
1252 746 1295 796 ac
1315 724 1364 795 ad
1383 737 1550 796 nostram
1570 735 1609 796 et
1627 721 1746 796 cuius-

242 855 333 929 libet
360 869 527 928 vestrum
558 851 728 924 notitiam
755 847 976 924 deducimus
1004 864 1044 922 et
1071 847 1205 921 deduci
1231 847 1405 922 volumus
1437 873 1506 944 per
1532 862 1744 943 presentes,

243 1005 390 1077 vosque
418 978 591 1053 dominos
620 975 842 1071 Scriptores,
873 974 1178 1060 Abbreviatores,
1209 972 1452 1056 Secretarios,
1476 971 1747 1045 Sollicitatores

244 1105 462 1204 Magistros,
486 1100 729 1187 Collectores,
749 1099 923 1174 Brevium
939 1097 1159 1194 Scriptores,
1177 1098 1460 1195 Registratores
1479 1114 1518 1171 et
1536 1097 1630 1171 alios
1644 1096 1747 1170 Can-

243 1229 391 1305 cellarie
419 1243 458 1302 et
487 1225 600 1301 Curie
631 1223 820 1299 Officiales
849 1223 1099 1320 supradictos,
1129 1224 1265 1318 quibus
1297 1246 1454 1318 presens
1492 1237 1621 1297 noster
1655 1246 1743 1318 pro-

244 1379 374 1429 cessus
402 1351 584 1450 dirigitur,
614 1366 746 1424 tenore
773 1348 1003 1446 presentium
1034 1347 1256 1444 requirimus
1297 1362 1337 1420 et
1372 1370 1579 1430 monemus,
1610 1347 1743 1443 primu,

244 1477 421 1563 secundo,
452 1491 492 1550 et
517 1475 640 1560 tertio,
669 1473 933 1571 peremptorie,
963 1473 1210 1546 communiter
1236 1471 1295 1545 vel
1323 1471 1479 1560 divisim,
1501 1495 1545 1544 ac
1574 1472 1679 1546 vobis
1705 1489 1747 1546 et

243 1621 412 1678 vestrum
441 1599 590 1674 cuilibet
617 1598 816 1673 insolidum
844 1599 880 1670 in
908 1597 1045 1670 virtute
1074 1612 1204 1670 sancte
1232 1597 1443 1671 obedientie
1471 1613 1510 1670 et
1539 1598 1609 1670 sub
1636 1597 1748 1669 inlra·

245 1727 395 1824 scriptis
423 1724 692 1798 sententiarum
721 1721 829 1818 penis
857 1722 1025 1795 districte
1043 1720 1285 1818 precipiendo
1304 1719 1538 1808 mandamus,
1557 1738 1748 1818 quatenus

246 1851 339 1924 infra
377 1871 445 1922 sex
481 1847 625 1920 dierum
660 1846 824 1942 spatium
866 1863 954 1941 post
989 1846 1320 1943 presentationem,
1350 1870 1432 1918 seu·
1454 1845 1746 1923 notificationem

245 1975 430 2050 dictarum
458 1972 650 2046 literarum
691 1971 983 2067 apostolicarum
1021 1988 1059 2046 et
1091 1971 1279 2068 presentis
1321 1971 1439 2045 nostri
1470 1995 1673 2067 processus
1702 1997 1749 2047 ac

245 2098 497 2196 requisitionis
525 2098 642 2181 vobis,
673 2107 740 2169 seu
774 2096 879 2171 alteri
900 2112 1065 2170 vestrum
1093 2096 1222 2192 lactas,
1245 2111 1284 2168 et
1310 2114 1513 2192 postquam
1540 2122 1610 2192 pro
1639 2113 1748 2192 parte

246 2225 431 2300 dictorum
462 2222 770 2298 Reverendorum
799 2222 834 2294 in
866 2221 1018 2295 Christo
1036 2237 1185 2317 patrum
1205 2222 1441 2294 dominorum
1461 2220 1687 2294 Auditorum
1708 2237 1749 2292 et

246 2375 377 2425 eorum
405 2347 693 2422 locatenentium
722 2346 977 2444 principalium
1006 2348 1138 2446 vigore
1171 2344 1403 2442 presentium
1431 2369 1546 2442 super
1574 2346 1644 2418 hoc
1673 2345 1750 2420 lue·

128 2473 132 2480 ’
246 2475 327 2550 ritis
355 2473 534 2570 requisiti,
564 2498 631 2546 seu
660 2471 757 2546 alter
784 2488 952 2546 vestrum
982 2471 1090 2546 luerit
1118 2471 1331 2576 requisitus,
1352 2471 1565 2546 immediate
1583 2495 1749 2567 sequen-

247 2616 316 2686 teS,
347 2624 508 2694 quorum
536 2621 603 2672 sex
630 2597 773 2671 dierum
803 2597 900 2671 duos
928 2621 998 2694 pro
1025 2597 1157 2694 primo,
1188 2597 1283 2670 duos
1312 2621 1382 2692 pro
1411 2597 1588 2678 secundo,
1609 2613 1648 2667 et
1668 2595 1745 2669 reli-

248 2748 345 2820 quos
374 2723 471 2796 duos
504 2723 586 2795 dies
614 2722 722 2795 vobis
751 2721 933 2795 universis
962 2737 1001 2794 et
1028 2721 1185 2818 singulis
1218 2721 1442 2817 supradictis
1470 2745 1541 2815 pro
1568 2721 1681 2793 tertio
1709 2739 1748 2794 et

247 2846 504 2945 peremptorio
525 2844 684 2918 termino
702 2870 747 2918 ac
761 2846 965 2920 monitione
984 2847 1162 2920 canonica
1180 2817 1430 2942 assignamus,
1448 2844 1602 2919 eosdem
1624 2845 1748 2919 Reve-

248 2972 387 3046 rendos
415 2986 544 3066 patres
581 2969 753 3044 dominos
782 2971 988 3046 Auditores
1016 2987 1056 3044 et
1092 2997 1223 3044 eorum
1259 2972 1515 3044 locatenentes
1546 2993 1748 3066 quascum-

246 3121 325 3194 que
362 3094 507 3169 litteras
548 3093 775 3190 apostolicas
800 3087 893 3168 'tam
934 3096 1096 3193 gratiam
1138 3120 1252 3191 quam
1293 3095 1470 3169 iustitiam
1507 3094 1566 3167 vel
1605 3095 1747 3168 mixtim

246 3234 534 3295 concernentem
563 3242 659 3313 quas
688 3219 893 3314 quemlibet
925 3221 1093 3316 ipsorum
1124 3220 1349 3295 Auditorum
1381 3235 1421 3293 et
1456 3219 1747 3294 locatenentium

248 3345 422 3419 duxerint
448 3344 646 3440 acceptari,
676 3346 796 3442 gratis
838 3345 978 3442 ubique
1017 3345 1051 3418 in
1089 3345 1244 3444 singulis
1285 3346 1421 3419 vestris
1459 3344 1622 3430 Officiis,
1665 3345 1748 3442 qui-

247 3469 375 3546 busvis
402 3467 683 3564 exceptionibus
702 3486 741 3542 et
760 3469 999 3544 dilationibus
1017 3495 1061 3544 ac
1081 3471 1352 3566 compositione
1367 3469 1612 3555 cessantibus,
1634 3468 1749 3542 libere

248 3593 470 3690 expediatis,
499 3608 538 3666 et
570 3593 738 3689 expediri
766 3594 917 3681 faciatis,
946 3612 985 3669 et
1025 3595 1271 3692 permittatis;
1301 3616 1345 3669 ac
1386 3595 1476 3692 ipsis
1514 3593 1748 3666 Reverendis

249 3718 408 3792 dominis
437 3717 683 3792 Auditoribus
711 3743 918 3816 eorumque
946 3720 1256 3806 locatenentibus,
1289 3743 1384 3793 nunc
1412 3736 1452 3793 et
1478 3743 1548 3814 pro
1577 3734 1749 3814 tempore

249 3849 508 3932 existentibus,
555 3847 590 3918 in
623 3843 817 3938 premissis
851 3844 1013 3919 efficacis
1055 3845 1281 3919 defensionis
1320 3846 1485 3942 presidio
1513 3846 1747 3932 assistentes,

248 3971 392 4047 faciatis
421 3970 642 4046 auctoritate
663 3985 792 4041 nostra
813 3985 1007 4056 statutum,
1030 3969 1311 4056 ordinationem,
1333 3987 1563 4067 preceptum,
1585 3987 1625 4044 et
1645 3995 1749 4043 man·

249 4099 378 4172 datum
406 4095 585 4193 predicta,
603 4092 757 4166 firmiter
776 4095 979 4179 observari,
1001 4093 1181 4190 ipsosque
1201 4095 1405 4170 Auditores
1424 4113 1463 4169 et
1490 4121 1620 4173 eorum
1648 4095 1750 4168 loca·

249 4237 435 4308 tenentes,
480 4245 576 4293 nunc
613 4236 653 4294 et
689 4243 758 4315 pro
795 4235 967 4314 tempore
1008 4219 1225 4307 existentes,
1270 4218 1339 4292 illis
1390 4219 1541 4318 pacifice
1581 4220 1750 4318 gaudere

250 4347 405 4424 faciatis.
435 4345 550 4440 Quod
578 4345 608 4417 si
637 4346 733 4418 sorte
762 4345 946 4439 premissa
974 4346 1099 4418 omnia
1126 4362 1166 4419 et
1195 4344 1342 4442 singula
1362 4369 1435 4419 non
1457 4345 1750 4442 adimpleveritis

251 4469 511 4566 mandatisque
541 4484 579 4541 et
607 4468 871 4542 monitionibus
899 4469 1038 4542 nostris
1065 4469 1290 4556 huiusmodi,
1309 4493 1435 4566 ymmo
1454 4469 1579 4543 verius
1598 4486 1751 4565 aposto·

249 4595 339 4680 licis,
366 4619 440 4668 non
468 4594 667 4690 parueritis
695 4619 778 4667 cum
806 4591 952 4678 effectu,
974 4618 1043 4666 nos
1072 4594 1108 4666 in
1136 4619 1205 4668 vos
1225 4621 1356 4668 omnes
1375 4610 1413 4668 et
1432 4594 1601 4692 singulos
1621 4617 1750 4690 supra·

250 4719 371 4793 dictos
390 4734 579 4815 quatenus
606 4718 837 4814 culpabiliter
855 4718 996 4791 fueritis
1017 4718 1051 4796 iu
1070 4719 1273 4816 premissis,
1295 4735 1334 4792 et
1352 4720 1579 4817 generaliter
1606 4719 1641 4792 in
1661 4743 1751 4792 con-

251 4843 472 4919 tradictores
500 4843 689 4939 quoslibet
721 4860 759 4916 et
801 4843 960 4918 rebelles
1001 4869 1046 4918 ac
1079 4845 1325 4940 impedientes
1357 4845 1461 4941 ipsos
1502 4843 1749 4918 Reverendos

251 4984 378 5066 patres
406 4969 578 5042 dominos
613 4969 820 5042 Auditores
857 4983 897 5041 et
937 4994 1066 5044 eorum
1104 4968 1370 5055 locatenentes,
1401 4993 1472 5065 pro
1506 4983 1677 5064 tempore
1712 4989 1750 5042 et

250 5118 349 5167 nunc
375 5093 592 5177 existentes,
623 5093 857 5188 principales,
880 5118 995 5188 super
1023 5093 1214 5190 premissis
1232 5094 1268 5166 in
1287 5093 1412 5190 aliquo
1440 5094 1543 5190 ipsos
1562 5109 1751 5168 eteorum

250 5217 455 5314 quemlibet
482 5217 728 5312 impedientes
757 5216 943 5304 auxilium,
973 5217 1164 5291 consilium
1201 5217 1262 5291 vel
1299 5218 1475 5306 savorem,
1515 5217 1662 5314 publice
1691 5219 1752 5292 vel

251 5342 406 5429 occulte,
437 5341 577 5416 directe
614 5341 673 5415 vel
715 5340 903 5429 indirecte,
948 5343 1082 5438 quovis
1122 5343 1272 5439 quesito
1308 5343 1444 5432 colore,
1484 5343 1754 5442 cuiuscumque
