3718 5918
885 312 1021 372 So'eculo
1039 311 1142 372 XVII

961 663 1051 745 360.

262 831 459 931 Differtur
493 833 611 908 Ratae
647 830 802 930 aperitio
830 838 988 928 propter
1027 827 1195 928 Capellas
1232 793 1448 921 Pantzfieias
1482 823 1679 899 celebratas
1713 824 1751 896 ab

341 957 522 1054 insignem
556 955 746 1030 victoriam
793 953 1090 1028 Christianorum
1124 962 1252 1026 cantra
1300 949 1338 1025 T
1332 976 1444 1026 arcas
1484 949 1539 1022 ad
1580 949 1751 1024 Viennam

344 1083 533 1156 Austriae.

346 1238 459 1310 (Anca.
478 1237 566 1308 Ror.
589 1233 776 1293 «Deare'um
796 1234 908 1294 Iacobe’
922 1231 1109 1304 Emerita).

756 1415 852 1490 Ven.
888 1437 902 1486 1
937 1413 1116 1488 Octobris
1150 1414 1262 1504 1683.

346 1601 433 1672 343.
466 1635 474 1651 .
507 1636 514 1652 .
546 1636 553 1652 .
584 1577 673 1672 quia
709 1589 866 1672 propter
884 1574 1069 1672 insignem
1088 1570 1281 1646 victoriam
1300 1570 1351 1643 ad
1368 1567 1554 1643 Viennam
1583 1569 1757 1642 Austriae

269 1729 311 1778 12
343 1701 568 1798 septembris
596 1701 766 1798 proxime
785 1699 977 1796 praeteriti
1006 1755 1014 1772 .
1046 1757 1054 1774 .
1086 1757 1094 1773 .
1125 1711 1256 1771 contra
1274 1695 1419 1770 Turcas
1442 1696 1649 1777 obtentam,
1667 1693 1760 1766 cele·
1843 1675 1844 1720 ⁴

262 1830 393 1903 bratae
421 1829 570 1902 luerunt
587 1828 623 1900 io
645 1823 828 1922 Cappella
856 1823 1057 1909 Pontificia,
1080 1822 1175 1898 ultra
1204 1821 1361 1894 Missam
1390 1879 1398 1896 .
1431 1879 1439 1894 .
1471 1878 1479 1894 .
1510 1845 1579 1916 pro
1607 1819 1759 1892 victoria

263 1952 377 2027 etiam
404 1951 586 2048 exequiae
614 1975 684 2048 pro
713 1950 883 2024 Ducibus
911 1965 951 2023 et
979 1947 1158 2022 Militibus
1189 2008 1196 2022 .
1228 2004 1236 2020 .
1269 2005 1276 2020 .
1307 1943 1502 2031 defunctis,
1529 2001 1536 2019 .
1568 2002 1576 2018 .
1610 2000 1618 2016 .
1649 1943 1759 2016 dilata

264 2077 332 2152 tuit
357 2076 516 2174 aperitio
545 2076 667 2150 Rotae
696 2075 882 2172 usquein
911 2074 1010 2150 diem
1040 2071 1216 2146 Mercurii
1245 2075 1267 2144 6
1297 2069 1518 2144 currentis.
1551 2127 1558 2143 .
1591 2130 1600 2145 .

964 2355 1054 2434 361.

266 2524 427 2597 Annuae
452 2521 626 2620 exequiae
654 2520 881 2594 Auditorum
901 2517 1266 2619 praedefimctomm
1286 2516 1396 2591 eiexta
1417 2516 1536 2590 latum
1561 2515 1760 2589 Decretum

345 2673 406 2722 au.
436 2651 542 2743 1674,
571 2645 752 2720 celebrari
774 2643 1011 2718 debellantia
1038 2641 1202 2717 Ecclesia
1229 2640 1268 2718 S.
1304 2641 1508 2716 Laurentii
1521 2641 1562 2714 in
1580 2637 1756 2714 Damaso.
1843 2665 1844 2692 ¹

348 2803 465 2874 (Anca.
484 2800 570 2875 Rom,
595 2799 785 2859 ‹Deartum
804 2797 916 2858 Iacobt
931 2796 1073 2858 Emertx
1085 2797 1120 2868 ν).

777 2983 872 3056 Ven.
906 3002 925 3074 7
956 2981 1113 3056 Ianuarii
1148 2982 1260 3072 1684.

348 3169 435 3242 345.
467 3147 553 3220 Fuit
579 3144 691 3220 hodie
719 3143 768 3218 de
795 3166 900 3216 more
928 3142 1157 3216 celebratum
1191 3139 1498 3215 Anniversarium
1520 3137 1758 3238 Collegarum

266 3287 481 3347 nostrorum
508 3268 735 3344 Auditorum
763 3265 1115 3364 praedefunctorum
1135 3265 1171 3338 in
1200 3262 1368 3339 Ecclesia
1388 3263 1427 3341 S.
1447 3264 1571 3340 lacobi
1590 3264 1758 3338 Nationis

268 3396 487 3492 Hispaniae,
518 3393 576 3468 cui
603 3417 677 3490 ego
705 3415 779 3466 non
808 3391 956 3465 interlui
984 3391 1072 3488 quia
1108 3390 1211 3464 iuxta
1245 3388 1518 3464 ordinationem
1553 3387 1693 3463 laetam
1727 3389 1759 3462 in

267 3521 381 3596 Plena
409 3521 510 3592 Rota
536 3540 635 3592 anno
661 3522 759 3610 1674
778 3516 814 3590 in
842 3532 1037 3611 posterum
1066 3539 1218 3611 semper
1235 3513 1415 3589 celebrari
1434 3515 1550 3588 debet
1577 3513 1613 3586 in
1634 3513 1759 3590 Eccle-

268 3648 323 3721 sia
350 3644 389 3719 S.
420 3641 610 3718 Laurentii
639 3643 675 3714 in
703 3642 885 3726 Damaso,
915 3640 978 3715 ubi
1007 3638 1046 3712 lit
1079 3639 1190 3725 Rota,
1221 3640 1374 3735 quando
1393 3639 1496 3735 Papa
1516 3663 1590 3715 non
1624 3637 1758 3712 residet

267 3772 304 3844 in
333 3768 528 3844 Vaticano.

964 3977 1053 4056 362.

267 4143 378 4242 Papa
405 4143 538 4216 iterum
565 4142 681 4215 instat
705 4165 750 4214 ue
778 4137 988 4214 Decireoues
1014 4139 1133 4214 Ratae
1158 4137 1438 4236 imprimantur,
1466 4137 1544 4210 ne'si
1566 4137 1756 4236 diligenter

347 4269 486 4342 reoe'sae
512 4267 557 4341 ab
584 4293 656 4341 uno
683 4267 923 4340 Auditorum.

350 4425 465 4495 (Anca.
484 4422 571 4498 Rom,
596 4421 782 4481 ‹De'arr'um
800 4383 1113 4491 racoai'Emeraa.

704 4602 883 4680 sabbath.
916 4609 939 4676 6
969 4603 1056 4676 dicti
1084 4601 1162 4675 1111
1189 4603 1334 4700 (ress).
1440 4559 1445 4576 ’

350 4898 438 4967 392.
470 4875 596 4948 Habui
624 4875 739 4946 etiam
767 4872 827 4945 die
862 4891 902 4965 15
934 4869 1094 4966 Vesperi
1122 4868 1274 4968 longam
1302 4869 1530 4943 audientiam
1563 4871 1753 4967 plusquam

266 4999 425 5073 duarum
453 4999 629 5073 horarum
657 5023 680 5071 a
709 4997 746 5074 S.
779 4997 827 5071 D.
859 4997 905 5072 N.
936 4995 972 5069 in
1000 5019 1075 5092 qua
1103 4996 1212 5069 enixe
1240 4995 1327 5068 mihi
1356 4973 1632 5069 commendavit
1668 4991 1753 5068 solli·

266 5127 376 5199 citam
404 5124 764 5200 administrationem
792 5121 953 5196 iustitiae
982 5138 1021 5196 et
1047 5116 1321 5218 particulariter
1348 5119 1503 5194 iniunxit
1521 5135 1565 5194 ut
1593 5118 1754 5195 Dominis

265 5249 514 5348 significarem
530 5263 570 5322 ut
584 5249 759 5348 religiose
775 5264 946 5323 servetur
965 5261 1153 5321 secretum
1172 5261 1211 5320 et
1230 5246 1410 5342 deinceps
1429 5269 1503 5319 non
1526 5245 1755 5343 permittatur

265 5375 369 5472 quod
400 5375 620 5450 Decisiones
639 5373 899 5468 imprimantur
913 5371 981 5446 nisi
996 5370 1196 5470 diligenter
1210 5372 1355 5446 revisae
1368 5371 1417 5446 ab
1431 5395 1506 5447 uno
1521 5370 1752 5445 Auditorum.
