3748 5914
758 348 951 408 Alexandro
977 347 1025 408 VI
1583 349 1639 410 239

134 539 412 634 predecessore
433 555 564 615 nostro
592 542 688 615 sicut
707 540 873 615 Domino
890 538 1029 638 placuit
1048 540 1197 616 sublato
1217 543 1265 616 de
1285 541 1420 629 medio,
1435 543 1484 617 ad
1504 547 1639 619 summi

133 664 377 760 apostolatus
404 664 549 763 apicem
578 665 701 740 divina
729 665 880 740 lavente
908 665 1105 740 clementia
1131 666 1329 764 assumpti,
1358 683 1436 742 tam
1467 669 1638 744 eiusdem

132 789 340 864 Innocentii
359 815 474 888 quarn
494 791 650 866 aliorum
670 791 927 865 Romanorum
947 788 1177 877 Pontificum,
1193 793 1306 866 etiam
1326 792 1638 905 prpdecessorum

134 931 365 1000 nostrorum,
395 915 565 1015 vestigiis
593 915 818 1004 inherentes,
854 915 1010 1014 singulis
1047 914 1154 989 annis
1190 917 1227 990 in
1255 916 1315 991 die
1347 916 1452 992 Cene
1487 919 1639 993 Domini

134 1065 209 1136 per
233 1038 363 1114 literas
391 1055 551 1127 nostras,
574 1039 672 1114 inter
699 1056 834 1126 cetera,
865 1063 999 1116 omnes
1026 1039 1108 1114 illos
1145 1042 1208 1137 qui
1245 1066 1315 1138 per
1343 1067 1395 1129 se,
1426 1042 1485 1116 vel
1513 1042 1635 1131 alium,

135 1189 207 1240 seu
234 1165 339 1251 alios,
356 1189 616 1261 quascumque
643 1188 827 1262 personas
855 1164 1139 1253 ecclesiasticas,
1170 1166 1229 1238 vel
1257 1167 1447 1241 seculares
1474 1169 1523 1241 ad
1542 1193 1640 1243 eam-

133 1289 224 1362 dem
264 1287 416 1362 Curiam
454 1312 571 1385 super
606 1290 729 1362 causis
766 1305 805 1363 et
836 1263 1006 1386 negociis
1038 1291 1116 1362 suis
1152 1305 1401 1378 recurrentes,
1430 1289 1566 1388 illaque
1602 1294 1638 1366 in

133 1414 271 1487 eadem
304 1429 592 1511 prosequentes,
621 1429 688 1489 aut
718 1430 976 1510 procurantes,
1009 1415 1250 1512 negociorum
1286 1432 1473 1513 gestores,
1511 1418 1639 1492 Advo

135 1553 243 1612 catos
280 1535 340 1612 vel
376 1551 642 1635 procuratores
670 1540 849 1635 ipsorum,
889 1555 955 1612 aut
989 1537 1102 1613 etiam
1138 1540 1355 1628 Auditores,
1385 1565 1452 1615 seu
1485 1542 1636 1630 iudices,

136 1687 252 1759 super
279 1661 388 1738 dictis
416 1664 551 1749 causiS,
583 1688 650 1737 seu
678 1664 857 1760 negociis,
889 1662 1106 1760 deputatos,
1136 1665 1335 1739 occasione
1354 1689 1550 1740 causarum
1579 1666 1638 1741 vel

135 1788 380 1886 negociorum
422 1787 634 1863 huiusmodi
674 1790 932 1876 verberarent,
970 1788 1187 1864 mutilarent
1218 1789 1279 1864 vel
1320 1790 1533 1866 occiderent
1573 1807 1640 1866 aut

135 1914 244 1988 bonis
274 1912 491 2009 spoliarent,
519 1930 559 1987 et
586 1913 651 2010 qui
678 1938 817 2011 perse
844 1913 904 1987 vel
922 1913 1047 2002 alium,
1079 1939 1146 1989 seu
1175 1915 1279 2001 alios,
1302 1915 1443 1992 directe
1470 1914 1531 1992 vel
1549 1917 1637 1990 indi·

137 2053 251 2124 recte,
281 2037 451 2134 predicta
478 2038 615 2134 exequi
641 2037 703 2112 vel
731 2062 946 2133 procurare,
967 2055 1035 2112 aut
1062 2038 1099 2112 in
1127 2039 1271 2114 eisdem
1298 2041 1502 2126 consilium,
1534 2043 1639 2115 auxi-

136 2161 223 2235 lium
266 2162 326 2236 vel
371 2160 538 2237 savorem
569 2179 742 2259 prestare
780 2187 854 2237 non
891 2165 1134 2248 verebantur,
1174 2165 1441 2262 cuiuscumque
1477 2167 1640 2263 preemi-

136 2285 277 2370 nentie,
316 2286 525 2386 dignitatis,
563 2286 723 2374 ordinis,
758 2286 981 2361 conditionis
1016 2303 1084 2363 aut
1119 2304 1242 2363 status
1278 2289 1416 2378 sorem,
1455 2291 1569 2365 etiam
1607 2292 1638 2364 si

135 2410 348 2506 pontificali,
388 2410 518 2510 regali,
558 2411 717 2510 reginali
758 2410 818 2486 vel
859 2413 993 2509 quavis
1033 2413 1106 2487 alia
1143 2412 1402 2513 prefulgerent
1441 2415 1636 2512 dignitate,

133 2535 284 2630 publice
311 2535 634 2610 excommunicare
653 2551 693 2610 et
711 2537 987 2612 anathemizare
1006 2539 1320 2622 consueverimus,
1342 2555 1455 2635 prout
1473 2539 1534 2614 alii
1552 2565 1638 2638 pre·

131 2661 358 2735 decessores
386 2659 522 2757 prefati
539 2662 653 2735 etiam
672 2686 890 2758 percorum
909 2661 1056 2737 litteras
1073 2664 1277 2759 quotannis
1301 2663 1400 2738 dicta
1427 2664 1489 2738 die
1516 2664 1638 2739 facere

131 2801 418 2873 consueverant,
448 2811 471 2860 a
509 2786 647 2884 quibus
679 2786 833 2882 quidem
861 2787 1058 2860 sententiis
1099 2786 1222 2861 nullus
1259 2812 1328 2884 per
1369 2785 1481 2864 alium
1524 2813 1636 2885 quam

135 2911 352 2985 Romanum
389 2907 617 2995 Pontificem,
649 2911 717 2985 nisi
745 2911 944 2987 dumtaxat
972 2913 1006 2984 in
1039 2914 1172 2987 mortis
1208 2913 1365 2988 articulo
1398 2915 1637 3000 constitutus,

134 3060 205 3110 nec
242 3036 356 3110 etiam
393 3049 481 3110 tunc
518 3034 588 3110 nisi
624 3037 697 3110 sub
734 3037 846 3110 certis
883 3037 997 3111 modo
1034 3051 1074 3111 et
1109 3037 1228 3113 forma
1264 3041 1465 3134 expressis,
1495 3040 1638 3115 absolvi

132 3174 287 3256 potest;
446 3157 450 3166 ’
1667 3145 1673 3158 ’

217 3301 343 3358 tamen
361 3283 398 3357 in
426 3283 519 3370 dies,
541 3283 684 3358 dierum
705 3301 897 3360 crescente
916 3285 1066 3370 malitia,
1091 3286 1335 3383 quamplures
1355 3287 1558 3383 iniquitatis
1577 3287 1638 3362 filii

134 3425 175 3482 et
212 3407 433 3505 perditionis
468 3408 618 3497 alumni,
647 3409 1043 3484 excommunicationis
1070 3426 1110 3484 et
1140 3411 1391 3486 anathematis
1427 3412 1639 3488 huiusmodi

134 3534 346 3609 sententias
373 3533 706 3629 parvipendentes,
728 3533 917 3608 horrenda
952 3534 1221 3635 inhumanitate
1249 3535 1551 3634 detestandaque
1579 3563 1641 3612 se·

39 3737 46 3754 ,
134 3657 238 3746 vitia,
268 3673 428 3732 mortem
457 3656 629 3732 sitientes
657 3655 825 3744 aliorum,
847 3658 1020 3732 videntes
1048 3658 1173 3735 lorsan
1202 3686 1243 3734 se
1267 3660 1304 3734 in
1331 3663 1464 3751 causis,
1486 3687 1556 3759 per
1572 3685 1668 3754 eos,

131 3782 195 3858 vel
208 3798 342 3857 contra
360 3783 465 3880 ipsos
484 3782 519 3856 in
539 3782 640 3856 dicta
659 3781 773 3856 Curia
788 3807 858 3879 pro
873 3799 1043 3880 tempore
1063 3784 1188 3872 motis,
1207 3785 1384 3860 iustitiam
1404 3812 1479 3862 non
1499 3787 1638 3875 lovere,

135 3933 294 3983 suorum
323 3906 464 3995 salutis,
495 3922 618 3981 status
646 3921 685 3982 et
712 3907 866 3982 honoris
895 3909 1147 3996 immemores,
1177 3910 1327 3984 humani
1354 3914 1507 4011 generis
1528 3912 1639 3987 hoste

133 4045 374 4130 procurante,
402 4031 552 4129 Deique
580 4032 714 4107 timore
740 4033 969 4131 postposito,
997 4059 1127 4108 eorum
1157 4035 1194 4107 in
1222 4037 1331 4111 dictis
1360 4038 1482 4112 causis
1509 4039 1640 4113 adver·

134 4158 268 4244 sarios,
289 4172 355 4231 aut
371 4155 453 4231 illas
473 4182 542 4255 pro
561 4157 616 4231 eis
635 4158 670 4230 in
690 4156 824 4232 eadem
844 4157 958 4232 Curia
980 4176 1258 4256 prosequentes
1286 4177 1353 4235 aut
1379 4180 1637 4258 procurantes,

133 4281 357 4356 Advocatos
376 4280 434 4357 vel
450 4297 717 4378 procuratores
731 4307 874 4370 eorum,
897 4297 1093 4379 testesque
1111 4299 1152 4356 et
1175 4309 1373 4359 causarum
1387 4287 1639 4384 predictarum

134 4409 315 4495 notarios,
351 4406 570 4482 multotiens
608 4407 766 4482 diversis
802 4421 842 4480 et
873 4407 1096 4505 excogitatis
1124 4407 1233 4483 minis
1260 4409 1421 4499 afficere,
1450 4413 1638 4501 invadere,

133 4532 348 4617 verberare,
378 4531 552 4606 mutilare
580 4547 620 4606 et
646 4532 828 4618 occidere,
853 4557 920 4606 seu
950 4557 1020 4631 per
1045 4533 1140 4608 alios
1168 4533 1282 4608 etiam
1308 4537 1523 4610 assassinos
1552 4537 1639 4612 talia

134 4681 341 4754 procurare
376 4671 416 4731 et
449 4659 587 4753 exequi
621 4657 731 4754 (proh
768 4656 877 4732 dolor
889 4659 912 4754 l)
938 4682 1032 4731 ausu
1072 4661 1271 4733 temerario
1298 4685 1372 4734 non
1399 4662 1637 4738 erubescunt.

137 4781 295 4858 Adeout
329 4780 553 4879 plerumque
580 4783 638 4855 ius
671 4808 782 4856 suum
818 4781 855 4854 in
891 4781 974 4879 ipsa
1004 4781 1118 4856 Curia
1146 4801 1435 4883 prosequentes,
1465 4804 1567 4862 metu
1601 4804 1640 4863 et

135 4907 301 5005 quadam
321 4906 587 5003 desperatione
603 4905 716 4994 ducti,
736 4931 872 4981 causas
892 4931 980 4980 suas
1000 4905 1177 4982 deserere
1197 4924 1273 4995 aut,
1296 4934 1370 4982 non
1398 4911 1478 4986 sine
1497 4937 1640 5012 magno

134 5036 303 5132 ipsorum
330 5031 535 5128 preiudicio
569 5046 609 5106 et
643 5032 881 5119 detrimento,
921 5032 970 5104 ad
1002 5031 1239 5107 concordiam
1278 5059 1344 5108 seu
1373 5036 1466 5110 alias
1493 5052 1639 5112 transa-

134 5159 280 5233 ctiones
321 5155 553 5242 inhonestas,
592 5157 863 5254 pactionesque
905 5156 1066 5246 illicitas,
1109 5173 1239 5232 contra
1280 5175 1500 5235 consuetam
1541 5162 1639 5237 dicte

136 5283 249 5358 Curie
277 5279 489 5357 libertatem
519 5282 695 5356 devenire
723 5299 763 5356 et
795 5283 844 5356 ab
878 5281 960 5378 ipsa
1000 5281 1114 5356 Curia
1152 5283 1347 5359 discedere
1384 5302 1569 5385 cogantur
1602 5287 1639 5360 in

134 5408 259 5482 divine
276 5406 487 5482 Maiestatis
506 5405 697 5494 offensam,
715 5406 978 5482 iurisdictionis
997 5423 1036 5480 et
1050 5409 1284 5483 auctoritatis
1298 5412 1504 5508 apostolice
1523 5389 1637 5487 lesio-
