<?xml version="1.0" encoding="UTF-8"?>
<!DOCTYPE html PUBLIC "-//W3C//DTD XHTML 1.0 Transitional//EN"
    "http://www.w3.org/TR/xhtml1/DTD/xhtml1-transitional.dtd">
<html xmlns="http://www.w3.org/1999/xhtml" xml:lang="en" lang="en">
 <head>
  <title>
</title>
<meta http-equiv="Content-Type" content="text/html;charset=utf-8" />
  <meta name='ocr-system' content='tesseract 3.04.00' />
  <meta name='ocr-capabilities' content='ocr_page ocr_carea ocr_par ocr_line ocrx_word'/>
</head>
<body>
  <div class='ocr_page' id='page_1' title='image "./capellanipapaee00cercgoog_0134.png"; bbox 0 0 3708 5918; ppageno 0'>
   <div class='ocr_carea' id='block_1_1' title="bbox 259 297 1126 360">
    <p class='ocr_par' dir='ltr' id='par_1_1' title="bbox 259 297 1126 360">
     <span class='ocr_line' id='line_1_1' title="bbox 259 297 1126 360; baseline -0.001 -2"><span class='ocrx_word' id='word_1_1' title='bbox 259 301 296 358; x_wconf 89' lang='lat'>90</span> <span class='ocrx_word' id='word_1_2' title='bbox 884 298 1022 360; x_wconf 75' lang='lat' dir='ltr'>soeculo</span> <span class='ocrx_word' id='word_1_3' title='bbox 1041 297 1126 358; x_wconf 85' lang='lat' dir='ltr'>XIV</span> 
     </span>
    </p>
   </div>
   <div class='ocr_carea' id='block_1_2' title="bbox 252 488 1753 1334">
    <p class='ocr_par' dir='ltr' id='par_1_2' title="bbox 252 488 1753 1334">
     <span class='ocr_line' id='line_1_2' title="bbox 255 488 1748 589; baseline 0.002 -27"><span class='ocrx_word' id='word_1_4' title='bbox 255 488 421 564; x_wconf 91' lang='lat' dir='ltr'>decrevit</span> <span class='ocrx_word' id='word_1_5' title='bbox 446 504 486 562; x_wconf 89' lang='lat' dir='ltr'>et</span> <span class='ocrx_word' id='word_1_6' title='bbox 512 488 707 572; x_wconf 90' lang='lat' dir='ltr'>ordinavit,</span> <span class='ocrx_word' id='word_1_7' title='bbox 743 490 847 586; x_wconf 86' lang='lat' dir='ltr'>quod</span> <span class='ocrx_word' id='word_1_8' title='bbox 889 488 1009 562; x_wconf 91' lang='lat' dir='ltr'>nullus</span> <span class='ocrx_word' id='word_1_9' title='bbox 1051 490 1164 563; x_wconf 83' lang='lat' dir='ltr'>iudex</span> <span class='ocrx_word' id='word_1_10' title='bbox 1198 491 1408 566; x_wconf 91' lang='lat' dir='ltr'>ordinarius</span> <span class='ocrx_word' id='word_1_11' title='bbox 1448 493 1508 566; x_wconf 91' lang='lat' dir='ltr'>vel</span> <span class='ocrx_word' id='word_1_12' title='bbox 1540 491 1748 589; x_wconf 84' lang='lat' dir='ltr'>delegatus,</span> 
     </span>
     <span class='ocr_line' id='line_1_3' title="bbox 255 613 1750 714; baseline 0 -26"><span class='ocrx_word' id='word_1_13' title='bbox 255 638 494 712; x_wconf 89' lang='lat' dir='ltr'>quacumque</span> <span class='ocrx_word' id='word_1_14' title='bbox 520 613 743 688; x_wconf 87' lang='lat' dir='ltr'>auctoritate</span> <span class='ocrx_word' id='word_1_15' title='bbox 771 613 962 713; x_wconf 86' lang='lat' dir='ltr'>iungatur,</span> <span class='ocrx_word' id='word_1_16' title='bbox 990 615 1111 710; x_wconf 87' lang='lat' dir='ltr'>possit</span> <span class='ocrx_word' id='word_1_17' title='bbox 1142 613 1305 713; x_wconf 87' lang='lat' dir='ltr'>aliquem</span> <span class='ocrx_word' id='word_1_18' title='bbox 1340 617 1389 689; x_wconf 90' lang='lat' dir='ltr'>de</span> <span class='ocrx_word' id='word_1_19' title='bbox 1425 615 1659 691; x_wconf 86' lang='lat' dir='ltr'>auditoribus</span> <span class='ocrx_word' id='word_1_20' title='bbox 1689 640 1750 714; x_wconf 93' lang='lat' dir='ltr'>pa·</span> 
     </span>
     <span class='ocr_line' id='line_1_4' title="bbox 254 737 1751 836; baseline 0.001 -25"><span class='ocrx_word' id='word_1_21' title='bbox 254 737 342 825; x_wconf 91' lang='lat' dir='ltr'>latii,</span> <span class='ocrx_word' id='word_1_22' title='bbox 362 737 601 834; x_wconf 85' lang='lat' dir='ltr'>presentibus</span> <span class='ocrx_word' id='word_1_23' title='bbox 629 753 669 811; x_wconf 92' lang='lat' dir='ltr'>et</span> <span class='ocrx_word' id='word_1_24' title='bbox 696 737 838 823; x_wconf 84' lang='lat' dir='ltr'>suturis,</span> <span class='ocrx_word' id='word_1_25' title='bbox 861 738 896 812; x_wconf 95' lang='lat' dir='ltr'>in</span> <span class='ocrx_word' id='word_1_26' title='bbox 917 739 1088 812; x_wconf 89' lang='lat' dir='ltr'>Romana</span> <span class='ocrx_word' id='word_1_27' title='bbox 1115 740 1217 814; x_wconf 89' lang='lat' dir='ltr'>curia</span> <span class='ocrx_word' id='word_1_28' title='bbox 1245 740 1573 824; x_wconf 89' lang='lat' dir='ltr'>commorantibus,</span> <span class='ocrx_word' id='word_1_29' title='bbox 1595 763 1751 836; x_wconf 91' lang='lat' dir='ltr'>suspen·</span> 
     </span>
     <span class='ocr_line' id='line_1_5' title="bbox 255 861 1748 959; baseline 0.001 -23"><span class='ocrx_word' id='word_1_30' title='bbox 255 863 345 936; x_wconf 91' lang='lat' dir='ltr'>dere</span> <span class='ocrx_word' id='word_1_31' title='bbox 373 861 592 936; x_wconf 86' lang='lat' dir='ltr'>interdicere</span> <span class='ocrx_word' id='word_1_32' title='bbox 621 862 680 935; x_wconf 91' lang='lat' dir='ltr'>vel</span> <span class='ocrx_word' id='word_1_33' title='bbox 707 864 1028 937; x_wconf 89' lang='lat' dir='ltr'>excommunicare</span> <span class='ocrx_word' id='word_1_34' title='bbox 1051 885 1289 959; x_wconf 87' lang='lat' dir='ltr'>quacumque</span> <span class='ocrx_word' id='word_1_35' title='bbox 1316 864 1511 939; x_wconf 87' lang='lat' dir='ltr'>occasione</span> <span class='ocrx_word' id='word_1_36' title='bbox 1538 864 1597 936; x_wconf 92' lang='lat' dir='ltr'>vel</span> <span class='ocrx_word' id='word_1_37' title='bbox 1626 889 1748 952; x_wconf 89' lang='lat' dir='ltr'>causa,</span> 
     </span>
     <span class='ocr_line' id='line_1_6' title="bbox 254 985 1752 1085; baseline 0 -24"><span class='ocrx_word' id='word_1_38' title='bbox 254 987 399 1062; x_wconf 90' lang='lat' dir='ltr'>etiamsi</span> <span class='ocrx_word' id='word_1_39' title='bbox 426 985 635 1061; x_wconf 79' lang='lat' dir='ltr'>voluntarie</span> <span class='ocrx_word' id='word_1_40' title='bbox 662 1011 704 1060; x_wconf 91' lang='lat' dir='ltr'>se</span> <span class='ocrx_word' id='word_1_41' title='bbox 741 987 992 1072; x_wconf 88' lang='lat' dir='ltr'>submiserint,</span> <span class='ocrx_word' id='word_1_42' title='bbox 1023 1003 1184 1085; x_wconf 86' lang='lat' dir='ltr'>excepto</span> <span class='ocrx_word' id='word_1_43' title='bbox 1211 989 1416 1063; x_wconf 88' lang='lat' dir='ltr'>camerario</span> <span class='ocrx_word' id='word_1_44' title='bbox 1454 987 1595 1061; x_wconf 89' lang='lat' dir='ltr'>domini</span> <span class='ocrx_word' id='word_1_45' title='bbox 1636 989 1752 1062; x_wconf 91' lang='lat' dir='ltr'>nostri</span> 
     </span>
     <span class='ocr_line' id='line_1_7' title="bbox 255 1110 1753 1209; baseline -0.001 -23"><span class='ocrx_word' id='word_1_46' title='bbox 255 1137 363 1209; x_wconf 92' lang='lat' dir='ltr'>pape,</span> <span class='ocrx_word' id='word_1_47' title='bbox 384 1113 449 1209; x_wconf 93' lang='lat' dir='ltr'>qui</span> <span class='ocrx_word' id='word_1_48' title='bbox 476 1129 536 1185; x_wconf 91' lang='lat' dir='ltr'>est</span> <span class='ocrx_word' id='word_1_49' title='bbox 563 1110 621 1185; x_wconf 91' lang='lat' dir='ltr'>vel</span> <span class='ocrx_word' id='word_1_50' title='bbox 650 1113 720 1184; x_wconf 89' lang='lat' dir='ltr'>erit</span> <span class='ocrx_word' id='word_1_51' title='bbox 748 1136 819 1208; x_wconf 91' lang='lat' dir='ltr'>pro</span> <span class='ocrx_word' id='word_1_52' title='bbox 847 1125 1030 1207; x_wconf 87' lang='lat' dir='ltr'>tempore,</span> <span class='ocrx_word' id='word_1_53' title='bbox 1051 1114 1114 1208; x_wconf 90' lang='lat' dir='ltr'>qui</span> <span class='ocrx_word' id='word_1_54' title='bbox 1134 1113 1256 1209; x_wconf 86' lang='lat' dir='ltr'>possit</span> <span class='ocrx_word' id='word_1_55' title='bbox 1274 1128 1405 1188; x_wconf 86' lang='lat' dir='ltr'>contra</span> <span class='ocrx_word' id='word_1_56' title='bbox 1422 1137 1520 1200; x_wconf 86' lang='lat' dir='ltr'>eum,</span> <span class='ocrx_word' id='word_1_57' title='bbox 1542 1113 1600 1187; x_wconf 88' lang='lat' dir='ltr'>vel</span> <span class='ocrx_word' id='word_1_58' title='bbox 1619 1137 1698 1198; x_wconf 91' lang='lat' dir='ltr'>eos,</span> <span class='ocrx_word' id='word_1_59' title='bbox 1721 1111 1753 1189; x_wconf 87' lang='lat' dir='ltr'>si</span> 
     </span>
     <span class='ocr_line' id='line_1_8' title="bbox 252 1235 1521 1334; baseline 0.001 -23"><span class='ocrx_word' id='word_1_60' title='bbox 252 1253 293 1312; x_wconf 89' lang='lat' dir='ltr'>et</span> <span class='ocrx_word' id='word_1_61' title='bbox 320 1235 472 1334; x_wconf 92' lang='lat' dir='ltr'>quando</span> <span class='ocrx_word' id='word_1_62' title='bbox 499 1237 687 1311; x_wconf 91' lang='lat' dir='ltr'>videbitur</span> <span class='ocrx_word' id='word_1_63' title='bbox 713 1235 759 1318; x_wconf 90' lang='lat' dir='ltr'>ei,</span> <span class='ocrx_word' id='word_1_64' title='bbox 789 1235 1082 1311; x_wconf 89' lang='lat' dir='ltr'>ecclesiasticam</span> <span class='ocrx_word' id='word_1_65' title='bbox 1109 1261 1285 1312; x_wconf 86' lang='lat' dir='ltr'>exercere</span> <span class='ocrx_word' id='word_1_66' title='bbox 1313 1261 1521 1312; x_wconf 88' lang='lat' dir='ltr'>censuram.</span> 
     </span>
    </p>
   </div>
   <div class='ocr_carea' id='block_1_3' title="bbox 247 1485 1754 2935">
    <p class='ocr_par' dir='ltr' id='par_1_3' title="bbox 247 1485 1754 2935">
     <span class='ocr_line' id='line_1_9' title="bbox 335 1485 1753 1586; baseline 0.001 -26"><span class='ocrx_word' id='word_1_67' title='bbox 335 1493 395 1562; x_wconf 90' lang='lat'>60.</span> <span class='ocrx_word' id='word_1_68' title='bbox 426 1486 694 1560; x_wconf 90' lang='lat' dir='ltr'>Sanctissimus</span> <span class='ocrx_word' id='word_1_69' title='bbox 726 1502 835 1582; x_wconf 89' lang='lat' dir='ltr'>pater</span> <span class='ocrx_word' id='word_1_70' title='bbox 875 1501 929 1560; x_wconf 43' lang='lat' dir='ltr'>et*</span> <span class='ocrx_word' id='word_1_71' title='bbox 955 1485 1127 1560; x_wconf 91' lang='lat' dir='ltr'>dominus</span> <span class='ocrx_word' id='word_1_72' title='bbox 1162 1503 1301 1573; x_wconf 89' lang='lat' dir='ltr'>noster,</span> <span class='ocrx_word' id='word_1_73' title='bbox 1332 1486 1505 1562; x_wconf 90' lang='lat' dir='ltr'>dominus</span> <span class='ocrx_word' id='word_1_74' title='bbox 1543 1487 1753 1586; x_wconf 84' lang='lat' dir='ltr'>Gregorius</span> 
     </span>
     <span class='ocr_line' id='line_1_10' title="bbox 251 1609 1754 1709; baseline 0 -24"><span class='ocrx_word' id='word_1_75' title='bbox 251 1611 374 1685; x_wconf 91' lang='lat' dir='ltr'>divina</span> <span class='ocrx_word' id='word_1_76' title='bbox 415 1609 652 1708; x_wconf 89' lang='lat' dir='ltr'>providentia</span> <span class='ocrx_word' id='word_1_77' title='bbox 688 1636 789 1708; x_wconf 89' lang='lat' dir='ltr'>papa</span> <span class='ocrx_word' id='word_1_78' title='bbox 824 1610 878 1684; x_wconf 94' lang='lat' dir='ltr'>XI</span> <span class='ocrx_word' id='word_1_79' title='bbox 911 1609 1105 1694; x_wconf 88' lang='lat' dir='ltr'>ordinavit,</span> <span class='ocrx_word' id='word_1_80' title='bbox 1136 1609 1187 1684; x_wconf 91' lang='lat' dir='ltr'>Vl</span> <span class='ocrx_word' id='word_1_81' title='bbox 1224 1610 1271 1687; x_wconf 92' lang='lat' dir='ltr'>kl.</span> <span class='ocrx_word' id='word_1_82' title='bbox 1302 1611 1389 1686; x_wconf 90' lang='lat' dir='ltr'>iunii</span> <span class='ocrx_word' id='word_1_83' title='bbox 1422 1611 1658 1709; x_wconf 89' lang='lat' dir='ltr'>pontificatus</span> <span class='ocrx_word' id='word_1_84' title='bbox 1696 1613 1754 1686; x_wconf 91' lang='lat' dir='ltr'>sui</span> 
     </span>
     <span class='ocr_line' id='line_1_11' title="bbox 254 1734 1754 1833; baseline 0 -23"><span class='ocrx_word' id='word_1_85' title='bbox 254 1760 353 1810; x_wconf 91' lang='lat' dir='ltr'>anno</span> <span class='ocrx_word' id='word_1_86' title='bbox 380 1736 559 1823; x_wconf 91' lang='lat' dir='ltr'>secundo,</span> <span class='ocrx_word' id='word_1_87' title='bbox 580 1736 685 1832; x_wconf 93' lang='lat' dir='ltr'>quod</span> <span class='ocrx_word' id='word_1_88' title='bbox 712 1763 796 1810; x_wconf 90' lang='lat' dir='ltr'>cum</span> <span class='ocrx_word' id='word_1_89' title='bbox 824 1735 1002 1833; x_wconf 88' lang='lat' dir='ltr'>deinceps</span> <span class='ocrx_word' id='word_1_90' title='bbox 1022 1734 1220 1833; x_wconf 84' lang='lat' dir='ltr'>contigerit</span> <span class='ocrx_word' id='word_1_91' title='bbox 1247 1761 1270 1808; x_wconf 93' lang='lat' dir='ltr'>a</span> <span class='ocrx_word' id='word_1_92' title='bbox 1298 1736 1618 1812; x_wconf 84' lang='lat' dir='ltr'>reverendissimis</span> <span class='ocrx_word' id='word_1_93' title='bbox 1636 1739 1754 1833; x_wconf 89' lang='lat' dir='ltr'>patri-</span> 
     </span>
     <span class='ocr_line' id='line_1_12' title="bbox 254 1859 1753 1959; baseline 0 -23"><span class='ocrx_word' id='word_1_94' title='bbox 254 1863 324 1936; x_wconf 94' lang='lat' dir='ltr'>bus</span> <span class='ocrx_word' id='word_1_95' title='bbox 361 1861 520 1935; x_wconf 90' lang='lat' dir='ltr'>dominis</span> <span class='ocrx_word' id='word_1_96' title='bbox 557 1875 686 1934; x_wconf 89' lang='lat' dir='ltr'>sancte</span> <span class='ocrx_word' id='word_1_97' title='bbox 715 1860 887 1934; x_wconf 86' lang='lat' dir='ltr'>Romane</span> <span class='ocrx_word' id='word_1_98' title='bbox 927 1859 1083 1934; x_wconf 84' lang='lat' dir='ltr'>ecclesie</span> <span class='ocrx_word' id='word_1_99' title='bbox 1125 1859 1384 1948; x_wconf 85' lang='lat' dir='ltr'>cardinalibus,</span> <span class='ocrx_word' id='word_1_100' title='bbox 1425 1879 1465 1934; x_wconf 90' lang='lat' dir='ltr'>et</span> <span class='ocrx_word' id='word_1_101' title='bbox 1506 1861 1633 1959; x_wconf 88' lang='lat' dir='ltr'>palatii</span> <span class='ocrx_word' id='word_1_102' title='bbox 1659 1885 1753 1957; x_wconf 89' lang='lat' dir='ltr'>apo·</span> 
     </span>
     <span class='ocr_line' id='line_1_13' title="bbox 253 1969 1754 2082; baseline 0 -22"><span class='ocrx_word' id='word_1_103' title='bbox 253 1983 373 2060; x_wconf 90' lang='lat' dir='ltr'>stolici</span> <span class='ocrx_word' id='word_1_104' title='bbox 419 2001 459 2058; x_wconf 92' lang='lat' dir='ltr'>et</span> <span class='ocrx_word' id='word_1_105' title='bbox 504 1969 618 2059; x_wconf 85' lang='lat' dir='ltr'>etiam</span> <span class='ocrx_word' id='word_1_106' title='bbox 660 2009 807 2060; x_wconf 89' lang='lat' dir='ltr'>camere</span> <span class='ocrx_word' id='word_1_107' title='bbox 848 1985 1054 2081; x_wconf 90' lang='lat' dir='ltr'>apostolice</span> <span class='ocrx_word' id='word_1_108' title='bbox 1095 1985 1339 2071; x_wconf 88' lang='lat' dir='ltr'>auditoribus,</span> <span class='ocrx_word' id='word_1_109' title='bbox 1371 1986 1408 2058; x_wconf 92' lang='lat' dir='ltr'>in</span> <span class='ocrx_word' id='word_1_110' title='bbox 1453 1988 1754 2082; x_wconf 90' lang='lat' dir='ltr'>quibuscumque</span> 
     </span>
     <span class='ocr_line' id='line_1_14' title="bbox 254 2107 1753 2206; baseline 0.001 -22"><span class='ocrx_word' id='word_1_111' title='bbox 254 2112 380 2184; x_wconf 90' lang='lat' dir='ltr'>causis</span> <span class='ocrx_word' id='word_1_112' title='bbox 417 2135 544 2184; x_wconf 90' lang='lat' dir='ltr'>coram</span> <span class='ocrx_word' id='word_1_113' title='bbox 581 2110 636 2184; x_wconf 89' lang='lat' dir='ltr'>eis</span> <span class='ocrx_word' id='word_1_114' title='bbox 663 2112 910 2195; x_wconf 87' lang='lat' dir='ltr'>vertentibus,</span> <span class='ocrx_word' id='word_1_115' title='bbox 940 2135 963 2183; x_wconf 93' lang='lat' dir='ltr'>a</span> <span class='ocrx_word' id='word_1_116' title='bbox 999 2107 1236 2184; x_wconf 91' lang='lat' dir='ltr'>conclusione</span> <span class='ocrx_word' id='word_1_117' title='bbox 1270 2135 1468 2186; x_wconf 91' lang='lat' dir='ltr'>causarum</span> <span class='ocrx_word' id='word_1_118' title='bbox 1505 2112 1671 2206; x_wconf 88' lang='lat' dir='ltr'>ipsarum</span> <span class='ocrx_word' id='word_1_119' title='bbox 1702 2111 1753 2185; x_wconf 92' lang='lat' dir='ltr'>ad</span> 
     </span>
     <span class='ocr_line' id='line_1_15' title="bbox 252 2233 1753 2332; baseline 0.001 -24"><span class='ocrx_word' id='word_1_120' title='bbox 252 2235 383 2309; x_wconf 92' lang='lat' dir='ltr'>sedem</span> <span class='ocrx_word' id='word_1_121' title='bbox 410 2235 657 2331; x_wconf 88' lang='lat' dir='ltr'>apostolicam</span> <span class='ocrx_word' id='word_1_122' title='bbox 685 2233 864 2331; x_wconf 90' lang='lat' dir='ltr'>appellari</span> <span class='ocrx_word' id='word_1_123' title='bbox 892 2259 1102 2331; x_wconf 87' lang='lat' dir='ltr'>causasque</span> <span class='ocrx_word' id='word_1_124' title='bbox 1130 2236 1320 2323; x_wconf 90' lang='lat' dir='ltr'>committi,</span> <span class='ocrx_word' id='word_1_125' title='bbox 1342 2250 1381 2310; x_wconf 89' lang='lat' dir='ltr'>et</span> <span class='ocrx_word' id='word_1_126' title='bbox 1413 2261 1482 2332; x_wconf 91' lang='lat' dir='ltr'>per</span> <span class='ocrx_word' id='word_1_127' title='bbox 1500 2236 1594 2320; x_wconf 90' lang='lat' dir='ltr'>illos,</span> <span class='ocrx_word' id='word_1_128' title='bbox 1615 2236 1753 2332; x_wconf 89' lang='lat' dir='ltr'>quibus</span> 
     </span>
     <span class='ocr_line' id='line_1_16' title="bbox 251 2359 1754 2456; baseline 0.001 -23"><span class='ocrx_word' id='word_1_129' title='bbox 251 2359 388 2435; x_wconf 88' lang='lat' dir='ltr'>luerint</span> <span class='ocrx_word' id='word_1_130' title='bbox 422 2385 534 2433; x_wconf 91' lang='lat' dir='ltr'>cause</span> <span class='ocrx_word' id='word_1_131' title='bbox 569 2360 833 2456; x_wconf 91' lang='lat' dir='ltr'>appellationis</span> <span class='ocrx_word' id='word_1_132' title='bbox 870 2360 1078 2445; x_wconf 91' lang='lat' dir='ltr'>commisse,</span> <span class='ocrx_word' id='word_1_133' title='bbox 1118 2359 1276 2434; x_wconf 89' lang='lat' dir='ltr'>intimari</span> <span class='ocrx_word' id='word_1_134' title='bbox 1304 2361 1363 2434; x_wconf 89' lang='lat' dir='ltr'>vel</span> <span class='ocrx_word' id='word_1_135' title='bbox 1401 2360 1556 2434; x_wconf 86' lang='lat' dir='ltr'>inhiberi</span> <span class='ocrx_word' id='word_1_136' title='bbox 1593 2361 1754 2436; x_wconf 91' lang='lat' dir='ltr'>dominis</span> 
     </span>
     <span class='ocr_line' id='line_1_17' title="bbox 247 2483 1753 2581; baseline -0.001 -24"><span class='ocrx_word' id='word_1_137' title='bbox 247 2483 496 2558; x_wconf 89' lang='lat' dir='ltr'>cardinalibus</span> <span class='ocrx_word' id='word_1_138' title='bbox 531 2484 590 2557; x_wconf 88' lang='lat' dir='ltr'>vel</span> <span class='ocrx_word' id='word_1_139' title='bbox 624 2483 859 2560; x_wconf 92' lang='lat' dir='ltr'>auditoribus</span> <span class='ocrx_word' id='word_1_140' title='bbox 894 2483 1083 2581; x_wconf 87' lang='lat' dir='ltr'>predictis,</span> <span class='ocrx_word' id='word_1_141' title='bbox 1114 2484 1227 2580; x_wconf 88' lang='lat' dir='ltr'>quod,</span> <span class='ocrx_word' id='word_1_142' title='bbox 1260 2485 1512 2560; x_wconf 86' lang='lat' dir='ltr'>nonobstante</span> <span class='ocrx_word' id='word_1_143' title='bbox 1540 2483 1753 2559; x_wconf 91' lang='lat' dir='ltr'>huiusmodi</span> 
     </span>
     <span class='ocr_line' id='line_1_18' title="bbox 248 2607 1753 2693; baseline 0.001 -11"><span class='ocrx_word' id='word_1_144' title='bbox 248 2607 479 2682; x_wconf 88' lang='lat' dir='ltr'>intimatione</span> <span class='ocrx_word' id='word_1_145' title='bbox 505 2633 573 2682; x_wconf 89' lang='lat' dir='ltr'>seu</span> <span class='ocrx_word' id='word_1_146' title='bbox 602 2608 826 2693; x_wconf 90' lang='lat' dir='ltr'>inhibitione,</span> <span class='ocrx_word' id='word_1_147' title='bbox 847 2609 958 2683; x_wconf 91' lang='lat' dir='ltr'>iidem</span> <span class='ocrx_word' id='word_1_148' title='bbox 990 2609 1130 2684; x_wconf 92' lang='lat' dir='ltr'>domini</span> <span class='ocrx_word' id='word_1_149' title='bbox 1161 2609 1369 2684; x_wconf 89' lang='lat' dir='ltr'>cardinales</span> <span class='ocrx_word' id='word_1_150' title='bbox 1395 2609 1455 2683; x_wconf 87' lang='lat' dir='ltr'>vel</span> <span class='ocrx_word' id='word_1_151' title='bbox 1483 2609 1673 2685; x_wconf 90' lang='lat' dir='ltr'>auditores</span> <span class='ocrx_word' id='word_1_152' title='bbox 1701 2610 1753 2683; x_wconf 93' lang='lat' dir='ltr'>ad</span> 
     </span>
     <span class='ocr_line' id='line_1_19' title="bbox 249 2727 1753 2832; baseline 0.001 -26"><span class='ocrx_word' id='word_1_153' title='bbox 249 2731 428 2808; x_wconf 87' lang='lat' dir='ltr'>ulteriora</span> <span class='ocrx_word' id='word_1_154' title='bbox 462 2759 575 2807; x_wconf 90' lang='lat' dir='ltr'>cause</span> <span class='ocrx_word' id='word_1_155' title='bbox 602 2727 818 2829; x_wconf 81' lang='lat' dir='ltr'>&#39;procedant</span> <span class='ocrx_word' id='word_1_156' title='bbox 850 2759 893 2808; x_wconf 90' lang='lat' dir='ltr'>ac</span> <span class='ocrx_word' id='word_1_157' title='bbox 934 2734 1089 2831; x_wconf 89' lang='lat' dir='ltr'>perinde</span> <span class='ocrx_word' id='word_1_158' title='bbox 1126 2735 1332 2831; x_wconf 90' lang='lat' dir='ltr'>procedere</span> <span class='ocrx_word' id='word_1_159' title='bbox 1369 2735 1527 2832; x_wconf 87' lang='lat' dir='ltr'>possint,</span> <span class='ocrx_word' id='word_1_160' title='bbox 1566 2735 1644 2810; x_wconf 89' lang='lat' dir='ltr'>acsi</span> <span class='ocrx_word' id='word_1_161' title='bbox 1675 2757 1753 2809; x_wconf 90' lang='lat' dir='ltr'>non</span> 
     </span>
     <span class='ocr_line' id='line_1_20' title="bbox 250 2855 1080 2935; baseline 0.006 -5"><span class='ocrx_word' id='word_1_162' title='bbox 250 2857 383 2930; x_wconf 87' lang='lat' dir='ltr'>suisset</span> <span class='ocrx_word' id='word_1_163' title='bbox 410 2855 604 2931; x_wconf 93' lang='lat' dir='ltr'>inhibitum</span> <span class='ocrx_word' id='word_1_164' title='bbox 632 2857 831 2931; x_wconf 86' lang='lat' dir='ltr'>ueletiam</span> <span class='ocrx_word' id='word_1_165' title='bbox 861 2857 1080 2935; x_wconf 90' lang='lat' dir='ltr'>intimatum.</span> 
     </span>
    </p>
   </div>
   <div class='ocr_carea' id='block_1_4' title="bbox 235 3107 1825 4448">
    <p class='ocr_par' dir='ltr' id='par_1_4' title="bbox 235 3107 1825 4448">
     <span class='ocr_line' id='line_1_21' title="bbox 335 3107 1750 3196; baseline 0.003 -16"><span class='ocrx_word' id='word_1_166' title='bbox 335 3111 399 3183; x_wconf 90' lang='lat'>68.</span> <span class='ocrx_word' id='word_1_167' title='bbox 438 3109 549 3195; x_wconf 90' lang='lat' dir='ltr'>Item,</span> <span class='ocrx_word' id='word_1_168' title='bbox 588 3107 721 3183; x_wconf 89' lang='lat' dir='ltr'>eodem</span> <span class='ocrx_word' id='word_1_169' title='bbox 762 3132 862 3184; x_wconf 91' lang='lat' dir='ltr'>anno</span> <span class='ocrx_word' id='word_1_170' title='bbox 898 3108 956 3195; x_wconf 90' lang='grc' dir='ltr'><strong>ΙΙΙ,</strong></span> <span class='ocrx_word' id='word_1_171' title='bbox 996 3109 1171 3184; x_wconf 85' lang='lat' dir='ltr'>videlicet</span> <span class='ocrx_word' id='word_1_172' title='bbox 1197 3109 1282 3183; x_wconf 94' lang='lat' dir='ltr'>Vlll</span> <span class='ocrx_word' id='word_1_173' title='bbox 1322 3110 1370 3184; x_wconf 88' lang='lat' dir='ltr'>kl.</span> <span class='ocrx_word' id='word_1_174' title='bbox 1415 3110 1618 3196; x_wconf 70' lang='lat' dir='ltr'>novembr,</span> <span class='ocrx_word' id='word_1_175' title='bbox 1649 3109 1750 3184; x_wconf 90' lang='lat' dir='ltr'>idem</span> 
     </span>
     <span class='ocr_line' id='line_1_22' title="bbox 251 3227 1825 3331; baseline 0.003 -27"><span class='ocrx_word' id='word_1_176' title='bbox 251 3231 424 3308; x_wconf 92' lang='lat' dir='ltr'>dominus</span> <span class='ocrx_word' id='word_1_177' title='bbox 454 3248 583 3307; x_wconf 92' lang='lat' dir='ltr'>noster</span> <span class='ocrx_word' id='word_1_178' title='bbox 609 3233 806 3321; x_wconf 84' lang='lat' dir='ltr'>ordinavit,</span> <span class='ocrx_word' id='word_1_179' title='bbox 837 3233 941 3330; x_wconf 92' lang='lat' dir='ltr'>quod</span> <span class='ocrx_word' id='word_1_180' title='bbox 971 3234 1171 3308; x_wconf 88' lang='lat' dir='ltr'>mandetur</span> <span class='ocrx_word' id='word_1_181' title='bbox 1197 3233 1371 3310; x_wconf 93' lang='lat' dir='ltr'>omnibus</span> <span class='ocrx_word' id='word_1_182' title='bbox 1407 3249 1447 3308; x_wconf 94' lang='lat' dir='ltr'>et</span> <span class='ocrx_word' id='word_1_183' title='bbox 1483 3232 1638 3331; x_wconf 86' lang='lat' dir='ltr'>singulis</span> <span class='ocrx_word' id='word_1_184' title='bbox 1666 3259 1751 3308; x_wconf 91' lang='lat' dir='ltr'>cau·</span> <span class='ocrx_word' id='word_1_185' title='bbox 1823 3227 1825 3230; x_wconf 58' lang='grc'><strong>’</strong></span> 
     </span>
     <span class='ocr_line' id='line_1_23' title="bbox 249 3356 1751 3455; baseline 0.001 -24"><span class='ocrx_word' id='word_1_186' title='bbox 249 3382 377 3431; x_wconf 91' lang='lat' dir='ltr'>sarum</span> <span class='ocrx_word' id='word_1_187' title='bbox 406 3357 532 3455; x_wconf 91' lang='lat' dir='ltr'>palatii</span> <span class='ocrx_word' id='word_1_188' title='bbox 566 3357 762 3454; x_wconf 91' lang='lat' dir='ltr'>apostolici</span> <span class='ocrx_word' id='word_1_189' title='bbox 798 3357 1042 3444; x_wconf 88' lang='lat' dir='ltr'>auditoribus,</span> <span class='ocrx_word' id='word_1_190' title='bbox 1072 3383 1117 3433; x_wconf 90' lang='lat' dir='ltr'>ac</span> <span class='ocrx_word' id='word_1_191' title='bbox 1150 3356 1232 3432; x_wconf 93' lang='lat' dir='ltr'>aliis</span> <span class='ocrx_word' id='word_1_192' title='bbox 1264 3358 1446 3435; x_wconf 90' lang='lat' dir='ltr'>iudicibus</span> <span class='ocrx_word' id='word_1_193' title='bbox 1478 3383 1543 3432; x_wconf 89' lang='lat' dir='ltr'>seu</span> <span class='ocrx_word' id='word_1_194' title='bbox 1580 3361 1751 3433; x_wconf 89' lang='lat' dir='ltr'>commis·</span> 
     </span>
     <span class='ocr_line' id='line_1_24' title="bbox 235 3482 1752 3580; baseline 0.001 -23"><span class='ocrx_word' id='word_1_195' title='bbox 235 3482 356 3557; x_wconf 61' lang='lat' dir='ltr'>*sariis</span> <span class='ocrx_word' id='word_1_196' title='bbox 390 3483 687 3580; x_wconf 91' lang='lat' dir='ltr'>quibuscumque</span> <span class='ocrx_word' id='word_1_197' title='bbox 720 3484 755 3556; x_wconf 92' lang='lat' dir='ltr'>in</span> <span class='ocrx_word' id='word_1_198' title='bbox 784 3483 957 3556; x_wconf 89' lang='lat' dir='ltr'>Romana</span> <span class='ocrx_word' id='word_1_199' title='bbox 987 3483 1087 3557; x_wconf 90' lang='lat' dir='ltr'>curia</span> <span class='ocrx_word' id='word_1_200' title='bbox 1124 3484 1453 3570; x_wconf 91' lang='lat' dir='ltr'>commorantibus,</span> <span class='ocrx_word' id='word_1_201' title='bbox 1484 3484 1587 3580; x_wconf 90' lang='lat' dir='ltr'>quod</span> <span class='ocrx_word' id='word_1_202' title='bbox 1615 3483 1652 3556; x_wconf 94' lang='lat' dir='ltr'>in</span> <span class='ocrx_word' id='word_1_203' title='bbox 1683 3483 1752 3558; x_wconf 93' lang='lat' dir='ltr'>ali-</span> 
     </span>
     <span class='ocr_line' id='line_1_25' title="bbox 247 3604 1751 3704; baseline 0.004 -26"><span class='ocrx_word' id='word_1_204' title='bbox 247 3606 385 3703; x_wconf 92' lang='lat' dir='ltr'>quibus</span> <span class='ocrx_word' id='word_1_205' title='bbox 413 3606 535 3681; x_wconf 91' lang='lat' dir='ltr'>causis</span> <span class='ocrx_word' id='word_1_206' title='bbox 563 3631 679 3704; x_wconf 89' lang='lat' dir='ltr'>super</span> <span class='ocrx_word' id='word_1_207' title='bbox 706 3604 873 3680; x_wconf 90' lang='lat' dir='ltr'>nullitate</span> <span class='ocrx_word' id='word_1_208' title='bbox 901 3609 1181 3694; x_wconf 89' lang='lat' dir='ltr'>sententiarum,</span> <span class='ocrx_word' id='word_1_209' title='bbox 1203 3634 1319 3704; x_wconf 87' lang='lat' dir='ltr'>super</span> <span class='ocrx_word' id='word_1_210' title='bbox 1337 3609 1587 3683; x_wconf 89' lang='lat' dir='ltr'>contractibus</span> <span class='ocrx_word' id='word_1_211' title='bbox 1617 3633 1751 3684; x_wconf 91' lang='lat' dir='ltr'>usura—</span> 
     </span>
     <span class='ocr_line' id='line_1_26' title="bbox 248 3729 1751 3830; baseline 0.003 -26"><span class='ocrx_word' id='word_1_212' title='bbox 248 3731 311 3804; x_wconf 92' lang='lat' dir='ltr'>riis</span> <span class='ocrx_word' id='word_1_213' title='bbox 337 3729 507 3816; x_wconf 89' lang='lat' dir='ltr'>latarum,</span> <span class='ocrx_word' id='word_1_214' title='bbox 538 3729 593 3804; x_wconf 89' lang='lat' dir='ltr'>eis</span> <span class='ocrx_word' id='word_1_215' title='bbox 629 3731 837 3806; x_wconf 90' lang='lat' dir='ltr'>commissis</span> <span class='ocrx_word' id='word_1_216' title='bbox 866 3729 925 3804; x_wconf 91' lang='lat' dir='ltr'>vel</span> <span class='ocrx_word' id='word_1_217' title='bbox 952 3731 988 3804; x_wconf 91' lang='lat' dir='ltr'>in</span> <span class='ocrx_word' id='word_1_218' title='bbox 1016 3747 1211 3827; x_wconf 89' lang='lat' dir='ltr'>posterum</span> <span class='ocrx_word' id='word_1_219' title='bbox 1240 3733 1528 3818; x_wconf 86' lang='lat' dir='ltr'>committendis,</span> <span class='ocrx_word' id='word_1_220' title='bbox 1558 3758 1632 3807; x_wconf 91' lang='lat' dir='ltr'>uon</span> <span class='ocrx_word' id='word_1_221' title='bbox 1660 3758 1751 3830; x_wconf 90' lang='lat' dir='ltr'>pro-</span> 
     </span>
     <span class='ocr_line' id='line_1_27' title="bbox 246 3853 1748 3952; baseline 0.003 -26"><span class='ocrx_word' id='word_1_222' title='bbox 246 3855 384 3928; x_wconf 90' lang='lat' dir='ltr'>cedant</span> <span class='ocrx_word' id='word_1_223' title='bbox 418 3853 539 3928; x_wconf 92' lang='lat' dir='ltr'>donec</span> <span class='ocrx_word' id='word_1_224' title='bbox 575 3853 876 3927; x_wconf 79' lang='lat' dir='ltr'>informationem</span> <span class='ocrx_word' id='word_1_225' title='bbox 910 3855 1149 3928; x_wconf 89' lang='lat' dir='ltr'>summariam</span> <span class='ocrx_word' id='word_1_226' title='bbox 1178 3856 1403 3952; x_wconf 89' lang='lat' dir='ltr'>receperint,</span> <span class='ocrx_word' id='word_1_227' title='bbox 1442 3854 1474 3930; x_wconf 92' lang='lat' dir='ltr'>si</span> <span class='ocrx_word' id='word_1_228' title='bbox 1510 3854 1559 3929; x_wconf 92' lang='lat' dir='ltr'>illi</span> <span class='ocrx_word' id='word_1_229' title='bbox 1596 3855 1660 3952; x_wconf 95' lang='lat' dir='ltr'>qui</span> <span class='ocrx_word' id='word_1_230' title='bbox 1698 3857 1748 3930; x_wconf 91' lang='lat' dir='ltr'>de</span> 
     </span>
     <span class='ocr_line' id='line_1_28' title="bbox 246 3961 1749 4077; baseline 0.002 -27"><span class='ocrx_word' id='word_1_231' title='bbox 246 3975 413 4051; x_wconf 90' lang='lat' dir='ltr'>nullitate</span> <span class='ocrx_word' id='word_1_232' title='bbox 441 3978 653 4052; x_wconf 91' lang='lat' dir='ltr'>huiusmodi</span> <span class='ocrx_word' id='word_1_233' title='bbox 680 3977 838 4076; x_wconf 85' lang='lat' dir='ltr'>egerint,</span> <span class='ocrx_word' id='word_1_234' title='bbox 874 3979 948 4052; x_wconf 91' lang='lat' dir='ltr'>sint</span> <span class='ocrx_word' id='word_1_235' title='bbox 976 3978 1023 4052; x_wconf 94' lang='lat' dir='ltr'>de</span> <span class='ocrx_word' id='word_1_236' title='bbox 1059 3961 1228 4054; x_wconf 83' lang='lat' dir='ltr'>usuraria</span> <span class='ocrx_word' id='word_1_237' title='bbox 1264 3981 1451 4076; x_wconf 88' lang='lat' dir='ltr'>pravitate</span> <span class='ocrx_word' id='word_1_238' title='bbox 1484 3978 1632 4077; x_wconf 88' lang='lat' dir='ltr'>publice</span> <span class='ocrx_word' id='word_1_239' title='bbox 1659 3979 1749 4054; x_wconf 85' lang='lat' dir='ltr'>infa-</span> 
     </span>
     <span class='ocr_line' id='line_1_29' title="bbox 246 4101 1747 4202; baseline 0.003 -28"><span class='ocrx_word' id='word_1_240' title='bbox 246 4103 356 4190; x_wconf 88' lang='lat' dir='ltr'>mati;</span> <span class='ocrx_word' id='word_1_241' title='bbox 385 4118 425 4177; x_wconf 89' lang='lat' dir='ltr'>et</span> <span class='ocrx_word' id='word_1_242' title='bbox 452 4103 483 4177; x_wconf 90' lang='lat' dir='ltr'>si</span> <span class='ocrx_word' id='word_1_243' title='bbox 511 4129 580 4177; x_wconf 90' lang='lat' dir='ltr'>eos</span> <span class='ocrx_word' id='word_1_244' title='bbox 607 4127 676 4199; x_wconf 91' lang='lat' dir='ltr'>per</span> <span class='ocrx_word' id='word_1_245' title='bbox 704 4101 1002 4177; x_wconf 83' lang='lat' dir='ltr'>informationem</span> <span class='ocrx_word' id='word_1_246' title='bbox 1025 4104 1237 4178; x_wconf 89' lang='lat' dir='ltr'>huiusmodi</span> <span class='ocrx_word' id='word_1_247' title='bbox 1269 4131 1384 4202; x_wconf 90' lang='lat' dir='ltr'>super</span> <span class='ocrx_word' id='word_1_248' title='bbox 1412 4106 1482 4178; x_wconf 92' lang='lat' dir='ltr'>hoc</span> <span class='ocrx_word' id='word_1_249' title='bbox 1510 4107 1747 4202; x_wconf 90' lang='lat' dir='ltr'>reppererint</span> 
     </span>
     <span class='ocr_line' id='line_1_30' title="bbox 245 4225 1743 4326; baseline 0.003 -28"><span class='ocrx_word' id='word_1_250' title='bbox 245 4225 391 4322; x_wconf 92' lang='lat' dir='ltr'>publice</span> <span class='ocrx_word' id='word_1_251' title='bbox 419 4225 641 4311; x_wconf 86' lang='lat' dir='ltr'>diffamatos,</span> <span class='ocrx_word' id='word_1_252' title='bbox 661 4226 698 4300; x_wconf 90' lang='lat' dir='ltr'>in</span> <span class='ocrx_word' id='word_1_253' title='bbox 725 4226 868 4300; x_wconf 90' lang='lat' dir='ltr'>eisdem</span> <span class='ocrx_word' id='word_1_254' title='bbox 897 4227 1020 4301; x_wconf 91' lang='lat' dir='ltr'>causis</span> <span class='ocrx_word' id='word_1_255' title='bbox 1039 4226 1194 4302; x_wconf 91' lang='lat' dir='ltr'>ulterius</span> <span class='ocrx_word' id='word_1_256' title='bbox 1214 4253 1288 4301; x_wconf 91' lang='lat' dir='ltr'>non</span> <span class='ocrx_word' id='word_1_257' title='bbox 1314 4229 1540 4326; x_wconf 87' lang='lat' dir='ltr'>procedant:</span> <span class='ocrx_word' id='word_1_258' title='bbox 1565 4225 1743 4326; x_wconf 91' lang='lat' dir='ltr'>alioquin,</span> 
     </span>
     <span class='ocr_line' id='line_1_31' title="bbox 244 4349 1349 4448; baseline 0.005 -25"><span class='ocrx_word' id='word_1_259' title='bbox 244 4349 414 4447; x_wconf 88' lang='lat' dir='ltr'>partibus</span> <span class='ocrx_word' id='word_1_260' title='bbox 442 4351 533 4448; x_wconf 93' lang='lat' dir='ltr'>ipsis</span> <span class='ocrx_word' id='word_1_261' title='bbox 560 4351 737 4425; x_wconf 89' lang='lat' dir='ltr'>iustitiam</span> <span class='ocrx_word' id='word_1_262' title='bbox 765 4349 901 4424; x_wconf 88' lang='lat' dir='ltr'>iaciant</span> <span class='ocrx_word' id='word_1_263' title='bbox 928 4351 964 4424; x_wconf 93' lang='lat' dir='ltr'>in</span> <span class='ocrx_word' id='word_1_264' title='bbox 992 4351 1116 4426; x_wconf 91' lang='lat' dir='ltr'>causis</span> <span class='ocrx_word' id='word_1_265' title='bbox 1142 4351 1349 4428; x_wconf 87' lang='lat' dir='ltr'>antedictis.</span> 
     </span>
    </p>
   </div>
   <div class='ocr_carea' id='block_1_5' title="bbox 137 4602 1748 5445">
    <p class='ocr_par' dir='ltr' id='par_1_5' title="bbox 137 4602 1748 5445">
     <span class='ocr_line' id='line_1_32' title="bbox 327 4602 1748 4700; baseline 0.001 -25"><span class='ocrx_word' id='word_1_266' title='bbox 327 4624 388 4696; x_wconf 85' lang='lat'>73.</span> <span class='ocrx_word' id='word_1_267' title='bbox 424 4602 612 4700; x_wconf 85' lang='lat' dir='ltr'>Dignetur</span> <span class='ocrx_word' id='word_1_268' title='bbox 646 4602 958 4676; x_wconf 90' lang='lat' dir='ltr'>reverendissima</span> <span class='ocrx_word' id='word_1_269' title='bbox 993 4604 1199 4697; x_wconf 89' lang='lat' dir='ltr'>paternitas</span> <span class='ocrx_word' id='word_1_270' title='bbox 1235 4620 1363 4676; x_wconf 88' lang='lat' dir='ltr'>vestra</span> <span class='ocrx_word' id='word_1_271' title='bbox 1397 4604 1574 4678; x_wconf 90' lang='lat' dir='ltr'>mandare</span> <span class='ocrx_word' id='word_1_272' title='bbox 1601 4605 1748 4677; x_wconf 90' lang='lat' dir='ltr'>univer·</span> 
     </span>
     <span class='ocr_line' id='line_1_33' title="bbox 243 4725 1748 4826; baseline 0.007 -28"><span class='ocrx_word' id='word_1_273' title='bbox 243 4725 294 4798; x_wconf 91' lang='lat' dir='ltr'>sis</span> <span class='ocrx_word' id='word_1_274' title='bbox 322 4726 555 4802; x_wconf 90' lang='lat' dir='ltr'>auditoribus</span> <span class='ocrx_word' id='word_1_275' title='bbox 582 4727 677 4801; x_wconf 90' lang='lat' dir='ltr'>sacri</span> <span class='ocrx_word' id='word_1_276' title='bbox 706 4727 833 4824; x_wconf 89' lang='lat' dir='ltr'>palatii</span> <span class='ocrx_word' id='word_1_277' title='bbox 860 4725 1066 4822; x_wconf 89' lang='lat' dir='ltr'>apostolici,</span> <span class='ocrx_word' id='word_1_278' title='bbox 1088 4727 1266 4824; x_wconf 89' lang='lat' dir='ltr'>quatinus</span> <span class='ocrx_word' id='word_1_279' title='bbox 1294 4730 1325 4803; x_wconf 90' lang='lat' dir='ltr'>si</span> <span class='ocrx_word' id='word_1_280' title='bbox 1352 4729 1568 4826; x_wconf 91' lang='lat' dir='ltr'>oppositum</span> <span class='ocrx_word' id='word_1_281' title='bbox 1586 4745 1658 4813; x_wconf 87' lang='lat' dir='ltr'>est,</span> <span class='ocrx_word' id='word_1_282' title='bbox 1678 4745 1748 4808; x_wconf 90' lang='lat' dir='ltr'>aut</span> 
     </span>
     <span class='ocr_line' id='line_1_34' title="bbox 137 4851 1747 4949; baseline 0.002 -25"><span class='ocrx_word' id='word_1_283' title='bbox 137 4919 139 4924; x_wconf 83' lang='lat'><em>.</em></span> <span class='ocrx_word' id='word_1_284' title='bbox 242 4866 511 4946; x_wconf 86' lang='lat' dir='ltr'>opponeretur,</span> <span class='ocrx_word' id='word_1_285' title='bbox 530 4853 567 4925; x_wconf 91' lang='lat' dir='ltr'>in</span> <span class='ocrx_word' id='word_1_286' title='bbox 594 4853 784 4926; x_wconf 89' lang='lat' dir='ltr'>audientia</span> <span class='ocrx_word' id='word_1_287' title='bbox 811 4852 871 4926; x_wconf 88' lang='lat' dir='ltr'>vel</span> <span class='ocrx_word' id='word_1_288' title='bbox 897 4851 991 4926; x_wconf 90' lang='lat' dir='ltr'>alias</span> <span class='ocrx_word' id='word_1_289' title='bbox 1019 4877 1145 4926; x_wconf 89' lang='lat' dir='ltr'>coram</span> <span class='ocrx_word' id='word_1_290' title='bbox 1173 4853 1264 4949; x_wconf 91' lang='lat' dir='ltr'>ipsis</span> <span class='ocrx_word' id='word_1_291' title='bbox 1293 4855 1329 4926; x_wconf 94' lang='lat' dir='ltr'>in</span> <span class='ocrx_word' id='word_1_292' title='bbox 1357 4853 1493 4928; x_wconf 91' lang='lat' dir='ltr'>iudicio</span> <span class='ocrx_word' id='word_1_293' title='bbox 1520 4869 1652 4929; x_wconf 90' lang='lat' dir='ltr'>contra</span> <span class='ocrx_word' id='word_1_294' title='bbox 1678 4855 1747 4930; x_wconf 94' lang='lat' dir='ltr'>ali-</span> 
     </span>
     <span class='ocr_line' id='line_1_35' title="bbox 241 4973 1747 5075; baseline 0.003 -26"><span class='ocrx_word' id='word_1_295' title='bbox 241 4999 340 5070; x_wconf 92' lang='lat' dir='ltr'>quos</span> <span class='ocrx_word' id='word_1_296' title='bbox 386 4977 435 5049; x_wconf 93' lang='lat' dir='ltr'>de</span> <span class='ocrx_word' id='word_1_297' title='bbox 477 4973 869 5064; x_wconf 87' lang='lat' dir='ltr'>excommunicatione,</span> <span class='ocrx_word' id='word_1_298' title='bbox 904 4975 1035 5074; x_wconf 83' lang='lat' dir='ltr'>vigore¹</span> <span class='ocrx_word' id='word_1_299' title='bbox 1073 4977 1243 5074; x_wconf 90' lang='lat' dir='ltr'>rescripti</span> <span class='ocrx_word' id='word_1_300' title='bbox 1287 4976 1483 5075; x_wconf 89' lang='lat' dir='ltr'>apostolici</span> <span class='ocrx_word' id='word_1_301' title='bbox 1519 5002 1588 5075; x_wconf 91' lang='lat' dir='ltr'>per</span> <span class='ocrx_word' id='word_1_302' title='bbox 1624 4979 1747 5055; x_wconf 91' lang='lat' dir='ltr'>domi·</span> 
     </span>
     <span class='ocr_line' id='line_1_36' title="bbox 242 5099 1746 5199; baseline 0.004 -29"><span class='ocrx_word' id='word_1_303' title='bbox 242 5122 331 5174; x_wconf 87' lang='lat' dir='ltr'>num</span> <span class='ocrx_word' id='word_1_304' title='bbox 360 5099 588 5199; x_wconf 84' lang='lat' dir='ltr'>Gregorium</span> <span class='ocrx_word' id='word_1_305' title='bbox 620 5124 757 5197; x_wconf 88' lang='lat' dir='ltr'>papam</span> <span class='ocrx_word' id='word_1_306' title='bbox 791 5099 845 5173; x_wconf 91' lang='lat' dir='ltr'>XI</span> <span class='ocrx_word' id='word_1_307' title='bbox 876 5099 963 5174; x_wconf 85' lang='lat' dir='ltr'>sacti</span> <span class='ocrx_word' id='word_1_308' title='bbox 991 5116 1122 5175; x_wconf 89' lang='lat' dir='ltr'>contra</span> <span class='ocrx_word' id='word_1_309' title='bbox 1149 5102 1318 5197; x_wconf 86' lang='lat' dir='ltr'>prelatos</span> <span class='ocrx_word' id='word_1_310' title='bbox 1345 5118 1384 5176; x_wconf 91' lang='lat' dir='ltr'>et</span> <span class='ocrx_word' id='word_1_311' title='bbox 1408 5117 1560 5178; x_wconf 88' lang='lat' dir='ltr'>curatos</span> <span class='ocrx_word' id='word_1_312' title='bbox 1592 5103 1641 5177; x_wconf 89' lang='lat' dir='ltr'>de</span> <span class='ocrx_word' id='word_1_313' title='bbox 1668 5126 1746 5178; x_wconf 90' lang='lat' dir='ltr'>non</span> 
     </span>
     <span class='ocr_line' id='line_1_37' title="bbox 243 5224 1746 5325; baseline 0.004 -29"><span class='ocrx_word' id='word_1_314' title='bbox 243 5224 473 5298; x_wconf 89' lang='lat' dir='ltr'>remanendo</span> <span class='ocrx_word' id='word_1_315' title='bbox 505 5224 540 5298; x_wconf 92' lang='lat' dir='ltr'>in</span> <span class='ocrx_word' id='word_1_316' title='bbox 573 5227 684 5310; x_wconf 90' lang='lat' dir='ltr'>curia,</span> <span class='ocrx_word' id='word_1_317' title='bbox 718 5224 813 5298; x_wconf 88' lang='lat' dir='ltr'>tales</span> <span class='ocrx_word' id='word_1_318' title='bbox 841 5224 1072 5299; x_wconf 89' lang='lat' dir='ltr'>obiectiones</span> <span class='ocrx_word' id='word_1_319' title='bbox 1104 5241 1143 5299; x_wconf 88' lang='lat' dir='ltr'>et</span> <span class='ocrx_word' id='word_1_320' title='bbox 1169 5224 1429 5322; x_wconf 90' lang='lat' dir='ltr'>oppositiones</span> <span class='ocrx_word' id='word_1_321' title='bbox 1457 5251 1531 5302; x_wconf 91' lang='lat' dir='ltr'>non</span> <span class='ocrx_word' id='word_1_322' title='bbox 1564 5225 1746 5325; x_wconf 90' lang='lat' dir='ltr'>recipiant</span> 
     </span>
     <span class='ocr_line' id='line_1_38' title="bbox 244 5348 1746 5445; baseline 0.003 -23"><span class='ocrx_word' id='word_1_323' title='bbox 244 5372 313 5423; x_wconf 89' lang='lat' dir='ltr'>nec</span> <span class='ocrx_word' id='word_1_324' title='bbox 348 5349 558 5433; x_wconf 89' lang='lat' dir='ltr'>admittant,</span> <span class='ocrx_word' id='word_1_325' title='bbox 588 5366 702 5445; x_wconf 94' lang='lat' dir='ltr'>prout</span> <span class='ocrx_word' id='word_1_326' title='bbox 728 5349 902 5423; x_wconf 89' lang='lat' dir='ltr'>dominus</span> <span class='ocrx_word' id='word_1_327' title='bbox 939 5362 1068 5424; x_wconf 90' lang='lat' dir='ltr'>noster</span> <span class='ocrx_word' id='word_1_328' title='bbox 1099 5349 1183 5424; x_wconf 92' lang='lat' dir='ltr'>vive</span> <span class='ocrx_word' id='word_1_329' title='bbox 1210 5350 1313 5426; x_wconf 89' lang='lat' dir='ltr'>vocis</span> <span class='ocrx_word' id='word_1_330' title='bbox 1349 5348 1500 5426; x_wconf 92' lang='lat' dir='ltr'>oraculo</span> <span class='ocrx_word' id='word_1_331' title='bbox 1532 5351 1653 5426; x_wconf 84' lang='lat' dir='ltr'>eidem</span> <span class='ocrx_word' id='word_1_332' title='bbox 1681 5377 1746 5426; x_wconf 92' lang='lat' dir='ltr'>ve·</span> 
     </span>
    </p>
   </div>
   <div class='ocr_carea' id='block_1_6' title="bbox 0 0 1858 5911">
    <p class='ocr_par' dir='ltr' id='par_1_6' title="bbox 0 0 1858 5911">
     <span class='ocr_line' id='line_1_39' title="bbox 0 0 1858 5911; baseline 0 0"><span class='ocrx_word' id='word_1_333' title='bbox 0 0 1858 5911; x_wconf 95' lang='lat' dir='ltr'> </span> 
     </span>
    </p>
   </div>
  </div>
 </body>
</html>
