3708 5918
543 367 549 386 .
632 328 792 402 Gregorio
810 329 842 389 Χ
859 359 877 374 -
897 328 1033 389 Nr'cotao
1050 329 1106 389 IV
1281 357 1285 366 ·
1581 332 1614 389 61

129 429 278 436 u-————————
784 423 1329 438 *ss-————---—-—-
1340 431 1382 436 ---
1396 430 1463 436 ω..-
1472 429 1599 438 ---..-...

126 521 180 594 ubi
206 522 264 594 ius
292 521 439 618 publice
467 521 647 608 redditur,
678 521 917 618 pontificatus
945 522 1086 597 domini
1115 522 1290 622 Gregorii
1318 547 1417 620 pape
1439 523 1488 610 X,
1518 547 1617 598 anno

126 645 287 721 tertio».

204 770 282 843 «ln
311 772 416 846 cuius
444 773 497 846 rei
526 774 791 859 testimonium,
822 772 892 848 hoc
925 797 1082 869 presens
1110 771 1296 869 publicum
1329 773 1616 876 instrumentum

125 919 184 992 per
210 894 488 993 infrascriptum
516 898 702 972 notarium
728 895 808 970 fieri
834 897 1021 983 iussimus,
1051 913 1090 972 et
1119 898 1236 971 nostri
1273 897 1382 996 sigilli
1416 898 1617 972 munimine

124 1021 295 1096 roborari.
326 1021 412 1121 Ego
439 1022 594 1096 Tadeus
621 1021 747 1118 Jacobi
775 1021 823 1096 de
853 1023 1041 1108 Bectonia,
1073 1022 1253 1118 imperiali
1289 1023 1512 1097 auctoritate
1551 1047 1617 1098 no-

124 1144 243 1232 tarius,
274 1145 484 1221 recitationi
511 1162 551 1222 et
577 1145 776 1244 prolationi
803 1147 989 1242 presentis
1018 1149 1203 1221 sententie
1222 1171 1381 1243 presens
1400 1147 1558 1232 interlui,
1578 1162 1618 1220 et

125 1270 275 1344 eandem
303 1271 528 1345 sententiam
560 1270 608 1345 de
642 1270 822 1345 mandato
854 1271 988 1368 prefati
1024 1271 1163 1347 domini
1200 1271 1382 1346 auditoris
1418 1273 1549 1369 scripsi
1577 1288 1616 1345 et

124 1391 355 1490 publicavi».

199 1518 339 1594 «Nulli
367 1545 461 1620 ergo
486 1520 596 1622 [etc]
626 1537 755 1594 nostre
782 1521 1084 1608 confirmationis,
1114 1537 1184 1596 etc.

192 1645 337 1720 Datum
365 1645 552 1742 Lugduni,
582 1669 607 1718 x
636 1645 830 1721 Kalendas
858 1647 1082 1732 novembris,
1112 1672 1212 1721 anno
1240 1648 1406 1721 tertio».

830 1949 894 2027 45.

121 2109 269 2184 Nicolao
287 2111 316 2182 I
318 2113 357 2185 V
376 2119 554 2208 regnante
571 2111 830 2208 (1288·1292)
849 2111 1029 2206 chostro
1046 2135 1118 2184 non
1136 2110 1316 2184 inseritur
1326 2121 1402 2208 per
1424 2119 1613 2186 extensum

192 2244 228 2309 et
253 2261 304 2308 ex
325 2235 468 2334 integro
487 2244 590 2310 tenor
607 2237 869 2310 sententrorum
892 2234 1174 2334 Capellanorum
1193 2235 1420 2310 Auditorum
1439 2279 1465 2292 -
1486 2234 1612 2334 Capel-

190 2360 277 2434 lonz'
289 2359 493 2436 Auditores
509 2385 581 2435 non
599 2359 758 2458 amplios
774 2360 985 2458 generales,
1004 2359 1071 2434 sed
1087 2357 1286 2434 dumtaxat
1300 2369 1480 2434 vocantur
1495 2359 1612 2434 Audi-

188 2492 288 2558 tores
317 2509 518 2559 causarum
545 2483 699 2558 Palatii.
954 2451 967 2478 l

188 2658 285 2730 uem.
304 2657 398 2729 vm,
418 2657 954 2732 oo,s01.rorv,c.5ao,·nmrsr
972 2657 1145 2730 mems,
1164 2659 1201 2716 tn
1225 2657 1408 2716 «neuton.
1425 2656 1482 2716 aes
1500 2635 1614 2716 &cous

120 2746 329 2820 Francar'ses,
347 2746 413 2806 Les
431 2746 604 2820 Regr'stres
622 2745 662 2806 cte
681 2745 816 2806 Nicolns
834 2745 894 2820 IV,
912 2745 1171 2819 Porr's,1890»,
1190 2764 1221 2804 n.
1240 2745 1344 2816 6105).

1035 2957 1112 3030 1291,
1131 2957 1324 3034 septembris
1341 2957 1385 3030 22,
1403 2925 1613 3019 Urbevetere.

112 3149 454 3166 ......
519 3087 616 3164 Cum
652 3115 742 3164 vero
771 3091 1017 3187 episcopus...
1047 3089 1213 3163 decanus
1241 3105 1280 3162 et
1311 3087 1527 3187 Capitulum
1564 3087 1613 3162 ad

113 3215 238 3290 sedem
278 3214 523 3313 apostolicam
560 3213 814 3312 appellassent
842 3231 881 3288 et
918 3238 1018 3311 papa
1050 3213 1220 3312 partibus
1248 3213 1444 3287 Matheum
1482 3213 1613 3289 Proto-

110 3341 378 3415 uobilissimum
406 3340 453 3414 de
482 3338 654 3436 Neapoli,
683 3357 875 3413 cantorem
905 3339 1189 3428 Carnotensem,
1220 3339 1451 3436 capellanum
1488 3364 1609 3424 suum,

110 3464 232 3559 palatii
261 3489 461 3540 causarum
488 3465 698 3540 auditorem
726 3480 764 3540 et
792 3464 1038 3561 postmodum
1068 3462 1342 3561 Huguitionem
1363 3465 1412 3537 de
1433 3461 1612 3538 Vercellis

110 3588 344 3686 capellanum
363 3615 483 3676 suum,
500 3589 627 3686 palatii
641 3613 838 3662 causarum
855 3589 1078 3673 auditorem,
1094 3587 1265 3684 partibus
1284 3587 1477 3662 auditores
1492 3587 1611 3662 dedis·

110 3731 190 3789 sent
218 3716 309 3812 (ric),
332 3716 390 3788 hic
417 3715 686 3791 contumaciter
713 3715 879 3790 decrevit
900 3713 1054 3789 ecclesie
1084 3715 1295 3814 ingressum
1323 3713 1403 3789 lore
1431 3713 1612 3814 episcopo

109 3840 348 3914 interdictum
376 3865 497 3936 usque
525 3840 574 3915 ad
602 3839 893 3916 satisfactionem
922 3839 1197 3937 condignam
1240 3836 1350 3912 Hanc
1387 3839 1611 3914 sententiam

108 3988 204 4062 papa
233 3961 443 4041 confirmat.
481 3965 595 4038 «Sua
624 3965 730 4039 nobis
759 3963 915 4038 dilectus
934 4009 1014 4039 ....-
1040 3963 1127 4039 Dat.
1158 3963 1261 4060 apud
1281 3963 1608 4050 Urbemveterem,

109 4111 131 4160 x
157 4089 346 4164 kalendas
374 4090 538 4164 octobris
565 4113 665 4164 anno
693 4105 883 4186 quarto».

824 4364 890 4443 46.

112 4523 184 4600 Sub
226 4525 389 4600 ll'icolao
422 4526 492 4600 IV
530 4533 726 4622 quandem·
747 4523 881 4598 descito
925 4533 1016 4598 esset
1060 4523 1343 4624 capellanorum
1382 4525 1610 4624 Andriorum

181 4652 374 4740 fortuna!

186 4803 284 4877 (Rae.
306 4803 400 4876 Vnr,
419 4805 473 4874 46,
495 4819 519 4865 c.
539 4805 621 4878 233,
637 4805 696 4877 sot.
717 4806 760 4864 47
777 4822 890 4874 verso:
910 4807 945 4865 E.
964 4805 1138 4880 Lnuouors,
1156 4823 1188 4864 n.
1206 4807 1311 4878 5171).

380 5005 633 5081 ‚Martinus
662 5006 764 5104 Papa
797 5007 861 5080 llll
898 5009 1148 5105 predecessor
1182 5025 1310 5084 noster
1344 5008 1502 5105 quodam
1530 5033 1610 5081 ma-

103 5067 225 5227 gistro
252 5131 414 5205 Nicolao
439 5131 483 5206 de
517 5133 738 5220 Tarracena,
770 5131 975 5230 Capellano
1003 5158 1074 5208 suo
1101 5149 1141 5209 et
1174 5133 1291 5232 ipsius
1320 5133 1460 5231 palatii
1484 5133 1605 5206 Audi-

102 5256 177 5328 tori
200 5281 418 5342 causarum,
450 5281 603 5334 eausam
632 5257 751 5354 ipsam
771 5258 994 5333 audiendam
1014 5257 1199 5332 commisit
1226 5272 1265 5332 et
1292 5255 1364 5332 line
1382 5257 1509 5332 debito
1529 5271 1604 5330 ter-

109 5382 327 5458 minandam
772 5375 786 5404 ³
