3720 5914
745 315 866 374 Can'sto
884 315 942 374 III
1536 318 1588 376 153

170 507 222 578 Et
240 531 356 602 quum
376 509 529 607 dignum
550 527 620 591 est,
643 512 725 583 illos
744 510 808 605 qui
829 536 869 583 se
889 513 1053 582 omnium
1075 509 1294 583 utilitatibus
1310 513 1428 608 gratis
1449 511 1591 606 impen-

85 630 185 702 dunt
212 633 365 728 gratuiti
393 635 564 728 obsequii
592 635 640 707 ab
666 633 748 707 aliis
777 635 877 707 vices
906 635 1074 728 rependi,
1105 635 1279 707 volumus
1307 652 1346 708 et
1374 636 1593 708 ordinamus
1657 709 1660 716 ,

14 779 16 790 ⁴
87 755 196 847 quod
224 757 272 828 ad
301 758 419 830 instar
439 759 662 853 scriptorum
682 757 973 854 apostolicorum
995 775 1033 830 et
1060 758 1214 832 aliorum
1240 761 1491 854 quorumdam
1512 759 1591 832 offi-

14 889 15 892 ’
88 879 238 952 cialium
266 907 336 978 pro
363 885 499 978 quibus
526 884 733 980 apostolice
762 885 885 956 littere
913 884 1032 980 gratis
1060 884 1321 980 expediuntur,
1352 885 1464 958 etiam
1503 885 1593 980 ipsis

89 1028 246 1100 quoque
274 1006 519 1081 Auditoribus
548 1023 742 1082 eteorum
772 1009 1069 1083 locatenentibus
1099 1032 1231 1082 omnes
1259 1009 1401 1082 litteras
1437 1026 1592 1104 aposto-

89 1126 181 1200 licas
211 1147 286 1203 tam
315 1133 474 1229 gratiam
503 1159 617 1228 quam
644 1133 823 1206 iustitiam
852 1151 1132 1216 concernentes,
1163 1157 1232 1228 per
1260 1135 1364 1228 ipsos
1393 1159 1461 1206 seu
1491 1133 1591 1228 ipso·

91 1280 175 1326 rum
204 1257 353 1330 nomine
381 1259 600 1354 impetratas
629 1259 687 1332 vel
717 1258 983 1354 impetrandas
1005 1259 1125 1356 gratis
1145 1261 1282 1354 ubique
1311 1276 1348 1332 et
1368 1259 1447 1332 sine
1466 1257 1592 1354 aliqua

93 1395 180 1453 taxa
209 1383 268 1454 vel
296 1384 480 1456 solutione
508 1383 674 1480 expediri
703 1385 877 1459 debeant.

175 1505 465 1580 Committentes
495 1509 532 1581 S.
565 1509 609 1583 R.
641 1509 683 1582 E.
715 1507 1026 1582 Vicecancellario
1054 1524 1120 1582 aut
1148 1507 1404 1582 cancellariam
1440 1525 1589 1604 aposto-

93 1629 200 1701 licam
229 1629 276 1702 de
306 1633 484 1706 mandato
512 1648 642 1707 nostro
672 1659 741 1730 pro
770 1650 941 1730 ternpore
984 1634 1141 1731 regenti,
1173 1648 1214 1705 ut
1248 1635 1318 1706 hoc
1356 1633 1590 1730 privilegium

94 1755 186 1850 ipsis
227 1756 473 1832 Auditoribus
510 1757 768 1832 inviolabiliter
814 1759 925 1832 iaciat
970 1759 1172 1844 observari,
1222 1761 1518 1832 contradictores
1553 1777 1593 1830 et

97 1879 258 1954 rebelles
286 1907 354 1978 per
380 1908 558 1957 censuras
577 1885 804 1981 apostolicas
825 1885 1120 1980 compescendo;
1141 1902 1180 1956 et
1199 1883 1456 1959 nichilominus
1475 1883 1595 1957 omni-

98 2007 169 2078 bus
211 2025 249 2079 et
292 2009 447 2104 singulis
483 2010 727 2105 scriptoribus
768 2011 995 2105 apostolicis,
1041 2009 1273 2083 taxatoribus
1302 2026 1340 2081 et
1372 2008 1591 2082 officialibus

94 2129 326 2205 Cancellarie
354 2133 570 2229 apostolice,
601 2135 796 2232 Magistris
824 2159 978 2231 quoque
1007 2135 1177 2232 regestri,
1208 2134 1413 2207 litterarum
1443 2153 1592 2230 aposto-

93 2255 247 2329 licarum
276 2258 573 2354 plumbatoribus
602 2276 641 2332 et
669 2261 901 2334 taxatoribus
930 2259 1147 2333 earumdem
1175 2276 1215 2332 et
1241 2260 1324 2331 aliis
1353 2260 1593 2353 quibuscum-

92 2405 168 2476 que
184 2381 402 2456 officialibus
416 2383 465 2457 ad
480 2385 622 2457 litteras
636 2386 863 2480 apostolicas
891 2384 1147 2479 expediendas
1176 2385 1376 2479 deputatis,
1399 2382 1458 2456 vel
1478 2383 1593 2478 impo-

93 2523 239 2579 sterum
260 2531 326 2602 per
346 2533 414 2580 nos
432 2509 492 2582 vel
512 2534 750 2582 successores
766 2527 916 2582 nostros
936 2508 1172 2605 deputandis,
1189 2532 1427 2604 quocumque
1444 2507 1592 2580 nomine

94 2648 331 2719 censeantur,
361 2633 396 2706 in
425 2635 561 2707 virtute
589 2633 628 2709 S.
659 2633 882 2708 Obedientie
910 2652 949 2706 et
977 2635 1048 2706 sub
1076 2631 1468 2707 excommunicationis
1496 2655 1595 2727 pena

98 2779 214 2850 quam
244 2758 565 2832 contravenientes
594 2759 783 2832 incurrant
810 2759 894 2855 ipso
922 2759 1031 2842 lacto,
1053 2758 1305 2832 interdicimus
1324 2773 1362 2830 et
1382 2757 1593 2830 inhibemus

97 2906 144 2953 ne
173 2883 224 2954 ab
251 2883 341 2976 ipsis
370 2882 616 2956 Auditoribus
645 2900 684 2957 et
711 2881 1005 2958 locatenentibus
1024 2883 1083 2957 vel
1112 2885 1160 2956 ab
1186 2881 1266 2956 aliis
1294 2907 1424 2955 eorum
1445 2881 1593 2954 nomine
1632 2957 1637 2969 ,

93 3031 164 3101 pro
203 3005 411 3082 litterarum
439 3009 728 3104 apostolicarum
771 3009 1040 3105 expedictione,
1085 3032 1321 3105 quecumque
1358 3008 1498 3080 directe
1534 3007 1592 3080 vel

94 3131 275 3205 indirecte
304 3133 480 3230 recipere,
511 3134 662 3231 exigere
691 3134 749 3207 vel
777 3152 1002 3230 extorquere
1031 3150 1263 3230 presumant.
1312 3131 1324 3158 ⁰

175 3256 317 3330 Verum
347 3261 434 3354 quia
462 3259 610 3332 difficile
637 3259 733 3333 foret
761 3260 990 3355 prescriptas
1023 3259 1333 3355 predecessorum
1377 3275 1591 3330 nostrorum

94 3408 138 3455 ac
166 3400 365 3479 presentes
395 3400 542 3458 nostras
571 3385 714 3458 litteras
741 3386 791 3458 ad
819 3408 1057 3480 quecumque
1086 3383 1166 3457 loca
1208 3383 1354 3455 deferre
1391 3395 1430 3454 et
1466 3405 1591 3454 coram

93 3509 253 3581 diversis
281 3508 462 3582 iudicibus
490 3510 705 3584 iudicialiter
742 3510 960 3605 producere,
982 3525 1021 3583 et
1050 3510 1218 3606 singulos
1239 3507 1444 3580 Auditores
1464 3506 1590 3601 predi-

94 3648 176 3704 ctos
204 3631 284 3705 illas
311 3632 450 3706 habere
479 3635 663 3719 volumus,
692 3636 826 3708 eadem
854 3634 1077 3708 auctoritate
1106 3633 1340 3706 decernimus
1368 3631 1471 3727 quod
1499 3631 1592 3726 ipsa-

95 3783 176 3828 rum
216 3772 463 3852 transumpto,
496 3783 605 3830 manu
648 3759 795 3854 publica
832 3761 981 3857 signato
1019 3775 1057 3830 et
1086 3758 1271 3832 communi
1314 3755 1436 3854 sigillo
1478 3754 1592 3827 dicto·

96 3908 179 3954 rum
209 3882 434 3954 Auditorum
449 3884 603 3968 munito,
626 3883 735 3980 plena
756 3883 849 3958 fides
877 3883 1109 3969 adhibeatur,
1132 3897 1171 3955 et
1199 3885 1234 3954 in
1255 3882 1390 3954 iudicio
1419 3895 1457 3952 et
1476 3897 1595 3966 extra,

96 4008 248 4104 penitus
277 4023 397 4080 stetur
423 4009 457 4080 ei
485 4009 521 4081 in
549 4009 721 4083 omnibus
750 4024 788 4081 et
817 4033 885 4104 per
912 4009 1035 4083 omnia
1063 4023 1175 4104 prout
1203 4005 1445 4102 originalibus
1464 4004 1603 4077 litterls'

97 4132 237 4206 nostris
266 4131 476 4206 huiusmodi
496 4157 539 4205 ac
567 4133 876 4228 predecessorum
897 4133 1162 4229 predictorum,
1184 4147 1223 4204 et
1243 4133 1353 4226 plena
1382 4131 1477 4202 fides
1497 4129 1598 4202 adhi-

97 4259 232 4332 beatur
258 4281 302 4329 ac
329 4257 360 4329 si
388 4257 485 4330 dicte
523 4257 722 4355 originales
750 4257 873 4332 littere
901 4257 1024 4332 forent
1042 4255 1205 4331 exhibite
1234 4254 1294 4328 vel
1322 4269 1486 4328 ostense.

179 4382 279 4455 Nulli
306 4406 400 4479 ergo
429 4383 580 4456 omnino
608 4383 797 4456 hominum
826 4385 935 4457 liceat
963 4383 1057 4456 hanc
1086 4382 1261 4479 paginam
1296 4395 1425 4453 nostre
1468 4375 1595 4451 volun-

98 4511 196 4592 tatis,
213 4507 507 4602 approbationis,
529 4507 829 4590 confirmationis,
852 4507 1136 4593 constitutionis,
1159 4506 1430 4589 declarationis,
1453 4503 1594 4587 statuti,

97 4632 361 4718 ordinationis
400 4633 663 4715 concessionis,
706 4631 982 4730 derogationis,
1022 4631 1290 4727 suspensionis,
1334 4628 1596 4711 revocationis,

97 4757 330 4841 cassationis,
361 4773 400 4831 et
427 4757 679 4831 annotationis
708 4756 907 4854 infringere
936 4757 994 4829 vel
1013 4757 1060 4839 ei,
1089 4780 1182 4828 ausu
1211 4753 1421 4839 temerario,
1453 4769 1596 4824 contra-

98 4885 188 4958 hire.
206 4881 245 4954 Si
265 4882 350 4979 quis
369 4881 440 4955 hoc
458 4897 584 4955 autem
604 4897 832 4977 attemptare
851 4881 1133 4976 presumpserit,
1156 4878 1449 4977 indignationem
1471 4876 1596 4948 Omni-

99 5009 265 5108 potentis
296 5007 366 5080 Dei
395 5021 434 5082 et
461 5009 657 5082 beatorum
679 5007 775 5080 Petri
803 5023 843 5082 et
871 5003 973 5078 Pauli
991 5005 1263 5101 Apostolorum
1283 5003 1362 5076 eius
1392 5028 1432 5075 se
1454 5003 1600 5075 noverit

98 5139 345 5209 incursurum.
463 5165 474 5198 ι

181 5260 323 5333 Datum
372 5257 502 5344 Rome,
541 5257 643 5354 apud
680 5257 718 5333 S.
763 5257 924 5342 Petrum,
963 5257 1074 5330 Anno
1108 5254 1373 5329 lncarnationis
1415 5251 1599 5326 dominice

100 5408 271 5462 Mcccctv
306 5381 456 5486 (1455).
