3708 5918
248 315 300 374 106
895 318 1032 378 soeculo
1050 319 1083 378 X
1091 319 1120 378 V

245 507 352 582 sione
370 508 521 594 confisa,
543 508 677 582 iterato
699 508 747 582 de
768 532 865 584 novo
886 509 921 584 in
939 535 985 584 ea
1007 510 1043 584 in
1059 537 1213 586 causam
1231 527 1397 596 vocetur,
1420 537 1487 584 nec
1507 511 1555 586 sit
1583 512 1618 584 in
1645 510 1742 584 dicta

246 632 360 706 Curia
378 631 472 708 alius
500 651 730 740 procurator,
762 635 825 731 qui
852 660 949 710 onus
971 662 1108 712 causae
1137 637 1348 712 huiusmodi
1376 639 1411 711 in
1441 662 1483 710 se
1511 637 1600 710 velit
1629 637 1745 710 susci-

245 781 335 855 pere
363 759 653 836 defendendam.

324 883 342 978 ᾗ
375 905 436 975 34.
468 882 683 968 Caeterum,
704 910 788 960 cum
816 885 988 960 advocati
1009 903 1048 959 et
1071 902 1336 983 procuratores
1362 887 1529 984 praelati,
1561 885 1662 960 iuxta
1690 887 1746 958 sui

242 986 385 1107 laboris
405 1009 578 1084 meritum
598 1010 672 1082 sint
694 1009 934 1104 praemiandi,
967 1010 1164 1084 statuimus
1193 1025 1233 1084 et
1258 1011 1371 1084 etiam
1399 1011 1616 1085 ordinamus
1643 1009 1748 1106 quod

243 1116 280 1202 ¹n
309 1132 444 1220 causis,
474 1133 510 1206 in
539 1135 675 1230 quibus
708 1135 924 1231 simpliciter
951 1151 990 1209 et
1019 1137 1066 1209 de
1090 1135 1203 1233 plano
1231 1151 1296 1218 aut
1315 1161 1383 1232 per
1409 1133 1634 1210 audientiam
1662 1156 1746 1208 con-

243 1257 488 1331 tradictarum
519 1259 651 1332 sivein
681 1260 952 1333 contumaciam
980 1262 1096 1357 partis
1124 1261 1319 1348 adversae,
1347 1260 1406 1335 vel
1434 1261 1527 1335 alias
1555 1261 1591 1333 in
1623 1259 1746 1333 causis

243 1376 400 1467 levibus,
431 1381 468 1452 in
496 1382 632 1477 quibus
651 1405 726 1456 non
746 1381 794 1456 sit
821 1406 960 1480 magna
987 1383 1118 1457 iurium
1148 1383 1343 1467 discussio,
1372 1383 1545 1458 advocati
1568 1383 1605 1456 in
1625 1383 1746 1477 prima

242 1503 384 1602 viginti,
416 1507 452 1579 in
481 1508 647 1580 secunda
674 1507 883 1594 duodecim,
913 1508 948 1580 in
982 1507 1092 1582 tertia
1120 1508 1296 1582 instantia
1320 1522 1423 1583 octo:
1453 1533 1498 1582 ac
1525 1521 1747 1604 procurato-

242 1653 304 1703 res
341 1630 510 1704 similiter
547 1633 582 1704 in
615 1633 735 1729 prima
766 1631 909 1719 decem,
938 1649 978 1706 et
1013 1634 1050 1706 in
1087 1635 1251 1708 secunda
1290 1650 1449 1730 septem,
1478 1656 1522 1706 ac
1561 1633 1596 1706 in
1633 1631 1746 1706 tertia

241 1752 417 1828 instantia
445 1756 656 1830 huiusmodi
684 1773 847 1853 quatuor
874 1757 1022 1832 florenis
1055 1759 1234 1832 similibus
1254 1759 1328 1832 sint
1348 1759 1523 1833 conteuti.
1546 1759 1745 1832 Praeterea

239 1876 412 1954 volumus
439 1898 479 1956 et
504 1883 617 1956 etiam
646 1884 872 1966 ordinamus,
894 1882 1025 1960 decem
1054 1909 1213 1980 grossos
1241 1901 1464 1959 turonenses
1492 1884 1590 1958 circa
1617 1899 1745 1957 taxam

240 2003 430 2078 literarum
467 2007 760 2102 apostolicarum
787 2023 827 2080 et
855 2007 1165 2083 Poenitentiariae
1193 2009 1479 2106 praedictarum,
1515 2035 1559 2083 ac
1587 2007 1744 2080 minuta-

241 2152 324 2202 rum
344 2131 561 2206 earumdem
580 2131 769 2206 literarum
798 2132 1100 2229 apostolicarum,
1132 2157 1275 2207 necnon
1303 2132 1339 2206 in
1367 2132 1467 2207 bulla
1495 2149 1534 2206 et
1561 2132 1744 2230 regestris

239 2255 458 2350 apostolicis
485 2281 528 2330 ac
547 2257 669 2332 dictae
689 2257 1009 2341 Poenitentiariae,
1032 2282 1176 2332 necnon
1197 2255 1320 2331 salarii
1340 2257 1569 2332 notariorum
1588 2271 1628 2330 et
1650 2256 1745 2330 alio·

240 2403 322 2451 rum
350 2380 602 2476 quorumlibet
629 2407 699 2479 pro
718 2406 793 2456 uno
821 2383 1018 2457 dumtaxat
1045 2381 1188 2456 floreno
1207 2382 1255 2456 de
1275 2382 1437 2456 Camera
1464 2381 1686 2476 computari.

319 2505 337 2600 ᾗ
359 2527 379 2597 3
386 2526 420 2597 5.
451 2505 604 2591 Verum,
626 2521 668 2578 ut
687 2505 898 2580 huiusmodi
924 2524 1078 2581 nostrae
1106 2507 1392 2582 constitutiones
1420 2523 1459 2580 et
1486 2501 1743 2580 ordinationes
1846 2493 1849 2534 ‘³

238 2628 290 2701 ad
317 2632 481 2704 omnium
510 2631 730 2726 perveniant
757 2630 938 2714 notitiam,
968 2657 1033 2706 eas
1067 2631 1104 2704 in
1130 2631 1318 2706 audientia
1355 2631 1547 2728 praedicta
1584 2629 1742 2727 singulis

239 2753 348 2828 annis
386 2755 421 2827 in
460 2755 629 2830 kalendis
660 2757 826 2829 octobris
864 2754 1052 2853 publicari,
1094 2780 1237 2830 necnon
1273 2757 1309 2829 in
1346 2756 1447 2830 libris
1486 2754 1741 2829 cancellariae

240 2877 453 2973 praedictae
499 2879 646 2954 inscribi
691 2895 731 2954 et
777 2881 978 2978 regestrari
1026 2879 1197 2954 volumus
1246 2905 1313 2977 per
1358 2896 1590 2976 praesentes.
1639 2878 1740 2952 Nulli

239 3027 345 3101 ergo,
378 3019 448 3079 etc.

322 3127 463 3202 Datum
494 3121 699 3214 Geben'nis,
735 3127 904 3204 kalendis
939 3129 1176 3226 septembris,
1215 3129 1452 3227 pontificatus
1490 3129 1607 3204 nostri
1638 3154 1741 3204 anno

239 3251 371 3348 primu.

322 3377 412 3454 Dat.
442 3378 502 3451 die
537 3403 549 3452 1
585 3377 820 3475 septembris,
858 3381 956 3470 1418
985 3394 1090 3474 pont.
1120 3404 1220 3453 anno
1248 3379 1273 3454 l.

954 3748 1019 3829 62.

237 3945 434 4019 Martinus
470 3949 505 4020 V
526 3947 656 4019 statuit
680 3973 752 4020 non
779 3973 853 4019 csse
879 3923 1179 4046 interimendam
1214 3957 1249 4021 et
1282 3949 1545 4022 admittendam
1571 3948 1736 4048 appalla-

317 4071 448 4143 tionem
474 4079 559 4143 ante
574 4069 811 4165 diffinitiiiam
837 4074 1060 4160 sententiam,
1082 4072 1159 4146 nisi
1182 4072 1227 4146 ab
1245 4073 1527 4146 interlocutoriis
1545 4073 1617 4146 vim
1635 4071 1736 4169 diffi-

316 4196 454 4268 nitivae
481 4193 699 4270 habentibus.

315 4387 432 4455 (Arcu.
451 4385 538 4456 Ror,
562 4409 573 4434 ‹
589 4385 861 4459 Ordinationes»,
876 4391 965 4460 part.
984 4386 1011 4456 I,
1029 4403 1062 4446 n.
1081 4386 1121 4459 1).

1481 4531 1558 4603 1421,
1576 4532 1691 4605 aprurs
1709 4533 1735 4590 7.

315 4727 522 4802 Statuimus
550 4746 592 4802 ut
625 4730 661 4801 in
698 4731 821 4804 causis
861 4731 898 4803 in
941 4731 1112 4804 Romana
1154 4732 1255 4804 curia
1294 4731 1556 4827 pendentibus
1587 4747 1627 4805 et
1661 4755 1736 4828 que

233 4853 479 4948 imposterum
509 4853 643 4950 quovis
671 4856 784 4928 modo
813 4854 1042 4951 pendebunt,
1073 4854 1162 4928 nulli
1197 4870 1284 4928 ante
1321 4853 1550 4930 diffinitivam
1585 4872 1737 4932 senten-

233 4979 322 5050 tiam
350 4976 459 5050 liceat
485 4976 675 5074 appellare
703 5022 729 5033 -
758 4977 933 5077 nullaque
960 4979 1165 5076 appellatio
1192 4979 1421 5066 admittatur,
1452 4981 1521 5052 nisi
1548 4982 1598 5054 ab
1623 4981 1736 5055 inter·

232 5099 414 5174 locutoria
440 5127 515 5198 que
544 5102 618 5176 vim
645 5103 785 5178 habeat
811 5102 1000 5176 diffinitive
1029 5104 1224 5190 sententie,
1255 5103 1314 5177 vel
1342 5128 1366 5177 a
1392 5104 1620 5202 gravamine,
1651 5131 1735 5181 con·
1849 5133 1850 5200 r

232 5241 408 5300 cernente
435 5227 633 5325 negocium
660 5228 874 5325 principale,
906 5226 1009 5323 quod
1036 5252 1109 5303 non
1137 5244 1270 5324 posset
1296 5252 1365 5325 per
1391 5227 1682 5326 appellationem
1710 5257 1732 5306 a

234 5349 425 5424 diffinitiva
453 5351 711 5448 interpositam
741 5353 917 5449 reparari
