3720 5914
238 311 291 371 188
879 311 1016 370 Soeculo
1034 310 1066 369 X
1075 309 1104 369 V

237 531 305 579 seu
332 507 552 580 executione
589 504 797 578 litterarum
825 507 1044 579 earumdem
1077 504 1175 578 facta
1203 531 1277 580 non
1302 507 1498 592 obstante;
1520 529 1588 580 nec
1606 529 1739 601 prero-

235 629 373 728 gative,
403 630 663 716 antelationes,
697 630 982 715 nominationes,
1021 609 1312 726 nominandique
1349 645 1388 704 et
1422 629 1494 704 alie
1528 630 1738 718 facultates,

237 753 509 828 declarationes
537 773 577 828 et
594 755 749 844 indulta,
769 755 943 851 primarie
961 779 1095 851 preces
1115 779 1352 852 quecumque
1371 755 1402 828 si
1422 755 1552 853 quein
1572 755 1740 830 favorem

235 879 488 974 Imperatoris
520 881 681 978 Regum,
714 880 862 954 Ducum
890 878 1128 976 aliorumque
1157 879 1366 976 Principum
1403 896 1470 954 aut
1507 880 1738 954 Prelatorum

235 1005 502 1102 cuiuscumque
529 1004 748 1079 excellentie
775 1005 837 1079 vel
865 1005 1136 1102 preeminentie
1164 1021 1229 1078 aut
1247 1004 1320 1078 alia
1338 1005 1471 1101 quavis
1490 1003 1741 1080 ecclesiastica

235 1129 296 1205 vel
316 1129 504 1204 mundana
531 1130 716 1229 dignitate
745 1128 976 1228 fulgentium,
1007 1156 1074 1205 seu
1102 1130 1356 1230 predictarum
1385 1131 1445 1204 vel
1463 1130 1626 1204 'aliarum
1656 1153 1741 1226 per·

237 1277 415 1328 sonarum
442 1279 766 1352 quarumcumque
793 1255 906 1328 etiam
925 1271 1030 1330 motu
1052 1254 1160 1329 simili
1179 1271 1245 1328 aut
1263 1253 1565 1329 consideratione
1588 1279 1742 1328 eorum-

236 1379 323 1452 dem
343 1378 552 1476 Principum
580 1378 640 1452 vel
670 1378 914 1461 Prelatorum,
944 1405 1012 1453 seu
1047 1380 1141 1456 alias
1172 1383 1244 1454 sub
1271 1403 1510 1476 quacumque
1537 1380 1741 1454 verborum

235 1504 356 1579 forma
383 1520 422 1578 et
449 1530 497 1579 cx
523 1529 763 1601 quacumque
795 1527 910 1579 causa
937 1520 976 1578 et
1013 1531 1097 1580 cum
1126 1505 1320 1602 quibusvis
1357 1505 1471 1578 etiam
1499 1505 1742 1602 presentibus

233 1655 416 1726 expresse
443 1630 716 1728 derogantibus
735 1628 987 1728 derogatoriis
1015 1629 1201 1715 clausulis,
1224 1629 1373 1704 anobis
1402 1629 1461 1704 vel
1489 1629 1622 1704 eadem
1645 1629 1742 1703 sede

233 1754 417 1828 hactenus
443 1754 503 1828 vel
532 1755 778 1851 imposterum
816 1755 1035 1842 emanarint,
1074 1758 1247 1853 cuiquam
1280 1756 1464 1829 adversus
1492 1755 1741 1843 voluntatem,

234 1878 439 1966 de'cretum,
470 1877 743 1954 ordinationem
767 1894 806 1953 et
834 1881 1116 1954 concessionem
1137 1879 1350 1954 huiusmodi
1377 1893 1652 1976 presentesque
1681 1879 1744 1953 lit-

233 2021 335 2078 teras
354 2001 640 2100 quomodolibet
667 2003 930 2101 suffragentur.
961 2001 1164 2103 Quodque,
1194 2029 1263 2100 per
1281 2027 1540 2100 quascumque
1563 2018 1743 2100 expecta-

234 2129 330 2202 tivas
359 2127 573 2201 nominandi
600 2153 668 2202 seu
696 2128 911 2207 conferendi
930 2129 979 2202 de
998 2128 1102 2225 prius
1130 2123 1317 2202 vacaturis
1345 2126 1543 2202 facultates
1562 2127 1622 2202 vel
1646 2126 1743 2201 alias

235 2252 416 2350 speciales
438 2253 714 2327 reservationes
732 2268 771 2326 et
790 2251 838 2327 de
857 2253 910 2326 sic
928 2253 1131 2326 reservatis
1150 2252 1366 2327 conferendi
1384 2251 1562 2326 mandata
1579 2277 1623 2326 ac
1654 2277 1743 2350 sup·

236 2379 464 2476 pressiones,
501 2377 670 2462 uniones,
708 2377 949 2463 annexiones,
984 2377 1306 2476 incorporationes
1338 2393 1378 2452 et
1414 2376 1653 2452 reductiones
1691 2378 1744 2452 ad

236 2505 292 2576 ius
321 2527 531 2588 commune,
561 2501 715 2598 gratias,
747 2503 1021 2590 concessiones,
1043 2517 1083 2576 et
1110 2503 1254 2577 indulta
1280 2528 1364 2574 cum
1398 2501 1592 2598 quibusvis
1611 2526 1742 2598 prero-

235 2627 373 2723 gativis
395 2643 435 2701 et
454 2626 654 2712 favoribus,
684 2626 989 2714 antelationibus,
1010 2625 1335 2714 declarationibus,
1356 2626 1469 2700 etiam
1497 2642 1603 2701 motu
1631 2625 1742 2700 simili

235 2765 275 2822 et
302 2775 350 2824 ex
377 2765 482 2824 certa
509 2751 663 2824 scientia
690 2775 734 2824 ac
761 2775 811 2824 ex
837 2751 1139 2847 quibuscumque
1167 2751 1302 2834 causis,
1333 2751 1404 2824 sub
1432 2751 1627 2847 quibusvis
1654 2777 1736 2826 ver·

235 2876 369 2948 borum
407 2875 538 2949 formis
565 2891 606 2949 et
637 2875 719 2949 aliis
756 2873 931 2950 clausulis
968 2875 1230 2974 derogatoriis-
1257 2889 1297 2950 et
1332 2875 1501 2962 insolitis,
1542 2877 1740 2972 quibusvis

236 2998 409 3094 personis
446 3000 716 3094 cuiuscumque
744 2999 897 3098 gradus,
928 2999 1132 3098 dignitatis,
1162 2999 1387 3074 conditionis
1419 3015 1458 3074 et
1485 3001 1626 3075 ordinis
1658 3001 1741 3076 exi·

236 3139 348 3208 stant,
378 3124 558 3210 ecclesiis,
590 3121 882 3198 Canonicatibus
910 3139 950 3198 et
985 3125 1198 3221 prebendis,
1236 3124 1493 3222 dignitatibus,
1531 3128 1739 3222 personati-

236 3250 318 3336 bus,
344 3247 739 3333 administrationibus,
770 3248 911 3336 officiis,
933 3249 1184 3336 Monasteriis,
1215 3273 1422 3345 eorumque
1451 3249 1595 3324 Mensis
1623 3251 1739 3325 etiam

237 3370 518 3468 Capitularibus
535 3371 694 3468 aliisque
721 3372 910 3447 beneficiis
934 3373 1208 3461 ecclesiasticis,
1228 3373 1471 3461 secularibus,
1501 3373 1560 3447 vel
1588 3376 1739 3474 regula-

237 3497 350 3584 ribus,
386 3497 423 3570 in
451 3513 687 3595 perpetuum,
718 3514 785 3571 aut
810 3499 861 3572 ad
887 3497 1097 3595 aliquorum
1127 3500 1243 3573 vitam
1279 3525 1347 3573 seu
1375 3498 1468 3573 alias
1495 3499 1545 3574 ad
1572 3515 1736 3596 tempus,

236 3621 350 3695 etiam
370 3643 439 3716 per
466 3643 536 3695 nos
564 3636 603 3694 et
630 3621 805 3695 eamdem
833 3621 964 3694 sedem
992 3647 1174 3697 concessa
1210 3623 1313 3696 etin
1345 3639 1458 3718 antea
1493 3622 1737 3698 concedenda

235 3761 302 3819 aut
328 3745 426 3819 facta
454 3744 514 3819 vel
541 3745 721 3832 facienda,
754 3745 895 3820 nullum
923 3745 1173 3821 Auditoribus
1200 3747 1356 3844 prefatis
1386 3746 1627 3845 preiudicium
1647 3747 1740 3822 affe-

236 3884 359 3944 ratur:
390 3870 480 3964 quin
507 3869 578 3965 ipsi
606 3870 814 3944 Auditores
843 3869 917 3944 sint
944 3871 1113 3966 potiores
1141 3871 1177 3944 in
1205 3871 1443 3946 assecutione
1471 3872 1737 3946 beneficiorum

235 3993 365 4092 vigore
389 3993 601 4092 gratiarum
629 4019 698 4090 per
726 3994 808 4068 Nos
835 3994 894 4068 vel
923 3995 1054 4069 sedem
1081 3996 1291 4092 predictam
1319 3996 1374 4070 eis
1406 4020 1671 4072 concessarum
1698 4013 1737 4070 et

234 4100 561 4192 concedendarum
588 4143 633 4193 ac
665 4116 811 4191 illarum
849 4119 1171 4206 revalidationum,
1209 4121 1482 4208 extensionum,
1525 4120 1737 4216 ampliatio·

235 4266 324 4315 num
360 4255 400 4315 et
427 4243 677 4317 mutationum
710 4243 964 4331 collationum,
993 4245 1166 4320 omnibus
1195 4245 1390 4342 premissis
1418 4263 1457 4320 et
1483 4245 1565 4319 aliis
1584 4246 1735 4341 quibus·

235 4391 408 4462 cumque,
433 4368 546 4440 etiam
568 4369 601 4440 si
622 4347 678 4442 eis
698 4367 949 4467 derogaretur
966 4394 1160 4465 expresse.
1177 4368 1367 4468 Quodque
1395 4385 1593 4467 presentes
1611 4372 1734 4446 littere

233 4492 379 4588 absque
407 4517 454 4566 eo
482 4491 586 4587 quod
620 4493 656 4566 in
686 4491 918 4568 Cancellaria
944 4493 1154 4589 apostolica
1185 4511 1251 4568 aut
1282 4518 1524 4592 quocumque
1550 4494 1622 4571 alio
1650 4495 1739 4584 loco

232 4615 468 4711 publicentur
503 4619 552 4692 ab
588 4641 719 4691 eorum
758 4617 847 4691 data
881 4616 1042 4704 valeant,
1082 4619 1309 4716 plenamque
1328 4713 1330 4720 k
1346 4621 1492 4694 roboris
1521 4618 1733 4700 firmitatem

232 4741 437 4824 obtineant,
468 4742 635 4838 ipsisque
665 4742 913 4816 Auditoribus
941 4743 977 4815 in
1006 4743 1142 4818 iudicio
1168 4762 1207 4818 et
1243 4759 1350 4818 extra
1378 4744 1552 4818 iudicium
1580 4745 1734 4819 ubilibet

232 4863 484 4962 suffragentur
510 4865 548 4940 in
575 4866 750 4940 omnibus
778 4883 817 4940 et
844 4891 913 4962 per
948 4867 1073 4941 omnia
1109 4869 1255 4966 absque
1287 4867 1595 4956 contradictione,
1624 4893 1734 4943 exce-

233 4990 363 5085 ptione
391 5015 459 5064 seu
484 4991 754 5087 impedimento
773 4993 1084 5089 quibuscumque,
1106 5018 1150 5066 ac
1170 4995 1200 5066 si
1219 4992 1342 5066 littere
1372 4994 1453 5090 ipse
1471 4993 1562 5068 locis
1591 5009 1631 5066 et
1649 5017 1733 5089 per·

232 5115 335 5188 sonis
370 5140 413 5189 ac
450 5117 684 5212 temporibus
713 5115 848 5190 debitis
886 5115 1073 5212 publicate
1100 5117 1241 5192 forent:
1281 5118 1621 5192 nonobstantibus
1649 5143 1734 5214 pre·

234 5239 358 5314 missis
398 5264 442 5314 ac
484 5239 826 5316 Constitutionibus
863 5255 903 5314 et
948 5239 1258 5316 Ordinationibus
1300 5243 1517 5339 apostolicis
1553 5267 1622 5316 nec
1658 5267 1732 5317 non
1851 5273 1852 5316 ;

236 5365 535 5461 quibuscumque
563 5364 709 5451 litteris,
745 5366 1005 5464 prerogativis,
1043 5365 1345 5454 antelationibus,
1380 5367 1630 5448 facultatibus,
1660 5367 1733 5464 pri-
