3684 5920
942 601 1033 679 591.

483 745 620 819 &crae
647 747 765 821 Rotae
793 745 1021 820 Auditorum
1049 745 1253 819 honoraria
1280 752 1479 820 menstrua.

866 898 964 945 anno
993 871 1098 947 1868.

235 1015 239 1030 ⁸
314 1026 431 1098 (Auen.
449 1025 535 1100 Ros„
561 1025 686 1084 «Liber
704 1025 1022 1102 acceptitaoonum»
1044 1029 1122 1099 ela).

743 1243 887 1317 Mensis
916 1243 1083 1344 Augusti
1117 1245 1228 1318 1868.

236 1403 489 1480 Honorarium
518 1419 740 1480 consuetum
769 1429 839 1502 pro
866 1405 1088 1479 adsistentis
1107 1403 1299 1502 Cappellis
1319 1403 1517 1478 Pontificiis
1536 1419 1633 1480 scut.
1656 1409 1723 1476 600

234 1527 381 1622 Quibus
409 1531 444 1603 in
473 1530 603 1604 decem
633 1529 803 1627 partibus
830 1530 1047 1615 distributis,
1079 1547 1218 1628 quotus
1247 1529 1428 1626 cuiusque
1447 1529 1517 1602 erit
1536 1544 1630 1604 scut.
1680 1534 1725 1602 60

232 1651 359 1748 Quem
389 1653 538 1750 quidem
568 1671 725 1751 quotum
755 1656 890 1754 singuli
918 1672 1101 1756 rogantur
1129 1653 1319 1729 declarare
1347 1680 1389 1728 se
1418 1653 1606 1751 recepisse

974 1887 988 1960 1

796 2031 927 2106 Rrirus.
958 2030 1046 2107 DD.
1080 2031 1139 2104 De
1168 2031 1313 2128 Magno
1342 2029 1521 2104 Decauus
1549 2043 1649 2102 scut.
1680 2033 1727 2102 60

929 2155 1042 2232 Paolo
1071 2154 1245 2230 Cecchini

538 2334 569 2407 11
1306 2332 1354 2405 111

233 2457 279 2534 R.
311 2457 348 2532 P.
380 2457 428 2534 D.
450 2457 630 2534 Seralini.
664 2520 672 2533 .
704 2520 711 2536 .
742 2458 847 2532 scudi
890 2465 940 2534 60
1009 2459 1053 2533 R.
1077 2458 1115 2532 P.
1139 2457 1186 2533 D.
1209 2458 1403 2532 Sbarretti.
1437 2516 1444 2531 .
1476 2515 1483 2531 .
1514 2395 1620 2530 siudi
1665 2461 1714 2530 60

287 2583 411 2657 Pietro
441 2581 594 2657 Pinnelli
1063 2583 1242 2658 Federico
1270 2580 1450 2656 Samotini

527 2743 578 2817 IV
1310 2743 1344 2814 V

232 2865 277 2943 R.
300 2866 337 2943 P.
361 2868 408 2943 D.
436 2867 634 2966 Pellegrini
662 2928 670 2944 .
703 2928 712 2946 .
741 2871 845 2945 scudi
890 2876 939 2944 60
1007 2871 1052 2945 R.
1075 2871 1113 2944 P.
1137 2871 1184 2946 D.
1208 2868 1363 2968 Cajani.
1396 2925 1404 2944 .
1437 2926 1444 2943 .
1475 2927 1483 2944 .
1514 2865 1619 2941 scudi
1663 2871 1712 2940 60

286 2993 333 3068 A.
365 2991 561 3092 Pellegrini
1060 2997 1108 3071 A.
1131 2993 1262 3094 Cajani

1220 3211 1224 3220 .
1292 3157 1359 3228 Vll

231 3295 277 3372 R.
300 3295 338 3368 P.
361 3296 409 3370 D.
434 3171 589 3373 Nartlill,
621 3357 628 3373 ,
660 3355 669 3371 ,
700 3357 709 3373 ,
740 3297 846 3371 scudi
889 3307 938 3373 60
1005 3282 1051 3356 R.
1074 3281 1112 3356 P.
1137 3280 1185 3356 D.
1206 3280 1401 3356 D'Avila.
1433 3342 1441 3358 .
1474 3338 1483 3356 .
1513 3281 1618 3355 scudi
1662 3283 1719 3498 60Ι

285 3419 400 3494 Avv.⁰
421 3421 552 3520 Biagio
573 3421 836 3520 Guglielmotti
1059 3405 1169 3504 Luigi
1198 3407 1382 3480 DOminici

508 3599 589 3673 vul
1298 3567 1349 3640 ¹X

231 3723 275 3798 R.
299 3722 336 3798 P.
360 3724 408 3798 D.
430 3725 628 3800 Giordani.
661 3788 668 3801 .
700 3785 708 3802 .
739 3727 844 3799 scudi
887 3735 937 3802 60
1004 3692 1356 3770 R,p,1),1302sd·
1391 3754 1397 3768 ·
1430 3749 1440 3768 ·
1472 3755 1479 3768 ·
1510 3691 1616 3766 SCUdl
1659 3694 1709 3762 ⁶0

531 3901 569 3974 X
1057 3819 1254 3915 Giuseppe
1284 3817 1434 3892 Arceoli
1454 3816 1503 3920 (Ρ)

230 4027 275 4100 R.
298 4027 336 4098 P.
361 4027 408 4101 D.
431 4021 626 4122 Apolloni.
658 4088 666 4104 .
698 4087 706 4106 .
738 4028 842 4102 scudi
886 4038 936 4107 60
1715 4004 1718 4161 l

283 4152 330 4225 A.
353 4147 531 4245 Apolloni

738 4385 881 4461 Mensis
909 4389 1074 4484 Augusti
1100 4391 1211 4464 1868.

125 4637 129 4646 ·
226 4539 498 4636 Compensatio
527 4567 598 4638 pro
624 4546 775 4618 omissis
804 4547 981 4641 sportulis
1009 4563 1049 4620 et
1076 4549 1287 4643 proficuis.
1346 4527 1374 4624 .’
1412 4565 1521 4622 scuta
1555 4569 1649 4622 1000

228 4663 286 4736 Ex
305 4667 440 4760 quibus
460 4669 638 4741 detractis
657 4693 727 4764 pro
745 4671 922 4766 expensis
942 4671 1150 4768 Cappellae
1169 4689 1208 4747 et
1226 4672 1358 4746 florum
1627 4675 1718 4746 8.80

495 4791 682 4867 Remanet
747 4851 1356 4874 ..........
1575 4819 1717 4890 991·²0

223 4913 359 5009 quibus
375 4915 410 4986 in
426 4916 554 4989 decem
572 4918 741 5014 partibus
761 4901 975 4996 distributis¹
988 4941 1129 5018 quotus
1149 4925 1417 5020 cuiuscumque
1437 4925 1508 4998 erit
1600 4947 1655 5015 92.
1668 4945 1713 4994 12

222 5061 338 5133 quem
367 5039 517 5136 quidem
547 5058 704 5137 quotum
734 5044 870 5142 singuli
898 5063 1081 5144 rogantur
1108 5046 1299 5124 declarare
1327 5075 1369 5122 se
1398 5052 1596 5145 recepisse.

306 5163 534 5261 (Sequuntur
560 5169 709 5241 nomino
736 5168 991 5266 Auditorum).
