3720 5916
881 316 1018 376 Saeculo
1037 316 1069 376 X
1077 315 1142 376 VII

963 668 1055 749 305.

266 831 302 902 T
296 855 386 902 anor
420 829 659 904 instrumenti
688 829 879 904 cut'ttsa'am
914 831 1047 904 rotalis
1081 832 1286 918 scatentem,
1322 831 1419 904 latae
1454 858 1555 906 anno
1590 832 1694 928 1663.
1725 877 1748 889 -
1836 831 1837 876 ³

338 951 514 1039 Auditor,
543 977 674 1026 causae
694 965 846 1050 ponens,
875 979 912 1025 se
931 953 1145 1050 profitetur,
1179 979 1309 1028 causae
1345 953 1502 1028 iudicem
1541 957 1749 1028 commissa·

339 1077 445 1150 rium.
461 1075 741 1172 (Documentum
767 1079 887 1150 estin
907 1078 1157 1176 pergamam).

336 1231 451 1306 (Accu.
470 1232 557 1305 Rue,
579 1231 691 1292 «Iura
709 1232 869 1292 debersa»
892 1247 982 1290 anno
1000 1233 1099 1302 1664,
1119 1233 1222 1305 iubb).

1281 1371 1358 1446 1663,
1377 1371 1559 1432 decembris
1576 1372 1603 1445 3,
1623 1373 1750 1432 Romae.

339 1501 499 1576 Carolus
529 1501 680 1586 Certus,
711 1501 906 1598 utriusque
935 1501 1161 1600 Signaturae
1187 1501 1266 1576 sni
1300 1502 1348 1577 D.
1366 1501 1412 1574 N.
1435 1501 1559 1598 Papae
1580 1503 1752 1576 Referen-

259 1629 385 1702 darius
412 1645 452 1702 et
480 1626 736 1724 Cappellanus
772 1652 816 1700 ac
848 1627 966 1724 ipsius
1001 1626 1105 1700 Sacri
1145 1627 1275 1701 Palatii
1302 1626 1512 1725 Apostolici
1546 1653 1750 1710 causarum,

259 1778 403 1827 necnon
441 1752 579 1826 Sacrae
614 1753 737 1826 Rotae
775 1751 962 1848 Decamu,
1001 1751 1192 1847 iudexque
1227 1752 1507 1827 commissarius
1544 1777 1684 1826 causae
1718 1766 1753 1824 et

259 1877 382 1951 causis
417 1901 461 1951 ac
489 1876 659 1974 partibus
687 1875 929 1972 infrascriptis
956 1878 1005 1951 ab
1032 1879 1167 1952 eodem
1195 1876 1287 1951 sno
1317 1876 1366 1950 D.
1397 1877 1444 1952 N.
1476 1875 1577 1972 Papa
1614 1877 1752 1972 specia-

258 2002 341 2075 liter
378 2019 417 2076 et
444 2025 625 2097 expresse
652 2000 871 2096 deputatus.

341 2125 537 2200 Universis
570 2141 610 2200 et
647 2125 804 2226 singulis
841 2127 912 2201 hoc
943 2149 1127 2221 praesens
1154 2125 1343 2222 publicum
1371 2125 1583 2199 sententiae
1621 2124 1751 2198 instru-
1836 2191 1837 2200 ,

259 2267 426 2325 mentum
454 2251 600 2336 visuris,
631 2250 783 2324 lecturis
812 2251 951 2347 pariter
986 2266 1026 2324 et
1058 2248 1384 2347 audituris,·quod
1413 2243 1584 2324 vertente
1621 2249 1684 2323 lite
1716 2263 1752 2320 et

258 2400 371 2449 causa
394 2373 430 2448 iu
452 2397 582 2449 sacrae
602 2373 725 2448 Rotae
745 2374 944 2450 Auditorio
964 2399 1091 2448 coram
1112 2373 1230 2448 Nobis
1248 2375 1379 2473 vigore
1398 2374 1571 2471 specialis
1590 2373 1751 2449 commis·

258 2499 371 2574 sionis
391 2498 616 2596 Signaturae
644 2499 811 2574 iustitiae
830 2500 972 2573 tenoris
991 2515 1104 2597 prout
1121 2499 1159 2572 in
1177 2523 1223 2574 ea
1241 2499 1338 2573 inter
1356 2500 1611 2596 infrascriptas
1630 2514 1751 2596 partes
1836 2513 1837 2528 ¹

258 2626 306 2699 de
333 2641 374 2699 et
401 2647 517 2721 super
544 2625 849 2721 iurepatronatus
877 2624 1044 2698 beneficii
1074 2624 1276 2722 nuncupati
1297 2623 1551 2700 Canonicatus
1570 2623 1609 2701 S.
1628 2622 1750 2721 Sepul·
1836 2635 1837 2676 l

165 2795 173 2812 ·
257 2750 333 2824 chri
362 2749 566 2824 Mediolani
595 2752 785 2846 rebusque
813 2749 894 2822 aliis
922 2750 959 2824 in
987 2751 1080 2824 actis
1099 2773 1237 2824 causae
1264 2765 1304 2823 et
1328 2774 1525 2824 causarum
1544 2748 1751 2823 huiusmodi

256 2875 367 2950 latius
394 2875 577 2960 deductis,
608 2888 648 2948 et
674 2875 711 2949 in
740 2877 875 2950 eodem
905 2897 1035 2948 sacrae
1064 2875 1188 2949 Rotae
1215 2875 1416 2950 Auditorio
1435 2899 1550 2949 causa
1568 2874 1653 2971 ipsa
1670 2897 1751 2970 pro
1836 2867 1837 2880 ³

256 3002 380 3097 posita
407 3018 447 3074 et
474 3001 651 3087 resoluta,
681 3017 722 3074 et
748 2999 797 3074 ad
825 2999 978 3097 plenum
1007 3025 1076 3097 per
1104 3001 1196 3087 Nos,
1211 3001 1302 3074 visis
1329 2998 1501 3074 videndis
1520 3015 1559 3073 et
1587 2997 1750 3074 conside·
1836 3011 1837 3014 ’

257 3127 347 3199 ratis
376 3123 657 3200 considerandis
685 3149 729 3198 ac
757 3126 915 3199 servatis
935 3125 1038 3220 prius
1057 3123 1243 3198 Terminis
1262 3121 1573 3200 substantialibus
1592 3125 1641 3196 de
1660 3121 1751 3219 stylo
1836 3105 1837 3150 ³

257 3250 394 3323 Curiae
422 3264 461 3322 et
489 3248 597 3322 huius
626 3251 720 3323 sacri
749 3247 962 3323 Tribunalis
989 3249 1131 3323 servari
1158 3247 1291 3342 solitis,
1320 3250 1473 3323 tandem
1505 3248 1750 3346 praecedente

256 3373 432 3448 citatione
459 3371 508 3445 ad
536 3372 761 3446 audiendam
792 3373 1017 3447 sententiam
1046 3397 1114 3470 per
1132 3372 1384 3446 contradictus
1403 3373 1439 3446 in
1459 3374 1579 3447 lorma
1598 3388 1749 3446 executa
1836 3457 1837 3460 Ἴ

256 3516 295 3571 et
323 3496 541 3571 iudicialiter
577 3522 702 3572 coram
742 3497 862 3572 Nobis
898 3498 1124 3594 reproducta
1161 3521 1230 3595 pro
1264 3497 1396 3572 diebus
1425 3512 1465 3571 et
1501 3496 1594 3572 hora
1632 3497 1746 3578 certis,
1836 3475 1837 3544 l

257 3623 394 3719 quibus
422 3621 718 3705 advenientibus,
748 3622 796 3695 de
825 3622 1135 3696 Reverendorum
1155 3621 1306 3696 Patrum
1328 3621 1576 3696 Domiuorum
1597 3619 1748 3696 Coaudi·
1836 3655 1837 3678 κ

258 3765 378 3822 torum
409 3736 626 3821 nostrorum
653 3745 808 3820 consilio
835 3746 974 3842 pariter
995 3763 1034 3822 et
1053 3771 1226 3834 assensu,
1256 3761 1422 3821 nostram
1439 3747 1476 3820 in
1499 3747 1649 3844 scriptis
1668 3743 1745 3818 tuli-

258 3896 341 3944 mus
378 3885 417 3944 et
453 3869 775 3969 promulgavimus
811 3873 1037 3946 sententiam
1072 3871 1301 3945 definitivam
1338 3871 1483 3945 tenoris
1520 3868 1743 3968 infrascripti.

257 3996 449 4071 videlicet:
727 4075 730 4080 ,

339 4119 477 4195 Christi
506 4118 654 4194 nomine
683 4117 865 4204 invocato,
895 4142 965 4215 pro
994 4118 1167 4194 tribunali
1196 4119 1375 4194 sedentes
1403 4136 1443 4195 et
1458 4100 1591 4195 'solum
1632 4121 1744 4194 Deum

256 4270 347 4344 prae
375 4243 493 4318 oculis
521 4243 715 4328 habentes,
746 4267 814 4339 per
842 4243 936 4317 hanc
965 4258 1132 4318 nostram
1150 4242 1379 4318 diffinitivam
1398 4246 1623 4320 sententiam
1642 4267 1746 4340 quam

256 4368 304 4442 de
331 4393 518 4442 consensu
548 4367 796 4441 Dominorum
825 4367 1096 4443 Coauditorum
1124 4384 1340 4442 nostrorum
1368 4368 1520 4442 consilio
1538 4367 1690 4442 ferimus
1714 4367 1745 4438 in

257 4494 417 4589 scriptis,
455 4493 490 4564 in
527 4516 642 4566 causa
676 4507 717 4566 et
750 4491 874 4565 causis
902 4515 1001 4586 quae
1028 4491 1151 4588 primo
1178 4506 1218 4565 et
1245 4491 1281 4566 in
1314 4492 1434 4588 prima
1471 4517 1598 4566 coram
1636 4491 1745 4568 Nobis

257 4643 390 4692 versae
418 4618 521 4692 luere
549 4633 588 4690 et
614 4633 810 4691 verterunt
837 4618 1024 4702 instantia,
1054 4617 1150 4690 inter
1179 4616 1267 4693 DD.
1300 4616 1536 4714 Hippolitam
1564 4634 1605 4691 et
1633 4620 1744 4691 Aure·

255 4743 341 4817 liam
378 4744 426 4817 de
456 4743 647 4818 Marlianis
684 4767 849 4830 sorores,
887 4742 980 4816 filias
1017 4745 1208 4840 quondam
1249 4742 1295 4818 D.
1327 4741 1533 4818 Alexandri
1572 4741 1741 4826 Mariani,

256 4868 558 4952 Mediolanensis,
588 4893 633 4942 ac
661 4869 926 4942 Reverendum
957 4867 1161 4942 Dominum
1189 4867 1342 4942 Paulum
1365 4868 1573 4943 Antonium
1598 4864 1743 4942 Mamcl-

254 4993 341 5078 lum,
372 4992 618 5076 sacerdotem,
658 5016 680 5066 a
715 4991 823 5066 dictis
859 4992 1051 5066 sororibus
1088 4993 1136 5066 de
1166 4991 1358 5066 Marlianis
1385 5008 1668 5088 praesentatum
1689 4989 1741 5064 ad

254 5117 472 5192 beneficium
503 5115 754 5192 Canonicatus
783 5135 1048 5214 nuncupatum,
1085 5131 1259 5190 vacarum
1287 5117 1324 5189 in
1352 5117 1522 5191 Ecclesia
1549 5115 1589 5190 S.
1620 5113 1743 5212 Sepul-

255 5242 331 5314 chri
361 5241 562 5316 Mediolan.
594 5265 663 5338 per
690 5242 834 5315 obitum
862 5243 1052 5338 quondam
1093 5241 1267 5338 Prosperi
1305 5239 1483 5326 Bastellii‚
1520 5257 1669 5315 actores
1701 5261 1741 5310 ex

254 5391 338 5450 una,
368 5381 407 5439 et
436 5366 482 5438 R.
514 5367 561 5440 D.
594 5365 772 5440 Carolum
804 5367 1074 5462 Hieronymum
1111 5366 1159 5438 de
1193 5364 1367 5439 Blanchis
1402 5365 1626 5440 auctoritate
1660 5385 1741 5460 apo
