3720 5916
232 335 287 396 346
850 336 987 396 Saeculo
1006 335 1111 396 XVII

233 543 273 600 et
300 527 398 601 dicta
426 553 515 624 pars
543 543 684 625 quotae
713 543 753 600 et
779 527 1029 614 admissiones
1057 527 1268 602 successive
1296 543 1335 601 et
1362 525 1612 600 intermissive
1629 527 1728 598 inve-

234 669 313 742 stiri
351 686 389 744 et
431 669 664 766 multiplicari
705 671 880 754 debeant,
925 671 1113 743 mediante
1149 669 1339 766 emptione
1379 669 1535 742 aliorum
1564 668 1729 742 locorum

235 794 403 867 eiusdem
432 796 581 882 montis,
613 797 733 869 donec
761 821 871 869 casus
899 794 1097 868 cuiuslibet
1114 796 1306 868 vacantiae
1326 793 1518 890 praefatae
1545 792 1731 875 evenerit;

195 1015 198 1022 γ
234 932 273 990 et
301 919 352 991 sic
380 921 591 994 successive
619 921 655 993 in
684 935 921 1016 perpetuum,
952 921 1055 993 etin
1092 919 1284 1003 infinitum,
1319 936 1360 992 ut
1397 919 1594 993 eveniente
1631 918 1732 991 dicto

234 1068 334 1130 casu,
356 1045 429 1117 sint
456 1045 668 1118 cumulatae
696 1061 735 1118 et
764 1059 962 1140 promptae
990 1045 1112 1118 dictae
1141 1069 1309 1118 summae
1342 1044 1567 1119 haeredibus
1604 1044 1731 1117 delun-

234 1183 378 1242 ctorum
408 1186 448 1242 ut
477 1194 591 1265 supra
619 1170 835 1252 solvendae,
865 1185 905 1242 et
933 1169 965 1242 si
997 1169 1208 1243 huiusmodi
1237 1170 1425 1243 cumulum
1444 1169 1494 1242 ad
1512 1193 1733 1266 quamcum-

234 1317 310 1386 que
337 1318 520 1367 summam
549 1295 758 1368 excreverit
784 1318 859 1368 non
900 1295 1096 1390 proposita
1111 1296 1156 1392 (Ρ)
1192 1318 1357 1390 unquam
1392 1277 1556 1391 persolvi
1593 1295 1732 1367 debeat

233 1418 460 1493 haeredibus
490 1419 685 1494 cuiuslibet
715 1419 860 1493 Notarii
888 1419 1052 1493 defuncti
1094 1421 1213 1493 maior
1241 1443 1387 1492 summa
1420 1433 1513 1493 scut.
1551 1442 1627 1513 500
1655 1443 1733 1491 mo·

235 1553 344 1617 netae
372 1568 470 1639 quae
497 1570 545 1616 ex
573 1545 706 1640 quavis
734 1524 848 1618 causa
876 1570 944 1617 nec
972 1545 1114 1642 augeri,
1136 1569 1204 1617 nec
1233 1544 1345 1616 minui
1365 1546 1520 1632 debeat;
1545 1569 1671 1617 curam
1691 1559 1733 1616 et

152 1735 156 1744 .
238 1667 357 1742 ¹onus
377 1668 588 1742 huiusmodi
607 1669 857 1742 investimenti
876 1668 1014 1743 habere
1033 1669 1171 1742 debeat
1190 1668 1368 1742 Decanus
1388 1668 1600 1743 Mensarius
1619 1693 1731 1766 gene-

235 1792 321 1865 ralis
349 1793 628 1868 etVisitatores
656 1819 725 1889 pro
754 1810 925 1889 tempore
954 1792 1113 1892 Collegii
1140 1792 1331 1890 praedicti,
1354 1794 1402 1867 de
1420 1819 1580 1888 quorum
1599 1793 1733 1867 ordine

233 1919 282 1990 ad
310 1917 482 1990 eflectum
512 1918 732 1992 investiendi
761 1934 800 1991 et
836 1917 1104 2014 multiplicandi
1143 1936 1184 1993 et
1225 1919 1432 2015 respective
1473 1921 1522 1991 ad
1556 1913 1730 1992 eflectum

234 2042 496 2129 satisfaciendi,
527 2028 636 2117 dictis
664 2042 889 2117 haeredibus
918 2041 1062 2117 Notarii
1091 2043 1319 2140 praemortui
1357 2044 1553 2116 dumtaxat
1586 2059 1626 2116 et
1654 2068 1732 2117 non

231 2166 313 2238 aliis
342 2166 506 2262 persolvi
534 2169 691 2263 possint,
722 2184 763 2241 et
790 2168 954 2241 debeant
981 2169 1124 2242 fructus
1151 2169 1403 2242 investimenti
1440 2185 1480 2241 et
1515 2167 1732 2266 multiplica·

230 2293 341 2366 tionis
355 2291 600 2389 praedictae.2
619 2293 833 2389 Proprietas
851 2311 916 2366 aut
935 2294 1139 2367 eorundem
1162 2309 1254 2368 scut.
1273 2302 1377 2369 6000
1393 2319 1583 2389 nunquam
1602 2295 1730 2381 minui,

233 2418 355 2502 vendi,
386 2443 454 2492 nec
481 2417 638 2490 distrahi
666 2418 789 2514 po'ssit
816 2443 863 2491 ex
891 2419 1024 2514 quavis
1053 2403 1177 2502 causa,
1208 2434 1248 2492 et
1283 2419 1431 2516 urgenti
1468 2433 1507 2492 et
1541 2421 1731 2517 urgentis-

234 2541 338 2626 sima,
368 2544 534 2640 cogitata
561 2560 601 2616 et
628 2544 843 2640 incogitata,
876 2543 943 2616 sed
972 2567 1125 2640 semper
1145 2544 1291 2642 integra
1318 2559 1358 2616 et
1385 2542 1488 2618 salva
1516 2548 1732 2620 conservari

230 2681 269 2739 et
297 2667 530 2740 manuteneri
562 2669 700 2742 debeat
718 2668 767 2741 ad
786 2666 941 2740 effectus
960 2667 1151 2762 praelatos
1170 2667 1282 2741 etiam
1300 2666 1349 2740 de
1368 2669 1532 2741 omnium
1553 2667 1731 2744 Notario-

231 2817 313 2864 rum
333 2791 597 2888 praelatorum,
619 2792 678 2866 vel
698 2793 848 2867 maioris
867 2792 1012 2865 illorum
1032 2794 1149 2889 partis
1168 2817 1365 2876 consensu,
1386 2809 1426 2866 et
1444 2793 1496 2866 sic
1514 2795 1627 2868 etiam
1647 2821 1729 2869 cen-

232 2915 306 2988 seri
323 2933 364 2989 et
382 2918 572 2991 observari
592 2918 730 2991 debeat
748 2919 782 2989 in
804 2917 995 2991 Montibus
1014 2940 1084 3014 pro
1102 2934 1272 3012 tempore
1292 2916 1579 3013 multiplicandis
1597 2943 1647 2992 ex
1660 2921 1729 2991 sru-

233 3040 363 3124 cubus,
385 3041 674 3116 admissionibus
693 3056 734 3114 et
751 3041 850 3114 dicta
870 3056 977 3137 parte
997 3042 1119 3114 dictae
1138 3055 1289 3136 quotae,
1306 3040 1354 3114 de
1373 3041 1509 3139 quibus
1538 3066 1728 3136 nunquam

232 3163 380 3261 disponi
407 3167 528 3263 possit
558 3167 625 3240 nisi
653 3167 702 3238 ad
730 3166 902 3240 eflectum
930 3167 1125 3238 dumtaxat
1143 3163 1383 3261 persolvendi
1402 3166 1501 3240 dicta
1533 3182 1627 3241 scut.
1653 3188 1729 3258 500

232 3289 456 3366 haeredibus
484 3290 680 3367 cuiuslibet
709 3291 855 3364 Notarii
882 3289 1086 3377 morientis,
1116 3315 1183 3363 nec
1210 3290 1246 3363 in
1276 3290 1541 3386 praeiudicium
1569 3292 1731 3388 premis-

233 3439 359 3487 sorum
390 3440 457 3488 nec
486 3416 521 3488 in
550 3415 783 3512 proprietate
812 3441 879 3490 nec
907 3415 943 3488 in
971 3415 1152 3489 fructibus
1170 3414 1311 3511 acquiri
1339 3415 1462 3511 possit
1488 3415 1642 3510 aliquod
1670 3417 1730 3490 ius

231 3565 279 3612 ex
306 3540 439 3634 quavis
467 3541 540 3635 pia,
570 3541 806 3637 privilegiata
824 3557 864 3613 et
881 3538 1071 3613 favorabili
1090 3565 1215 3625 causa,
1231 3539 1340 3613 etiam
1358 3540 1458 3612 dotis
1476 3555 1517 3613 et
1532 3540 1732 3614 alimento·

232 3689 324 3752 rum,
356 3665 468 3737 etiam
497 3665 755 3739 consentiente
785 3664 956 3762 Collegio
984 3679 1024 3738 et
1066 3665 1232 3739 Notariis
1264 3664 1442 3760 praelatis
1479 3664 1538 3737 vel
1579 3663 1729 3739 illorum

232 3789 361 3861 maiori
388 3803 517 3884 parte;
548 3789 616 3862 sed
646 3799 801 3886 semper‘
824 3812 893 3884 pro
920 3787 1184 3862 observatione
1222 3789 1491 3883 premissorum
1527 3787 1656 3860 illaesa
1690 3805 1733 3862 et

230 3928 408 4009 exempta
435 3939 523 3987 esse
551 3915 716 3989 debeant
743 3927 782 3985 et
809 3911 1076 3999 censeantur;³
1106 3913 1207 3995 item,
1237 3939 1285 3986 ex
1314 3913 1435 4008 pretio
1455 3913 1663 4008 redigendo
1680 3938 1730 3986 ex

232 4037 445 4111 venditione
465 4037 528 4109 dd.
545 4036 711 4111 locorum
732 4038 929 4121 Montium,
953 4053 993 4108 ut
1013 4061 1126 4131 supra
1144 4037 1368 4120 additorum,
1390 4037 1602 4110 successive
1622 4037 1729 4110 satis·

231 4159 310 4234 fieri
325 4161 463 4235 debeat
481 4186 550 4258 per
572 4161 863 4236 Th'esaurarium
885 4162 1102 4259 generalem
1124 4161 1295 4234 Dominis
1314 4175 1352 4234 et
1372 4160 1542 4234 Patronis
1561 4160 1625 4235 dd.
1643 4164 1730 4236 scri·

233 4303 427 4382 pturarum
468 4287 674 4361 officiorum
713 4287 966 4383 praelatorum
1009 4285 1056 4359 de
1098 4285 1242 4360 illarum
1285 4285 1406 4382 pretio
1434 4286 1493 4360 vel
1529 4287 1579 4360 ad
1617 4313 1730 4384 prae-

232 4434 319 4484 sens
347 4411 383 4484 in
417 4411 523 4486 Urbe
563 4429 737 4487 currente
773 4413 831 4486 vel
872 4412 1025 4484 arbitrio
1067 4412 1204 4484 domini
1240 4411 1356 4485 nostri
1384 4411 1625 4486 Thesaurarii
1661 4435 1731 4508 per

232 4538 392 4611 eundem
421 4562 505 4610 cum
533 4539 640 4613 dictis
678 4537 850 4611 Dominis
886 4535 1154 4631 scripturarum
1191 4537 1465 4622 concordando,
1499 4550 1537 4608 et
1574 4562 1729 4632 quomo

311 4866 319 4898 ¹
344 4865 503 4940 Decanus,
523 4865 707 4925 Mensarius
724 4873 756 4923 et
766 4863 959 4924 Visitatores
971 4879 1084 4924 curam
1097 4865 1218 4924 habere
1230 4864 1347 4924 debent
1359 4865 1581 4924 investimenti
1594 4875 1628 4925 et
1639 4869 1728 4928 satis·

230 4953 377 5012 factionis
396 4954 575 5014 haeredum
592 4953 801 5014 Notariorum
819 4955 1037 5014 morientium.

310 5041 526 5117 ³Proprietas
553 5051 633 5103 scut.
652 5043 725 5102 6000
751 5044 868 5102 notarii
895 5059 935 5102 ex
962 5044 1079 5118 quavis
1096 5059 1193 5102 causa
1216 5043 1319 5102 minui
1342 5058 1408 5102 non
1438 5043 1547 5117 possit,
1571 5052 1603 5103 et
1624 5046 1672 5104 sic
1690 5045 1727 5103 de

234 5132 413 5206 multiplico
429 5132 583 5203 iaciendo,
602 5133 665 5192 nisi
684 5149 744 5206 pro
761 5133 920 5192 solutione
938 5142 1018 5192 scut.
1034 5133 1098 5191 500.
1119 5132 1314 5192 haeredibus
1331 5132 1550 5192 morientium.

309 5222 321 5259 ³
345 5221 585 5282 Thesaurarius
607 5220 793 5282 satisfacere
820 5223 915 5282 debet
933 5223 1091 5280 Dominos
1111 5222 1347 5296 scripturarum
1374 5222 1479 5296 pretio
1501 5231 1658 5283 currente
1677 5224 1728 5282 vel

227 5313 452 5372 concordando
470 5327 511 5371 ex
529 5313 632 5386 pretio
650 5312 701 5371 dd
720 5312 873 5384 locorum,
891 5319 923 5369 et
945 5315 1037 5370 solut.
1056 5311 1149 5370 dictis
1167 5317 1244 5370 scut
1267 5311 1340 5370 6000
1363 5326 1403 5370 ex
1427 5312 1531 5384 pretio
1555 5312 1727 5388 scriptura-

227 5417 301 5460 ram
320 5402 487 5461 residuum
506 5402 622 5475 deponi
641 5402 682 5460 ad
700 5401 859 5460 creditum
877 5402 1035 5460 camerae
1054 5415 1153 5474 penes
1171 5399 1413 5475 Depositarium
1430 5403 1629 5476 generalem.
