3720 5916
227 328 282 387 372
849 327 987 386 Soeculo
1005 326 1111 386 XVII

229 521 342 595 Curia
378 546 421 594 ac
458 521 494 592 in
531 519 724 615 quibusvis
763 519 917 616 Regnis,
959 517 1170 602 Provinciis,
1211 517 1454 617 Regionibus,
1484 536 1525 590 et
1559 518 1659 602 locis,
1687 535 1725 590 et

228 645 477 741 transalpinis,
509 660 547 717 et
575 643 837 730 ultramarinis,
861 667 905 716 ac
924 643 1036 716 etiam
1065 646 1101 714 in
1130 657 1260 717 nostra
1288 659 1327 716 et
1355 643 1514 716 Romani
1544 642 1726 715 Pontificis

229 797 297 868 pro
330 786 502 866 tempore
539 769 746 853 existentis,
777 793 821 841 ac
853 767 1104 862 Imperatoris,
1136 769 1297 864 Regum,
1330 767 1583 842 Cardinalium
1618 769 1726 841 etiam

229 894 276 968 de
304 896 422 967 latere
443 895 687 990 Legatorum,
708 894 855 978 ducum,
879 891 1100 988 Principum,
1121 909 1159 966 et
1178 893 1431 988 quorumlibet
1448 892 1617 978 aliorum,
1637 917 1729 989 qua·
1850 983 1851 986 Ἴ

229 1044 390 1114 cumque
420 1019 607 1090 mundana
627 1018 686 1090 vel
705 1016 957 1091 ecclesiastica
976 1015 1170 1114 dignitate,
1191 1019 1304 1091 etiam
1325 1015 1525 1112 specialem
1545 1033 1585 1090 et
1604 1017 1731 1090 indivi-
1850 1011 1851 1036 ¹

231 1144 343 1216 duam
376 1143 656 1239 expressionem
678 1143 890 1237 requirente
916 1141 1136 1239 fulgentium
1156 1143 1379 1237 praesentia,
1402 1143 1664 1238 conspectibus
1691 1158 1731 1214 et

114 1313 116 1318 ·
226 1269 365 1354 Curiis,
387 1284 426 1342 et
444 1269 681 1366 generaliter,
705 1269 940 1363 ubicumque,
961 1291 1087 1340 coram
1106 1258 1404 1364 quibuscumque
1424 1285 1463 1342 et
1482 1269 1616 1363 quovis
1637 1284 1730 1342 tem-

229 1419 333 1490 pore,
365 1393 613 1467 Rocchettum
653 1393 775 1487 palam
809 1391 967 1476 deferre,
998 1390 1137 1486 illoque
1172 1392 1291 1464 induti
1319 1392 1465 1488 publice
1492 1393 1664 1465 incedere
1691 1409 1731 1465 et

231 1542 449 1614 comparere
477 1517 593 1592 libere
613 1533 651 1590 et
670 1517 767 1590 licite
795 1517 944 1612 possint
961 1533 1001 1589 et
1017 1495 1178 1602 valeant,
1199 1516 1349 1612 plenam
1370 1533 1408 1589 et
1426 1516 1589 1612 amplam
1617 1515 1731 1589 sacul-

231 1661 347 1718 tatem
368 1660 407 1717 et
425 1641 621 1726 licentiam,
643 1659 774 1716 tenore
794 1641 1058 1738 praesentium,
1076 1656 1261 1736 perpetuo
1280 1641 1519 1715 concedimus
1538 1659 1577 1715 et
1595 1642 1732 1737 impar·
1850 1733 1851 1740 ἵ

215 1865 218 1875 Ι
233 1770 356 1842 timur.

232 2019 365 2116 quavis
392 2017 626 2102 auctoritate,
654 2014 866 2089 nullatenus
887 2015 1090 2098 molestari,
1113 2041 1179 2087 seu
1210 2015 1389 2112 impediri,
1412 2039 1534 2111 neque
1557 2039 1734 2112 praesen·

234 2161 291 2216 tes
318 2141 464 2216 litteras
492 2143 539 2215 de
568 2141 832 2237 subreptionis,
854 2141 1097 2236 obreptionis,
1118 2156 1185 2212 aut
1213 2139 1391 2214 nullitatis
1409 2139 1498 2212 vitio
1527 2141 1586 2212 vel
1615 2141 1735 2213 inten-

233 2266 342 2340 tionis
371 2282 533 2350 nostrae,
555 2281 620 2338 aut
648 2265 782 2361 quovis
810 2265 883 2338 alio
912 2263 1059 2337 delectu
1081 2265 1213 2350 notari,
1236 2264 1446 2362 impugnari
1465 2264 1523 2338 vel
1544 2265 1732 2362 redargui,

313 1895 583 1979 Decernentes,
605 1894 761 1966 eosdem
791 1890 1047 1988 Cappellanos
1075 1889 1281 1964 Auditores
1301 1890 1467 1987 desuper
1484 1916 1506 1962 a
1526 1914 1731 1988 quoquam,
1850 1859 1851 1938 i

233 2415 301 2465 nec
329 2391 400 2464 sub
429 2389 599 2463 similium
628 2390 686 2463 vel
715 2387 947 2463 dissimilium
975 2388 1180 2486 gratiarum
1201 2388 1530 2476 moderationibus,
1551 2387 1736 2462 limitatio·
1850 2449 1851 2484 ζ

233 2516 351 2599 nibus,
373 2514 682 2600 revocationibus,
708 2531 747 2587 et
775 2514 970 2609 quibusvis
997 2513 1078 2586 aliis
1107 2515 1302 2587 contrariis
1330 2513 1637 2609 dispositionibus
1666 2539 1736 2610 per

233 2664 492 2737 quoscumque
527 2639 719 2712 Romanos
748 2637 945 2712 Pontifices
974 2663 1212 2712 successores
1231 2654 1394 2721 nostros,
1414 2654 1453 2711 et
1472 2638 1608 2712 Sedem
1629 2664 1737 2735 prae·
1850 2619 1851 2656 ³

233 2768 381 2850 dictam,
407 2767 519 2840 etiam
550 2766 658 2838 Motu
688 2763 804 2848 simili,
835 2790 880 2837 ac
907 2765 1019 2837 etiam
1049 2763 1366 2846 consistorialiter,
1396 2779 1436 2837 et
1462 2765 1554 2838 alias
1574 2789 1735 2860 quomo·
1850 2763 1851 2766 ’

234 2891 375 2964 dolibet
401 2915 471 2986 pro
500 2906 672 2985 tempore
699 2891 806 2962 factis
833 2906 872 2962 et
900 2889 1090 2975 faciendis,
1111 2887 1393 2984 comprehendi;
1415 2889 1484 2962 sed
1512 2913 1665 2984 semper
1686 2891 1737 2963 ab

233 3014 301 3088 illis
329 2993 508 3110 exceptas
535 3029 575 3089 et
602 3015 751 3110 quoties
779 3012 863 3087 illae
891 3015 1130 3098 emanabunt,
1154 3013 1266 3087 toties
1294 3013 1330 3086 in
1360 3013 1553 3109 pristinum
1582 3031 1621 3087 et
1648 3014 1736 3088 vali·

233 3139 429 3213 dissimum
468 3155 608 3212 statum
645 3140 850 3223 restitutas,
889 3137 1084 3233 repositas,
1122 3153 1162 3210 et
1197 3137 1362 3233 plenarie
1401 3139 1660 3235 reintegratas,
1691 3163 1736 3213 ac

233 3265 346 3337 etiam
374 3265 445 3337 sub
473 3261 672 3359 posteriori
700 3263 802 3348 data,
832 3261 1148 3358 quandocumque
1176 3261 1361 3358 eligenda,
1383 3262 1431 3335 de
1459 3287 1557 3336 novo
1580 3289 1737 3337 conces-

233 3412 307 3474 sas,
339 3412 563 3484 semperque
591 3383 745 3469 validas,
767 3385 903 3472 firmas,
934 3403 974 3459 et
1002 3385 1172 3476 elficaces
1200 3387 1361 3460 existere
1388 3401 1428 3459 et
1455 3387 1544 3470 sore,
1567 3411 1737 3484 suosque

234 3513 421 3610 plenarios
449 3527 488 3585 et
515 3512 684 3608 integros
711 3510 866 3583 effectus
896 3511 1019 3584 sortiri
1047 3528 1087 3584 et
1114 3511 1295 3597 obtinere,
1329 3537 1373 3584 ac
1400 3511 1510 3586 dictis
1539 3513 1739 3608 Cappella·

234 3639 290 3712 nis
320 3637 566 3709 Auditoribus
590 3650 777 3730 perpetuo
797 3634 1008 3733 suflragari;
1038 3637 1167 3730 sicque
1185 3649 1224 3709 et
1243 3661 1317 3708 non
1336 3635 1444 3710 aliter
1463 3637 1498 3708 in
1518 3638 1737 3733 praemissis

234 3787 302 3858 per
316 3784 575 3858 quoscumque
590 3759 733 3832 ludices
749 3759 981 3846 ordinarios,
997 3778 1037 3833 et
1053 3759 1261 3858 Delegatos
1279 3784 1323 3832 ac
1343 3761 1503 3834 Sanctae
1524 3761 1594 3836 Ro.
1612 3761 1737 3835 Eccle-

234 3887 313 3959 siae
342 3885 560 3958 Cardinales
588 3885 700 3957 etiam
730 3886 778 3958 de
806 3883 925 3959 latere
954 3885 1121 3981 Legatos
1139 3899 1178 3956 et
1196 3885 1351 3980 quosvis
1370 3884 1476 3971 alios,
1496 3910 1737 3982 quacumque

233 4011 483 4084 aucthoritate
512 4010 722 4107 fungentes,
745 4033 841 4082 nunc
870 4027 909 4082 et
937 4034 1006 4105 pro
1026 4027 1197 4105 tempore
1217 4010 1436 4100 existentes,
1457 4009 1604 4084 sublata
1624 4012 1679 4084 eis
1697 4028 1740 4084 et

233 4159 363 4209 eorum
393 4133 541 4206 cuilibet
570 4135 703 4229 quavis
731 4133 840 4207 aliter
868 4133 1062 4218 iudicandi,
1094 4157 1160 4206 seu
1190 4132 1460 4229 interpretandi
1492 4133 1669 4208 facultate
1697 4151 1739 4208 et

233 4258 494 4343 aucthoritate,
524 4257 687 4344 iudicari,
717 4274 756 4331 et
784 4257 927 4330 definiri
954 4255 1103 4343 debere,
1134 4282 1177 4330 ac
1206 4256 1360 4344 irritum,
1381 4273 1420 4330 et
1448 4257 1556 4331 inane
1576 4259 1606 4330 si
1627 4283 1737 4333 secus

234 4410 349 4482 super
368 4383 425 4457 his
445 4409 466 4456 a
486 4409 691 4480 quoquam,
713 4385 845 4478 quavis
861 4383 1121 4468 aucthoritate,
1139 4383 1301 4455 scienter
1319 4382 1378 4455 vel
1398 4383 1626 4479 ignoranter,
1648 4409 1737 4457 con·

234 4510 362 4606 tigerit
389 4509 577 4582 attentari.

315 4633 401 4706 Non
428 4634 667 4708 obstantibus
695 4633 923 4728 apostolicis,
945 4635 1042 4704 acin
1067 4633 1349 4720 universalibus,
1372 4633 1736 4733 Provincialibusque

233 4775 271 4832 et
300 4757 550 4854 Synodalibus
579 4757 766 4845 Conciliis,
795 4757 905 4830 editis
933 4755 1174 4855 generalibus
1202 4758 1260 4832 vel
1289 4757 1513 4853 specialibus
1543 4757 1736 4833 Constitu·

232 4881 407 4967 tionibus,
436 4900 474 4954 et
504 4881 825 4966 Ordinationibus,
857 4905 1001 4954 necnon
1028 4883 1234 4976 quibusvis,
1265 4883 1377 4954 etiam
1406 4881 1627 4968 iuramento,
1650 4907 1736 4956 con-

232 5007 440 5080 firmatione
468 5007 689 5103 apostolica,
719 5006 779 5080 vel
807 5006 879 5080 alia
907 5007 1040 5102 quavis
1078 5005 1253 5080 firmitate
1288 5007 1487 5094 roboratis,
1519 5009 1672 5082 statutis
1699 5023 1737 5080 et

233 5132 578 5216 consuetudinibus,
611 5132 816 5229 Privilegiis
844 5157 997 5228 quoque
1026 5132 1193 5218 indultis,
1225 5148 1264 5204 et
1291 5131 1424 5204 litteris
1452 5131 1682 5228 apostolicis,
1703 5133 1738 5204 in

234 5258 460 5330 contrarium
488 5259 782 5352 praemissorum
807 5254 1091 5351 quomodolibet
1111 5257 1311 5342 concessis,
1333 5255 1560 5330 confirmatis
1579 5273 1620 5330 et
1638 5257 1736 5330 inno·

233 5381 341 5454 vatis.
372 5379 519 5473 Quibus
548 5382 731 5464 omnibus,
762 5397 801 5454 et
829 5381 995 5477 singulis,
1013 5382 1157 5456 illorum
1185 5383 1350 5456 omnium
1380 5398 1533 5454 tenores
1560 5405 1735 5478 praesen·
1850 5413 1851 5416 ¹

392 5573 415 5624 Ο
