3718 5918
241 325 297 386 512
852 325 989 386 Saeculo
1006 323 1131 386 XVIII

242 518 346 592 cedis
374 517 606 602 citationum,
636 533 675 590 et
703 533 872 592 actorum
911 516 947 588 in
988 516 1174 602 omnibus,
1203 531 1244 590 et
1278 514 1435 614 singulis
1477 517 1601 590 causis
1628 515 1744 615 etiam

241 637 477 728 renunciatis,
506 656 547 716 et
574 640 783 724 transactis,
814 666 881 716 seu
911 641 1183 725 renunciandis,
1213 657 1252 714 et
1280 639 1532 738 transigendis
1561 657 1638 714 tam
1672 665 1744 737 pro

241 768 447 862 praeterito
474 789 588 864 quam
621 765 758 851 sutum,
790 767 974 864 (exceptis
1002 765 1199 842 dumtaxat
1237 763 1373 840 Causis
1414 764 1652 852 renunciatis,
1683 765 1743 840 vel

239 892 439 966 transactis
466 906 554 966 ante
582 890 680 964 diem
708 915 845 964 nonam
875 889 1054 988 praedicti
1082 889 1224 965 mensis
1260 891 1486 986 septembris
1529 889 1616 963 dicti
1656 891 1746 965 anni
1839 923 1840 962 l

241 1013 422 1090 millesimi
454 1015 779 1111 septingentesimi
823 1015 1004 1112 trigesimi
1046 1013 1206 1110 septimi,
1249 1037 1320 1111 pro
1360 1013 1498 1110 quibus
1523 1013 1746 1088 laciendam
1839 985 1840 1020 i

242 1163 329 1214 esse
356 1139 671 1214 condonationem
705 1137 996 1237 collitigantibus
1029 1138 1065 1212 in
1098 1138 1444 1235 compensationem
1486 1154 1746 1237 regestrorum
1839 1123 1840 1188 7

241 1289 311 1361 per
337 1265 492 1338 eosdem
523 1263 702 1338 Notarios
731 1288 850 1360 usque
878 1263 925 1335 ad
946 1263 1046 1337 diem
1064 1287 1142 1360 qua
1161 1262 1353 1359 praedicta
1373 1262 1604 1338 Constitutio
1624 1261 1748 1336 Bene-
1839 1291 1840 1370 ᾗ

242 1388 330 1464 dicti
358 1386 662 1486 praedecessoris
690 1386 871 1483 praedicti
898 1387 1087 1462 emanavit
1114 1386 1355 1484 omissorum)
1384 1387 1591 1460 dummodo
1619 1403 1747 1461 tamen
1839 1413 1840 1448 r

242 1513 398 1588 eaedem
427 1511 576 1586 Causae
609 1512 859 1598 renunciatae,
889 1537 954 1584 seu
985 1527 1197 1586 transactae
1224 1528 1313 1586 ante
1345 1511 1444 1585 diem
1473 1535 1608 1586 nonam
1635 1535 1749 1606 prae-
1839 1529 1840 1538 ’

242 1637 330 1712 dicti
357 1637 496 1712 mensis
524 1637 750 1734 septembris
778 1635 865 1710 dicti
893 1637 979 1711 anni
1007 1636 1190 1711 millesimi
1219 1635 1543 1734 septingentesimi
1565 1635 1748 1734 trigesimi
1839 1725 1840 1730 Ἰ

241 1763 402 1860 septimi,
433 1762 676 1838 nullomodo
709 1777 1002 1848 reassumantur,
1036 1776 1076 1834 et
1106 1760 1160 1836 sic
1192 1759 1629 1859 respective,reservato
1662 1761 1747 1832 lure
1839 1747 1840 1754 ἵ

243 1888 409 1963 Notariis
436 1886 638 1984 praedictis
666 1886 922 1982 consequendi
950 1910 1080 1960 eorum
1110 1886 1336 1972 mercedem,
1365 1899 1553 1982 quatenus
1580 1884 1747 1981 aliquam
1839 1919 1840 1958 l

231 2011 459 2089 ‚earumdem
486 2035 684 2086 causarum
713 2033 867 2108 quoquo
886 2012 999 2086 modo
1019 2011 1202 2086 reassumi
1229 2009 1467 2109 contingeret
1484 2009 1597 2084 etiam
1616 2011 1747 2107 quoad
1839 2027 1840 2108 ᾗ

243 2136 441 2212 incidentia
468 2137 608 2210 deberi.
1839 2213 1840 2230 χ

324 2261 452 2338 Sexto.
482 2305 508 2318 -
538 2261 610 2335 Pro
635 2263 831 2336 exactione
860 2260 1043 2336 mercedis
1071 2259 1255 2334 dictorum
1288 2261 1483 2346 Actorum,
1522 2275 1561 2333 et
1595 2261 1743 2334 citatio-
1839 2241 1840 2266 i

247 2413 335 2462 num
363 2386 558 2473 sactorum,
588 2401 628 2460 et
654 2384 908 2462 faciendorum
935 2384 985 2458 ad
1017 2386 1186 2470 formam,
1218 2401 1279 2488 ut⁸
1299 2384 1521 2481 praefertur,
1559 2384 1745 2460 actionem

248 2511 412 2586 Notariis
439 2510 641 2608 praedictis
670 2527 746 2584 tam
775 2525 905 2584 contra
926 2509 1159 2607 Principales,
1183 2535 1296 2606 quam
1325 2526 1456 2584 contra
1477 2509 1745 2586 Procuratores

243 2636 493 2712 exercendam
520 2635 569 2710 ad
597 2659 728 2710 eorum
756 2634 949 2710 arbitrium
978 2649 1206 2732 competere.

327 2760 512 2858 Septimo,
537 2803 563 2818 -
593 2758 803 2834 Causarum
829 2758 942 2833 dubia
970 2759 1007 2832 in
1034 2758 1230 2855 praedicto
1262 2759 1463 2834 Auditorio
1496 2759 1745 2856 proponenda

244 2887 315 2962 sub
342 2909 464 2982 poena
483 2884 660 2960 nullitatis
685 2884 866 2960 subscribi
893 2908 967 2958 non
996 2908 1122 2981 posse,
1151 2898 1191 2958 et
1219 2883 1432 2980 subscripta
1459 2907 1533 2956 non
1563 2883 1746 2979 proficere

243 3011 312 3086 nisi
338 3010 374 3085 in
401 3027 486 3084 actu
517 3008 639 3084 dictae
669 3009 964 3106 subscriptionis,
995 3033 1070 3083 una
1097 3009 1206 3084 simul
1233 3009 1397 3084 erdnibita
1426 3008 1535 3082 fuerit
1557 3007 1743 3084 Auditorii

244 3135 411 3221 Ponenti,
440 3134 608 3210 Actuarii
635 3135 754 3233 gratis
782 3135 934 3209 omnino
962 3135 1097 3221 danda,
1128 3135 1165 3208 in
1193 3157 1270 3230 qua
1297 3135 1345 3207 de
1372 3133 1573 3231 praedictis
1601 3133 1744 3210 citatio·

243 3261 362 3344 nibus,
383 3275 423 3334 et
440 3261 649 3355 respective
669 3259 865 3342 Actorum,
888 3260 1144 3343 Processuum‚
1166 3285 1232 3334 seu
1258 3259 1514 3343 Extractuum,
1544 3275 1583 3332 et
1611 3259 1744 3332 iurium

182 3477 184 3483 λ
242 3384 633 3481 transportationibus,
664 3409 732 3458 seu
760 3384 1043 3481 repetitionibus
1062 3384 1099 3456 in
1129 3384 1207 3458 suis
1235 3382 1443 3480 respective
1462 3382 1611 3458 casibus
1641 3408 1744 3478 prae

243 3511 422 3586 cedenter
447 3507 555 3584 iactis
583 3508 751 3604 plenaria
778 3509 975 3584 attestatio
1002 3509 1038 3582 in
1066 3509 1250 3593 omnibus,
1290 3525 1329 3582 et
1370 3533 1438 3606 per
1473 3507 1599 3582 omnia
1642 3508 1743 3582 iuxta

243 3635 412 3712 eiusdem
440 3632 628 3708 Auditorii
655 3632 848 3708 decretum
876 3633 1030 3731 praevio
1058 3634 1165 3708 vivae
1194 3647 1344 3708 nostrae
1372 3633 1476 3708 vocis
1502 3633 1657 3707 oraculo
1686 3633 1744 3706 die

245 3761 388 3835 decima
431 3758 541 3831 tertia
582 3759 722 3862 mensis
763 3760 930 3834 octobris
970 3759 1057 3834 anni
1099 3758 1268 3854 proxime
1297 3757 1489 3856 praeteriti
1515 3757 1744 3855 publicatum

246 3885 442 3960 habeatur.

326 4007 486 4092 Octavo,
515 4033 560 4081 ac
587 4009 750 4084 demum.
779 4051 807 4064 -
837 4009 1151 4084 Renunciationes
1180 4007 1388 4082 Causarum
1420 4008 1676 4102 pendentium,
1707 4023 1747 4080 et
1839 4085 1840 4110 χ

244 4137 490 4230 imposterum
531 4133 742 4231 respective
783 4134 1016 4231 agendarum
1054 4133 1091 4206 in
1131 4131 1265 4208 eodem
1295 4133 1495 4209 Auditorio
1522 4134 1572 4208 ad
1599 4133 1745 4209 libitum
1839 4129 1840 4224 i

244 4258 487 4357 Litigantium
505 4258 619 4332 etiam
648 4273 756 4334 extra
783 4275 867 4332 acta
895 4258 1064 4332 eiusdem
1083 4257 1272 4332 Auditorii
1291 4256 1545 4346 Notariorum,
1567 4273 1607 4330 et
1624 4281 1747 4355 penes

244 4408 520 4481 quemcumque
539 4383 695 4457 aliorum
721 4381 976 4457 Tribunalium
997 4381 1205 4470 Notarium,
1226 4382 1433 4460 dummodo
1452 4382 1524 4458 hoc
1542 4408 1632 4458 casu
1652 4382 1747 4456 fides

245 4508 461 4583 authentica
501 4505 790 4582 renunciationis
830 4523 938 4580 extra
975 4506 1145 4580 eiusdem
1178 4506 1367 4581 Auditorii
1406 4521 1492 4581 acta
1518 4505 1681 4582 emissae
1710 4506 1747 4580 in

244 4636 338 4708 actis
368 4632 514 4708 Notarii
541 4630 711 4708 eiusdem
740 4630 939 4718 Auditorii,
970 4630 1035 4726 qui
1062 4631 1098 4704 in
1119 4653 1207 4706 casu
1242 4629 1390 4728 scripsit
1419 4631 1516 4706 intra
1535 4631 1749 4727 quindecim

245 4757 327 4833 dies
355 4757 584 4842 exhibeatur,
612 4753 689 4829 fieri
722 4779 849 4852 posse,
893 4771 932 4828 et
968 4753 1060 4830 alias
1091 4770 1211 4853 prout
1246 4755 1283 4828 in
1319 4756 1512 4852 praedicta
1555 4754 1751 4830 Benedicti
1839 4745 1840 4830 l

247 4881 553 4956 praedecessoris
594 4880 808 4954 huiusmodi
846 4879 1136 4966 Constitutione,
1166 4896 1208 4954 et
1247 4881 1284 4954 in
1321 4877 1417 4954 illius
1444 4882 1463 4977 ᾗ
1492 4877 1675 4973 Quamvis
1712 4883 1749 4954 in

244 5005 415 5080 eiusdem
443 5007 471 5102 ᾗ.
504 5004 606 5092 Fine,
629 5003 734 5078 cuius
761 5020 930 5078 exactam
951 5004 1228 5078 observantiam
1246 5004 1381 5079 iterum
1400 5004 1437 5078 in
1455 5005 1526 5078 hac
1553 5005 1751 5103 signanter

244 5147 353 5228 parte
390 5131 655 5230 iniungendam
687 5155 775 5204 esse
807 5129 1006 5204 censuerit
1042 5128 1125 5204 Nos
1162 5129 1276 5228 igitur
1303 5130 1486 5217 omnibus,
1517 5146 1557 5204 et
1588 5129 1747 5228 singulis

246 5255 461 5353 praedictae
490 5253 846 5352 Congregationisa
876 5253 1007 5340 Nobis,
1037 5269 1078 5328 ut
1114 5253 1325 5351 praefertur
1356 5255 1560 5351 deputatae
1587 5253 1744 5350 provide

245 5379 407 5468 censitis,
438 5381 566 5455 debita
593 5379 835 5454 meditatione
855 5378 1033 5476 pensatis,
1065 5395 1104 5452 et
1122 5380 1374 5464 attendentes,
1395 5378 1500 5474 quod
1517 5403 1565 5452 ex
1597 5378 1743 5452 illorum
