3748 5914
788 350 898 410 Leone
917 350 950 410 X
1079 425 1080 430 ἵ
1561 347 1616 406 257

171 529 250 642 ’lq
280 543 383 618 Idem
412 543 459 616 de
488 542 756 640 subrogatione
793 541 1134 618 iurisdictionalium
1168 545 1471 619 commissionum
1506 544 1614 618 intel·
1647 581 1654 606 ι

106 666 178 764 ligi
205 667 390 754 volumuS,
419 682 462 740 ut
489 691 563 741 non
592 683 780 764 ponantur
816 667 914 740 ultra
950 692 1063 764 quam
1099 667 1226 756 semel,
1262 694 1386 765 neque
1421 670 1612 746 iterentur.

107 791 216 864 Idem
244 792 293 866 de
322 793 519 866 iteratione
539 793 793 880 terminorum,
825 809 876 876 ut,
898 816 1086 888 posquam
1104 792 1276 868 videlicet
1295 793 1412 869 semel
1431 820 1500 891 pro
1523 819 1614 891 qua·

110 917 206 991 libet
243 934 352 1014 parte
389 933 547 1002 extensa
584 917 704 1000 luerit,
743 917 880 991 deinde
916 919 965 990 ad
1002 935 1220 1016 computum
1258 921 1375 1016 partis
1410 944 1484 995 non
1517 919 1615 994 ultra

111 1057 290 1137 ponatur.
321 1042 527 1116 Omittatur
555 1043 667 1116 etiam
694 1043 912 1141 registratio
949 1043 1264 1139 praeinsertarum
1297 1046 1613 1130 commissionum,

111 1165 266 1263 dequo
294 1183 439 1241 tantum
467 1168 620 1242 arbitrio
646 1166 827 1242 auditoris
856 1182 987 1254 stetur,
1017 1169 1254 1267 registranda
1272 1169 1332 1244 vel
1361 1157 1436 1244 non
1468 1171 1616 1266 praein-

113 1309 218 1365 serta
246 1291 427 1368 videatur.

198 1414 240 1512 S)
268 1415 498 1490 Maiusculae
526 1439 679 1511 quoque
706 1415 836 1490 literae
864 1416 966 1490 iuxta
994 1417 1187 1512 antiquam
1215 1415 1372 1494 formam
1405 1419 1506 1504 fiant,
1546 1446 1614 1495 nec

113 1540 315 1614 monitoria
342 1541 647 1639 procuratoribus
680 1541 728 1614 de
765 1541 951 1616 solutione
986 1543 1136 1640 registri
1169 1542 1266 1616 lacta
1303 1561 1542 1641 apponantur
1577 1545 1614 1618 in

113 1665 288 1762 registro,
310 1667 379 1739 nisi
396 1667 446 1739 ad
464 1666 637 1740 eflectum
657 1665 815 1740 docendi
836 1667 884 1740 de
909 1670 1089 1742 censuris.
1120 1668 1306 1743 Mercedis
1333 1695 1424 1744 vero
1451 1671 1612 1758 nomine,
1692 1753 1698 1765 ¹

114 1812 185 1884 pro
212 1789 373 1886 registro
400 1791 438 1862 iu
465 1789 670 1900 ordinariis,
701 1791 798 1863 ultra
817 1807 904 1865 octo
923 1790 1092 1878 ducatos,
1114 1791 1163 1864 ad
1182 1792 1364 1866 rationem
1383 1793 1513 1867 decem
1533 1819 1615 1868 car·

112 1913 282 1987 lenorum
301 1939 372 2011 pro
386 1914 534 2001 ducato,
555 1940 625 2013 pro
639 1913 808 2011 quolibet
826 1916 996 1990 foliorum
1016 1919 1241 2005 centenario,
1258 1943 1392 2016 capere
1411 1933 1612 2015 nequeant,

6 2129 7 2134 Ἰ
113 2037 153 2110 ln
181 2039 485 2114 extraordinariis
512 2066 614 2126 vero,
645 2065 806 2137 quorum
835 2039 1034 2116 multitudo
1061 2058 1122 2116 est
1149 2043 1277 2128 maior,
1308 2058 1349 2116 ut
1377 2045 1514 2117 rectius
1534 2069 1615 2118 ser-

6 2147 7 2174 *
113 2162 189 2236 vire
224 2165 383 2261 possint,
415 2164 526 2239 liceat
561 2165 616 2238 eis
654 2189 803 2238 sumere
839 2165 1136 2263 vigintiquinque
1173 2166 1344 2241 carlenos
1381 2192 1451 2263 pro
1487 2184 1614 2242 cente·

115 2288 229 2374 nario,
260 2289 291 2360 si
320 2289 480 2387 registra
508 2289 610 2363 iuxta
637 2289 906 2385 antescriptum
935 2291 1088 2364 modum
1116 2291 1287 2365 conlecta
1305 2293 1449 2378 luerint,
1471 2309 1511 2366 et
1538 2317 1613 2368 non

113 2411 239 2499 aliter;
257 2413 387 2508 copiae
406 2438 569 2511 quoque,
587 2413 704 2487 instar
721 2413 870 2512 registri
889 2415 1143 2510 praesentium
1161 2431 1383 2513 temporum,
1401 2417 1533 2491 minori
1550 2415 1614 2490 sil-

114 2537 282 2612 labarum
306 2553 373 2612 aut
394 2539 573 2613 linearum
597 2563 754 2613 numero
772 2539 1035 2634 praebeantur,
1057 2541 1144 2636 quia
1163 2539 1246 2615 illae
1264 2567 1355 2616 vero
1374 2544 1612 2639 suntcopiae;

198 2663 254 2761 T)
284 2663 568 2738 commissiones
594 2664 654 2737 vel
682 2688 817 2738 causas
844 2665 1079 2741 auditoribus
1107 2667 1184 2740 suis
1212 2667 1394 2742 committi
1425 2693 1500 2742 non
1537 2669 1613 2743 sol-

111 2788 271 2888 liciteut;
301 2788 500 2884 praelectis
529 2789 732 2887 signaturis
761 2789 1065 2864 commissionum
1094 2792 1255 2866 iustitiae
1292 2775 1516 2867 assistentes
1553 2792 1613 2868 vel

109 2915 258 3010 regenti
286 2914 419 2989 notarii
446 2912 606 2988 officium
635 2939 744 2988 suum
773 2915 866 2988 inlra
894 2916 1073 2990 bimestre
1101 2917 1263 3012 spatium
1292 2918 1466 3004 alienent,
1505 2918 1613 2992 aliter

110 3037 161 3111 ab
186 3039 269 3111 eius
297 3038 557 3114 emolumentis
584 3038 634 3112 de
661 3055 812 3113 caetero
841 3040 1131 3136 suspendantur,
1161 3041 1284 3117 dictae
1311 3041 1484 3130 fabricae,
1505 3058 1612 3140 quot·

111 3185 274 3257 cumque
303 3161 448 3247 luerint,
477 3162 731 3259 applicandis;
762 3188 830 3236 nec
866 3165 956 3237 item
994 3164 1063 3238 sibi
1091 3180 1222 3240 mutuo
1259 3165 1410 3242 fraudes
1446 3183 1608 3256 nectant,

110 3287 396 3360 commissiones
423 3289 715 3375 intervertendo,
744 3302 788 3361 ut
806 3287 972 3362 nonnulli
990 3289 1139 3376 faciunt,
1156 3289 1224 3362 sed
1242 3305 1320 3365 tam
1340 3290 1611 3366 ordinariarum

110 3436 227 3507 quam
255 3412 632 3486 extraordinariamm
662 3429 795 3486 turnus
823 3430 996 3487 servetur
1021 3415 1119 3489 inter
1146 3440 1225 3489 eos.

200 3535 241 3609 U
243 3537 256 3634 )
275 3537 334 3610 De
348 3551 455 3632 parte
468 3537 559 3611 lucii
574 3537 830 3636 registrorum,
848 3535 908 3612 vel
927 3539 1090 3623 testium,
1108 3539 1167 3613 vel
1182 3541 1385 3636 copiarum,
1407 3558 1610 3638 antequam

109 3687 249 3735 causae
279 3662 352 3736 sint
378 3663 455 3735 suis
474 3663 707 3736 auditoribus
736 3663 970 3750 commissae,
992 3689 1075 3736 cum
1095 3664 1397 3752 solicitatoribus‚
1418 3667 1612 3741 advocatis

109 3785 170 3859 vel
199 3786 506 3882 procuratoribus
533 3811 608 3860 non
635 3787 882 3883 paciscantur,
905 3811 972 3861 nec
1000 3787 1048 3862 de
1075 3789 1208 3885 gratia,
1230 3813 1345 3885 quam
1373 3791 1421 3864 de
1450 3792 1612 3889 registro

109 3910 236 3984 facere
255 3911 462 3998 intendunt,
479 3910 593 3985 veluti
607 3909 656 3984 de
670 3910 795 3985 dando
811 3910 1022 4006 quindecim
1041 3912 1101 3987 vel
1119 3913 1250 4012 viginti
1268 3915 1355 3988 lolia
1370 3939 1444 4011 ¹pro
1463 3915 1611 4004 ducato,

109 4036 164 4112 ita
192 4052 235 4108 ut
261 4062 458 4134 personae,
489 4063 574 4111 cum
602 4037 737 4133 quibus
766 4053 895 4132 agunt,
926 4036 975 4110 de
1002 4037 1106 4111 lucro
1134 4038 1370 4136 participent,
1391 4041 1462 4114 sub
1489 4065 1614 4136 poena

109 4161 348 4257 privationis;
378 4161 447 4235 sed
465 4175 599 4248 totum,
620 4160 803 4259 quidquid
822 4176 911 4256 post
930 4187 1081 4236 causam
1101 4165 1338 4238 commissam
1358 4167 1610 4254 convenietur,

110 4289 149 4358 in
177 4286 295 4382 partis
322 4285 544 4360 beneficium
562 4287 711 4382 penitus
730 4287 852 4373 cedat,
872 4285 977 4362 etde
998 4287 1068 4361 hoc
1087 4311 1156 4384 per
1175 4290 1307 4363 notarii
1327 4289 1463 4387 publici
1482 4290 1615 4365 instru-

109 4429 281 4484 mentum
310 4425 469 4486 constet.
944 4404 947 4410 ’

200 4535 253 4638 V)
283 4536 472 4633 Pauperes
499 4561 632 4610 omnes
661 4538 736 4634 qui,
775 4537 879 4610 iuxta
915 4537 1223 4611 constitutionum
1261 4539 1430 4624 lormam,
1469 4539 1615 4614 admitti

109 4660 254 4734 debent
281 4660 330 4733 ad
357 4661 607 4739 iuramentum
636 4663 884 4758 paupertatis,
913 4662 1025 4735 etiam
1062 4687 1131 4758 per
1159 4679 1442 4759 procuratorem
1479 4664 1616 4737 admit-

109 4802 217 4872 tant;
247 4802 287 4860 et
315 4785 347 4859 si
374 4785 444 4872 ille,
477 4745 546 4882 piro
574 4810 652 4881 quo
680 4787 832 4871 iuratur,
862 4809 1044 4883 praesens
1073 4813 1146 4862 non
1175 4788 1255 4876 erit,
1287 4787 1384 4862 ultra
1404 4788 1537 4863 notarii
1556 4789 1616 4863 vel

109 4911 368 5008 procuratoris
394 4910 654 4998 assertionem,
684 4936 753 5007 per
780 4913 878 4985 duos
906 4925 1024 4985 testes
1052 4911 1100 4984 de
1128 4927 1353 5009 paupertate
1381 4911 1506 4987 doceri
1526 4937 1614 4986 con·

6 5125 7 5130 Ἰ
109 5037 275 5123 venient,
306 5035 359 5110 ita
386 5051 524 5122 tamen,
556 5051 597 5109 ut
625 5035 851 5134 quicumque
879 5036 990 5109 luerit
1016 5036 1283 5122 admittendus,
1314 5061 1389 5110 non
1416 5039 1496 5110 sine
1515 5038 1614 5112 iura-

6 5135 7 5140 *
109 5175 241 5236 mento
268 5177 308 5234 et
335 5158 564 5258 obligatione
592 5161 759 5256 pignoris
789 5151 969 5246 lortunae,
1001 5175 1041 5233 ut
1070 5162 1184 5235 moris
1212 5178 1283 5244 est,
1313 5161 1543 5247 admittatur,
1574 5176 1613 5235 et

7 5287 8 5296 '
108 5289 181 5361 hoc
210 5286 278 5360 nisi
307 5284 462 5360 evidens
491 5285 539 5360 sit
565 5301 681 5381 atque
709 5285 906 5372 notorium,
937 5285 1001 5381 qui
1029 5299 1293 5382 paupertatem
1327 5288 1448 5362 iurare
1481 5286 1612 5361 volens

7 5431 8 5456 ¹
109 5411 160 5486 sit
186 5412 402 5509 opulentus,
432 5435 509 5508 quo
537 5434 625 5484 casu
655 5408 755 5483 illum
782 5409 984 5482 admittere
1013 5433 1087 5482 non
1114 5425 1322 5485 teneantur.

1467 5593 1499 5637 1¹1
