3708 5918
832 681 894 760 74.

102 861 242 956 symon
269 861 314 934 de
352 861 463 948 Valle,
494 862 669 948 Auditor,
699 863 739 936 in
764 861 1059 937 Thesaurarium
1077 863 1269 961 deputatus
1287 862 1465 936 etelectus
1489 887 1607 936 mense

183 987 362 1060 tonnano
389 1010 494 1083 1441,
524 997 689 1086 computa
719 987 889 1062 describit
922 1012 992 1062 sua
1027 989 1110 1088 ipsa
1136 1013 1271 1062 manu:
1297 1033 1324 1044 -
1351 989 1427 1086 ipse
1457 1012 1494 1060 se
1520 987 1609 1060 dicit

8 1109 10 1196 l
182 1113 375 1186 mimorum
400 1112 499 1186 ιἠίιν
523 1111 734 1189 Auditores.

184 1283 302 1354 (Auen.
321 1283 408 1356 Ror,
432 1282 557 1342 «Lauri
578 1285 762 1358 rationum,
779 1289 860 1344 etc.»
883 1285 987 1358 citati,
1005 1284 1026 1344 l.
1044 1287 1090 1358 o).
1514 1313 1521 1328 ·

1407 1373 1506 1434 Anno
1527 1373 1604 1432 1441.

185 1573 226 1646 In
256 1575 404 1646 nomine
436 1573 575 1647 domini
603 1575 720 1647 nostri
752 1575 837 1647 Iesu
866 1572 1017 1649 Christi.
1048 1575 1184 1649 Amen.
1216 1575 1329 1648 Anno
1356 1575 1405 1648 ab
1432 1571 1603 1646 Incarna-

103 1699 207 1772 tione
233 1697 403 1772 eiusdem
437 1722 547 1790 1441,
569 1695 629 1771 die
663 1701 707 1771 18
728 1699 868 1772 mensis
895 1698 1060 1773 ianuarii.
1083 1697 1223 1773 Placuit
1242 1697 1350 1774 R.dis
1369 1722 1406 1794 p.
1427 1713 1467 1771 et
1485 1696 1603 1770 domi-

102 1821 160 1896 nis
188 1824 293 1909 meis,
315 1821 475 1897 dominis
494 1822 741 1896 Auditoribus
769 1823 864 1896 sacri
891 1823 1029 1919 palatii,
1056 1823 1092 1896 in
1111 1847 1227 1896 unum
1246 1822 1416 1919 predicto
1436 1822 1496 1896 die
1515 1846 1604 1895 con-

102 1947 273 2046 gregatis
301 1947 349 2021 de
376 1970 497 2032 mane,
527 1972 587 2020 me
616 1946 818 2044 Symonem
846 1948 893 2021 de
922 1946 1041 2036 Valle,
1072 1947 1261 2021 minimum
1290 1946 1386 2020 inter
1413 1945 1604 2044 predictos

100 2073 320 2160 Auditores,
351 2073 546 2169 deputare,
576 2087 615 2146 et
642 2071 782 2170 eligere
817 2072 853 2146 in
891 2070 1165 2146 thesaurarium
1203 2071 1381 2169 ipsorum,
1412 2097 1495 2144 cum
1533 2095 1602 2167 pro

100 2198 205 2293 prius
233 2198 366 2272 fuisset
385 2198 507 2272 R.dus
533 2223 570 2294 p.
591 2197 626 2272 d.
649 2196 787 2272 Paulus
815 2197 863 2270 de
882 2198 1021 2272 Sancta
1039 2198 1129 2273 fide:
1149 2197 1281 2295 Itaque
1300 2197 1357 2270 hic
1386 2197 1535 2271 inferius
1554 2196 1602 2270 de

101 2347 214 2396 manu
244 2347 330 2398 mea
357 2323 517 2396 scribam
545 2337 584 2396 et
611 2321 801 2397 adnotabo
829 2324 939 2420 quod·
960 2323 1010 2396 ad
1037 2345 1170 2396 manus
1197 2345 1302 2396 meas
1330 2320 1475 2396 ratione
1503 2320 1602 2394 dicte

99 2448 343 2522 thesaurarie.
375 2447 425 2520 Et
461 2445 628 2521 similiter
655 2447 693 2521 in
725 2447 899 2544 sequenti
935 2446 1048 2521 tertio
1076 2446 1164 2521 lolio
1191 2462 1281 2542 post
1308 2447 1408 2520 istud
1441 2445 1600 2520 scribam

97 2573 274 2668 exposita
301 2587 340 2646 et
367 2574 591 2668 exponenda
619 2597 688 2668 per
714 2596 785 2647 me.

179 2697 221 2768 ln
250 2695 378 2794 primis
406 2697 558 2793 quidem
578 2697 719 2792 Recepi
746 2698 795 2771 ab
814 2695 961 2794 Egidio,
985 2695 1130 2770 notario
1159 2719 1255 2782 me0‚
1276 2721 1346 2792 pro
1364 2695 1600 2771 absolutione

97 2822 351 2916 quorumdam
380 2820 655 2896 Canonicorum
684 2822 832 2918 Aquen.
862 2836 932 2897 etc.

826 3168 909 3291 75]

98 3393 356 3470 Inventorium
377 3392 545 3492 Capellae
563 3396 681 3469 naute
698 3393 894 3489 confictum
912 3393 957 3467 ab
976 3394 1094 3468 Rotae
1119 3393 1156 3466 T
1150 3392 1346 3466 hamran’o
1372 3392 1482 3464 annis
1503 3414 1599 3488 1443

178 3527 216 3592 et
241 3541 352 3614 1447.

178 3691 297 3764 (Aaou.
315 3689 402 3763 Ros,
427 3689 650 3749 ‹Inventarr'a
663 3714 688 3762 ι,
707 3705 739 3748 n.
758 3687 816 3762 II).

177 3891 432 3969 Inventarium
462 3887 617 3985 Capelle
645 3886 881 3962 dominorum
908 3885 1134 3960 Auditorum
1169 3909 1279 3981 1443,
1310 3887 1509 3973 Florentio,
1538 3913 1597 3962 ve·

95 4017 209 4103 neris,
240 4027 375 4112 quarta
402 4011 572 4087 Ianuarii,

178 4139 284 4213 Crux
311 4153 494 4237 argentea
521 4137 702 4210 deaurata
733 4160 809 4232 que
843 4152 974 4232 potest
1001 4135 1181 4212 denodari
1218 4137 1254 4210 in
1282 4151 1447 4231 quatuor
1473 4137 1596 4232 petias

93 4281 135 4340 et
164 4289 250 4339 cum
279 4263 408 4362 figuris
437 4263 479 4337 B.
510 4263 564 4336 M.
594 4277 635 4336 et
662 4260 837 4335 Iohannis
864 4261 913 4334 ad
941 4260 1071 4336 latera.

176 4387 282 4473 Item,
313 4386 344 4459 II
371 4384 598 4460 candelabra
625 4400 818 4482 argentea.

177 4515 281 4598 Item,
311 4537 386 4608 pax
413 4527 596 4607 argentea
623 4509 792 4584 inaurata
819 4524 859 4582 et
885 4508 1045 4607 figurata
1073 4507 1109 4582 in
1138 4509 1272 4584 medio.

176 4637 282 4724 Item,
313 4636 344 4709 II
372 4635 523 4731 ampule
550 4649 743 4733 argentee.

175 4762 281 4850 Item,
313 4786 427 4836 unum
455 4757 606 4834 missale
634 4785 717 4833 cum
746 4761 958 4857 copertorio
986 4761 1099 4834 rubro
1127 4784 1316 4857 magnum.

174 4889 279 4974 Item,
319 4884 438 4960 simile
465 4884 617 4959 missale
645 4909 802 4983 parvum
831 4909 946 4981 quem
974 4869 1104 4958 habuit
1131 4885 1305 4958 dominus
1333 4885 1472 4980 Symon
1502 4883 1593 4979 Eps.

90 5037 267 5087 ausaren.
298 5025 338 5084 et
364 5009 455 5084 illud
483 5009 613 5084 heredi
640 5009 812 5084 restituit.

175 5137 279 5223 Item,
309 5161 425 5210 unum
452 5134 647 5233 guanciale
667 5191 729 5210 .....
758 5133 873 5208 veluti
901 5134 1018 5209 viridi.

176 5262 280 5348 Item,
302 5285 377 5335 una
395 5257 521 5333 casula
549 5259 597 5332 de
615 5283 740 5356 panno
768 5258 951 5332 deaurato
969 5283 1053 5332 cum
1073 5259 1244 5333 omnibus
1265 5255 1483 5332 necessariis
1503 5255 1590 5328 suis.

175 5386 280 5472 Item,
310 5386 382 5461 alia
411 5383 536 5458 casula
564 5383 680 5457 rubea
707 5382 861 5478 antiqua
889 5383 968 5456 sine
996 5381 1228 5478 pertinentiis
1256 5383 1345 5458 suis.
1367 5439 1429 5457 .....
