3720 5914
778 311 844 372 Pio
861 312 903 373 II
1545 315 1595 374 161

180 508 240 580 Ac
268 505 317 580 ad
346 505 592 603 prestimonia
619 507 729 580 unius
756 508 917 582 duorum
944 508 1056 581 trium
1084 523 1151 581 aut
1176 506 1348 604 plurium.
1378 507 1470 582 Fiet
1494 509 1542 584 E.

180 630 232 704 Et
259 631 362 728 quod
389 655 460 728 pro
488 629 658 726 quolibet
676 632 842 728 ipsorum
862 631 985 705 littere
1004 631 1193 727 superbis
1212 631 1461 729 expediantur
1479 632 1598 730 gratis

97 755 150 828 de
178 755 370 830 mandatu.
398 754 491 830 Fiat
509 755 637 853 grater
663 754 793 852 ubr'que
819 757 867 829 E.

180 879 232 954 Et
268 879 564 976 quodomnium
592 879 894 978 etsingulorum
922 879 1150 957 Auditorum
1191 896 1230 956 et
1270 882 1351 956 loca
1378 883 1597 960 eorumdem

95 1003 306 1078 tenentium
348 1004 603 1100 predictorum
645 1029 719 1078 non
756 1006 909 1079 obstent
954 1003 1190 1078 beneficiales
1225 1028 1462 1104 quecumque
1503 1031 1597 1104 quo·

97 1129 375 1223 modocumque
403 1143 443 1202 et
462 1128 758 1225 qualescumque
784 1129 919 1204 suerint
947 1129 1157 1206 habeantur
1183 1154 1254 1225 pro
1283 1129 1506 1205 sufficienter
1531 1153 1598 1204 ex-

9 1343 10 1356 *
97 1253 264 1348 pressis:
285 1277 359 1326 non
387 1255 564 1329 obstante
596 1253 728 1354 regula
755 1256 790 1329 in
819 1255 1044 1330 contrarium
1073 1281 1142 1352 per
1160 1253 1404 1329 Sanctitatem
1431 1270 1595 1328 vestram

97 1379 211 1452 edita.
241 1376 342 1452 thr.
372 1378 420 1451 E.

813 1704 877 1784 92.

98 1884 168 1958 Pii
192 1885 246 1958 II
265 1882 389 1957 Breve
405 1908 474 1984 quo
492 1881 692 1958 Iohannem
719 1884 764 1958 de
784 1883 1150 1960 carcanensem
1166 1885 1221 1958 ad
1244 1883 1456 1958 exercitium
1488 1883 1601 1980 offia‘i

177 2008 430 2082 Auditorum
457 2009 577 2084 Rotae
602 2035 626 2082 a
653 2035 724 2106 quo
751 2009 893 2082 tamdeic
920 2009 1028 2083 illum
1054 2009 1306 2110 suspenderat.

179 2161 297 2232 (Anca.
316 2159 404 2232 Rom,
428 2159 683 2220 «Admissiorres
695 2185 721 2231 υ,
736 2166 825 2236 part.
844 2161 870 2232 I,
891 2160 957 2221 Pio
975 2160 1021 2236 II,
1040 2179 1072 2221 n.
1093 2164 1131 2236 1).

1234 2323 1313 2396 1460,
1325 2324 1439 2398 aprilis
1455 2324 1482 2396 5,
1494 2320 1598 2382 Senis.

175 2481 319 2584 (verso)
338 2481 495 2558 Dilectis
513 2483 595 2559 filiis
612 2484 769 2558 Decano
787 2499 827 2558 et
844 2485 1094 2560 Auditoribus
1112 2511 1308 2561 causarum
1325 2484 1452 2560 Palatii
1467 2483 1598 2558 Nostri

93 2606 318 2704 Apostolici,
348 2595 569 2706 Capellanis¹
591 2607 753 2685 Nostris.

174 2729 313 2834 (intres)
341 2731 427 2806 Pius
448 2733 511 2830 Pp.
533 2732 575 2808 ll.
597 2775 615 2790 ·
635 2731 771 2806 Dilecti
798 2733 873 2822 filii,
894 2732 1054 2808 salutem
1082 2749 1122 2808 et
1147 2736 1219 2830 Ap.
1243 2733 1559 2808 benedictionem.
1581 2775 1598 2791 -

94 2859 245 2930 Pridem
264 2857 438 2953 exposito
466 2857 586 2932 Nobis
614 2859 717 2953 quod
746 2858 904 2932 dilectus
932 2859 1028 2932 filius
1055 2858 1215 2934 loannes
1242 2857 1290 2932 de
1323 2857 1521 2932 Ceretanis
1548 2857 1597 2930 de

96 2983 323 3068 interamne,
340 2981 570 3079 Capelianus
590 2997 721 3056 noster
738 2999 778 3058 et
791 2983 919 3079 palatii
935 2985 1051 3059 nostn‘
1065 2982 1264 3081 apostolici
1281 3006 1477 3056 causarum
1497 2980 1598 3055 audi·

93 3123 166 3196 tor,
188 3107 365 3182 dilectum
383 3105 497 3182 filium
518 3107 729 3182 Mattheum
752 3109 909 3207 Flingel,
925 3109 1141 3184 familiarem
1162 3125 1331 3184 nostrum
1350 3107 1596 3182 domesticum

92 3249 135 3306 et
153 3232 370 3306 continuum
389 3231 694 3317 commensalem,
710 3234 760 3308 ad
773 3235 934 3308 alterum
949 3259 997 3307 ex
1011 3234 1159 3309 duobus
1175 3234 1421 3310 notariatibus
1441 3233 1510 3307 sibi
1529 3256 1599 3328 per

96 3383 167 3432 nos
183 3372 415 3432 reservatum
444 3374 665 3453 presentare
684 3373 724 3432 et
742 3359 902 3432 retinere
922 3375 1173 3446 recusaverat,
1202 3357 1323 3432 officio
1350 3356 1597 3432 auditoriatus

95 3484 132 3556 ei
149 3475 219 3578 per
237 3481 364 3556 literas
384 3498 534 3557 nostras
549 3483 818 3567 interdiximus,
836 3481 1031 3580 Vobisque
1045 3500 1085 3557 et
1103 3501 1270 3558 vestrum
1284 3482 1434 3558 cuilibet
1447 3481 1597 3554 manda-

95 3607 219 3680 vimus
243 3609 315 3682 sub
341 3631 441 3702 pena
466 3605 822 3682 excomunicationis
848 3605 924 3682 late
953 3609 1148 3694 sententie,
1179 3622 1367 3703 quatenus
1394 3607 1442 3679 de
1470 3622 1598 3680 cetero

97 3730 200 3805 nullo
226 3747 339 3828 pacto
367 3733 646 3828 permitteretis,
677 3733 817 3806 dictum
846 3733 1022 3807 loannem
1050 3733 1087 3807 in
1114 3757 1312 3806 causarum
1339 3731 1528 3806 audientia
1555 3757 1598 3806 se

97 3854 358 3941 intromittere,
376 3879 577 3952 quousque
591 3854 692 3930 aliud
706 3880 730 3929 a
743 3856 852 3930 nobis
867 3857 1085 3953 reciperetis
1099 3857 1135 3930 in
1150 3856 1346 3944 mandatis,
1359 3857 1597 3931 decernendo

95 4003 145 4053 ex
174 3996 263 4055 tunc
280 4004 414 4054 omnes
432 3995 472 4054 et
491 3980 661 4079 singulos
680 3995 788 4054 actus
806 3995 846 4054 et
865 3981 1083 4068 sententias,
1104 4005 1277 4077 pereum
1297 3980 1451 4056 forsitan
1461 3982 1598 4056 sacien-

96 4106 167 4178 das
184 4120 226 4178 et
243 4105 549 4200 pronuntiandas,
570 4102 704 4191 nullos,
724 4107 847 4178 irritos
867 4120 907 4179 et
924 4105 1064 4180 inanes.
1080 4102 1180 4199 Quia
1198 4130 1290 4180 vero
1309 4105 1407 4180 idem
1427 4107 1596 4194 loannes,

95 4229 341 4326 postmodum
367 4228 418 4304 ad
443 4229 672 4325 presentiam
702 4245 870 4306 nostram
898 4231 1149 4326 personaliter
1175 4231 1369 4314 accedens,
1402 4255 1442 4306 se
1470 4255 1594 4304 coram

95 4354 205 4430 nobis
231 4355 471 4428 obedientem
498 4353 614 4432 filium
649 4354 818 4430 exhibuit
848 4369 889 4430 et
923 4355 1117 4430 intentioni
1154 4355 1417 4452 mandatisque
1458 4354 1596 4430 nostris

92 4479 338 4554 effectualiter
364 4477 555 4566 satisfecit,
584 4478 802 4554 mandatum
821 4479 1034 4555 huiusmodi
1053 4481 1276 4566 relaxantes,
1297 4505 1384 4556 eum
1410 4481 1460 4554 ad
1488 4505 1596 4556 exer-

95 4604 220 4678 citium
249 4603 359 4678 olficii
386 4604 635 4684 auditoriatus
664 4605 720 4679 sui
753 4605 985 4680 restituimus
1012 4621 1052 4680 et
1084 4607 1376 4705 reintegremus3
1410 4605 1531 4682 Vobis
1557 4622 1597 4680 et

93 4743 262 4802 vestrum
291 4727 442 4804 cuilibet
470 4729 694 4804 mandantes
722 4747 764 4804 ut
791 4730 916 4826 ipsum
943 4730 1120 4806 loannem
1149 4731 1199 4806 ad
1226 4731 1349 4805 locum
1378 4755 1487 4804 suum
1507 4729 1595 4804 reci·

96 4852 206 4948 piatis
233 4870 273 4927 et
300 4855 504 4950 reponatis.
528 4852 859 4928 Communicantes
888 4879 1016 4930 secum
1044 4856 1081 4928 in
1108 4854 1282 4930 omnibus
1310 4870 1349 4928 et
1375 4879 1444 4951 per
1471 4857 1596 4929 omnia

97 4980 132 5050 in
161 4977 284 5052 causis
313 4977 409 5052 sicut
435 4979 560 5075 prius;
589 5003 634 5054 ac
660 5004 793 5054 omnes
821 4997 929 5056 actus
957 4995 997 5054 et
1023 4981 1239 5066 sententias,
1262 4980 1294 5054 si
1322 4981 1385 5075 qui
1413 4995 1502 5076 post
1529 4979 1597 5055 da·

97 5119 174 5176 tam
202 5102 393 5178 literarum
432 5103 684 5200 predictarum
721 5120 761 5179 et
796 5118 884 5178 ante
921 5107 1086 5202 ipsarum
1129 5105 1198 5180 sibi
1231 5105 1367 5178 iactam
1404 5121 1595 5202 presenta-

96 5229 237 5303 tionem
264 5252 334 5326 per
359 5225 521 5302 eundem
549 5227 726 5302 loannem
753 5229 852 5327 gesti
879 5243 920 5304 et
947 5227 1094 5325 prolate
1123 5253 1209 5302 esse
1236 5226 1480 5326 reperiantur,
1516 5229 1596 5304 sine

95 5353 299 5449 preiudicio
335 5351 585 5426 revalidamus
622 5368 661 5426 et
695 5351 841 5428 validos
874 5353 989 5427 luisse
1017 5367 1056 5426 et
1082 5377 1168 5426 esse
1204 5376 1402 5426 censemus
1439 5351 1595 5449 perinde

1464 5537 1495 5582 ti
