3748 5914
867 299 1002 362 Saeculo
1021 301 1053 362 X
1062 302 1105 362 VI

944 723 1028 800 164.

229 918 375 992 Paulus
394 920 460 993 IV
472 921 504 1016 (1
515 939 640 1012 555=t
650 920 739 1014 559)
767 918 821 990 ad
845 919 1100 994 admissionum
1125 919 1312 1020 Gasparis
1340 921 1384 994 dc
1415 920 1595 1019 Quiroga,
1617 925 1732 996 unius

308 1070 356 1116 rx
383 1043 627 1116 Auditoribns
654 1043 837 1141 Hispanis
864 1045 1020 1117 mandat
1054 1070 1097 1116 na
1129 1045 1368 1143 procedatur,
1396 1055 1591 1144 autequam
1618 1060 1729 1147 super

309 1168 593 1242 accusationibus
610 1167 649 1240 iu
667 1167 773 1240 illum
786 1170 900 1255 motis,
918 1195 942 1240 a
957 1169 1067 1255 Rota,
1083 1169 1315 1266 inquisitione
1323 1180 1476 1268 peracta
1483 1171 1591 1270 ptius
1606 1171 1729 1271 Papa,

307 1295 589 1386 informaretur.

308 1486 423 1556 (Arcu.
442 1485 529 1558 Ros,
553 1483 807 1544 ‹Admissrbnes
820 1508 845 1558 »‚
861 1488 949 1559 part.
969 1483 997 1552 I,
1015 1484 1127 1543 Paulo
1144 1483 1206 1558 IV,
1227 1502 1258 1544 n.
1279 1488 1315 1558 I).

1545 1701 1622 1762 Sine
1645 1705 1730 1763 data.

309 1867 418 1942 Motu
447 1869 601 1963 proprio
629 1883 700 1943 etc.
722 1892 806 1939 cum
837 1892 906 1942 nos
934 1866 1027 1942 alias
1056 1892 1125 1963 per
1152 1869 1427 1963 promotionem
1456 1895 1538 1943 ven.
1560 1869 1636 1944 fris.
1660 1873 1727 1944 firi.

230 1991 363 2066 Didaci
391 1992 508 2076 Deca,
540 1991 614 2088 epi
643 1989 839 2066 Canarien.
861 1979 918 2064 ad¹
940 1993 1059 2086 ipsam
1088 1993 1239 2066 ecc.iam
1262 1992 1448 2067 Canarien
1476 1994 1599 2069 locum
1620 1995 1729 2068 unius

228 2143 276 2192 ex
305 2115 361 2190 siri
388 2117 514 2214 palatii
542 2110 615 2214 apel
648 2141 813 2192 caurum
852 2117 1087 2191 auditoribus
1120 2142 1232 2213 quem
1270 2119 1391 2192 dictus
1425 2117 1592 2192 Didacus
1621 2145 1732 2215 epus

228 2258 317 2314 tunc
336 2243 499 2328 tenebat,
515 2264 559 2313 ae
578 2240 695 2335 ipsius
715 2241 849 2315 Didaci
871 2265 893 2314 a
916 2240 987 2313 Ro.
1012 2266 1066 2314 cu.
1088 2241 1297 2315 absentiam
1318 2267 1490 2316 cessasse
1513 2260 1553 2316 et
1571 2269 1728 2318 vacasse

229 2366 516 2450 decreverimus,
559 2363 812 2462 dilectumque
856 2364 968 2438 filium
1005 2364 1212 2464 Gasparem
1254 2366 1299 2439 do
1344 2367 1522 2464 Quiraga,
1562 2366 1728 2442 Cano⁰¹¹¹¹¹

228 2488 400 2576 Toletan,
441 2491 637 2585 utriusque
673 2489 766 2562 luris
800 2491 993 2563 doctorem
1031 2489 1080 2564 ad
1117 2490 1238 2563 locum
1281 2492 1516 2566 auditoratus
1551 2491 1652 2567 hmoi
1693 2493 1730 2564 in

226 2615 348 2690 locum
378 2609 424 2712 pn
459 2613 589 2688 Didaci
619 2615 695 2710 epi
723 2613 1057 2713 surrogaverimuS,
1089 2615 1234 2710 sibique
1268 2617 1315 2689 de
1344 2615 1406 2689 illo
1440 2617 1725 2712 providerimus,

227 2765 271 2814 ac
300 2740 444 2814 dilectis
473 2739 555 2813 filiis
584 2740 738 2812 Decano
766 2754 807 2812 et
833 2739 922 2812 dicti
954 2739 1081 2836 palatii
1118 2765 1259 2814 casum
1296 2742 1528 2814 auditoribus
1564 2760 1605 2814 ut
1633 2744 1727 2838 pctum

228 2865 439 2961 Gasparem
468 2865 517 2938 ad
544 2864 666 2938 locum
696 2863 934 2937 auditoratus
962 2863 1063 2936 hmoi
1090 2863 1127 2936 in
1155 2860 1214 2960 ρ0ιί
1244 2864 1376 2938 Didaci
1396 2866 1470 2962 epi
1489 2865 1623 2949 locum,
1649 2891 1732 2940 ser-

226 2991 324 3064 vatis
352 2989 558 3071 servandis,
588 2988 841 3074 admitterent,
872 2989 1169 3062 commiserimus
1202 3007 1240 3062 et
1268 2989 1581 3076 mandaverimus,
1616 3009 1730 3087 prout

226 3115 261 3188 in
292 3131 394 3188 motu
425 3115 588 3210 propri0,
620 3137 731 3186 manu
753 3118 819 3186 itta
848 3114 999 3212 signato
1027 3129 1065 3188 et
1093 3109 1154 3209 pus
1176 3114 1330 3188 Decano
1349 3131 1388 3188 et
1406 3117 1640 3190 auditoribus
1660 3143 1731 3213 per
1760 3167 1763 3172 ·

227 3239 401 3314 eumdem
431 3239 643 3334 Gasparem
671 3243 806 3334 putato
834 3239 939 3312 cuius
1016 3238 1162 3335 plenius
1191 3241 1411 3325 continetur,
1435 3256 1473 3313 et
1501 3241 1596 3314 sicut
1620 3243 1730 3316 nobis

228 3335 364 3462 postea
391 3364 562 3448 innotuit,
591 3357 650 3459 pm
672 3363 848 3436 Decanus
877 3381 916 3436 et
943 3365 1136 3438 auditores
1154 3365 1350 3460 antiquum
1370 3365 1520 3438 solitum
1540 3383 1579 3439 et
1602 3366 1729 3441 lauda·

228 3491 322 3566 biles
342 3489 448 3562 stilus
478 3489 511 3561 in
536 3488 765 3562 admissione
792 3488 1005 3562 auditorum
1037 3489 1124 3562 dicti
1152 3490 1278 3584 palatii
1307 3490 1448 3564 servari
1476 3490 1625 3564 solitum
1656 3517 1731 3566 ser-

227 3632 346 3696 vatos,
378 3613 680 3687 Informationem
709 3615 757 3686 de
785 3614 952 3687 moribus
980 3630 1019 3686 et
1046 3614 1122 3688 vita
1151 3615 1239 3686 dicti
1268 3615 1452 3710 Gasparis
1481 3615 1659 3689 facientes
1680 3616 1728 3690 ad

227 3738 395 3833 ipsorum
434 3735 576 3808 Decani
616 3750 656 3807 et
695 3734 908 3808 auditorum
947 3735 1116 3808 notitiam
1161 3737 1385 3830 pervenerit,
1417 3735 1591 3832 imputari
1628 3735 1731 3811 dicto

229 3860 401 3956 Gaspari,
431 3861 534 3955 quod
554 3859 646 3932 alias
674 3855 795 3932 dictus
820 3857 971 3955 Gaspar
989 3857 1079 3930 dum
1108 3860 1144 3932 in
1164 3859 1305 3955 oppido
1326 3861 1550 3956 compluten,
1568 3858 1727 3934 Toletan

228 3987 336 4070 dioc,
352 4001 455 4058 esset
483 3986 640 4058 vicarius
667 3984 791 4082 gbalis
819 3986 879 4058 bo.
911 4010 983 4060 me.
1006 3986 1055 4060 lo.
1078 3985 1126 4057 de
1145 3985 1306 4070 Tavera,
1328 3986 1416 4059 dum
1447 3987 1588 4060 viveret
1617 3982 1730 4060 car¹i³

229 4127 267 4186 et
296 4109 486 4206 Archiep.i
514 4109 686 4196 Toletan,
716 4109 909 4205 quoddam
938 4111 1176 4184 monitorium
1205 4110 1264 4184 vel
1293 4127 1511 4207 preceptum
1542 4128 1581 4183 ut
1610 4111 1730 4207 pride·

228 4238 339 4309 batur
365 4259 388 4308 a
415 4249 560 4308 rectore
589 4233 813 4307 scholarium
842 4233 1095 4307 universitatis
1123 4235 1212 4306 dicti
1239 4233 1368 4330 oppidi
1401 4251 1467 4308 aut
1502 4261 1524 4308 a
1561 4237 1728 4330 quodam

229 4361 501 4433 subexecutore
529 4383 612 4430 cum
641 4357 912 4454 preinsertione
940 4357 975 4430 in
1013 4357 1148 4430 eodem
1186 4368 1298 4442 mon⁰,
1330 4377 1371 4430 ut
1403 4353 1618 4454 prideba'tur
1653 4385 1729 4432 cer·

229 4503 350 4558 tarum
379 4483 530 4556 irarum
559 4488 696 4578 apcarum
723 4498 789 4554 aut
816 4507 839 4554 a
867 4496 971 4556 certo
999 4482 1086 4554 dicti
1115 4481 1240 4578 palatii
1269 4482 1442 4555 auditore
1470 4499 1727 4557 emanatarum
1848 4571 1852 4582 Ι

228 4607 458 4680 laceraverat
484 4621 551 4679 aut
576 4606 732 4678 lacerari
760 4621 985 4690 tentaverat,
1020 4631 1063 4680 ac
1101 4622 1142 4679 et
1177 4606 1303 4680 lorsan
1332 4606 1366 4678 in
1405 4583 1615 4701 putatione
1641 4607 1728 4680 dicti

227 4730 452 4830 mon[ito]rii,
485 4757 551 4804 seu
580 4731 759 4827 precepti,
789 4748 856 4804 aut
883 4730 1113 4805 Inhibitionis
1147 4730 1337 4827 quendam
1370 4730 1584 4830 n0t[ari]um
1618 4731 1728 4826 alapa

228 4872 456 4952 percuserat,
499 4857 752 4951 eumdemque
792 4854 1021 4954 not[ari]um,
1066 4873 1104 4928 et
1145 4855 1272 4929 forsan
1313 4854 1407 4928 alios
1449 4856 1648 4939 carcerari,
1691 4873 1731 4927 et

227 4981 353 5054 forsan
381 4979 463 5066 alia,
494 4979 644 5066 fecerat,
666 4977 978 5054 inhobedientiam
1000 4981 1101 5052 sedis
1129 4987 1207 5077 apce
1226 4980 1531 5066 demonstrantia,
1554 4979 1636 5053 Nos
1658 5005 1731 5076 pro

229 5104 434 5178 indebitate
467 5103 555 5178 dicti
593 5103 788 5199 Gasparis‚
827 5119 870 5176 ut
906 5103 1044 5178 veritas
1073 5108 1197 5200 pctorum
1234 5121 1486 5202 cognoscatur
1521 5105 1726 5203 cupientes,

228 5231 316 5326 ptis
346 5229 503 5303 Decano
531 5245 571 5301 et
597 5229 831 5303 auditoribus
859 5227 1102 5328 q[ua]t[en]us
1131 5231 1179 5304 de
1207 5229 1400 5326 premissis
1428 5244 1468 5302 et
1494 5226 1575 5302 aliis
1608 5231 1729 5304 eidem

230 5355 394 5450 Gaspari
421 5353 547 5428 forsan
575 5353 760 5450 impositis
780 5369 818 5426 et
837 5353 884 5426 de
904 5354 1040 5449 quibus
1068 5353 1276 5442 infamatur,
1300 5379 1341 5428 se
1361 5353 1571 5438 inlorment,
1593 5353 1732 5451 illaque
