3718 5918
752 356 920 416 Clemente
938 354 1012 415 ΧΠ
1576 354 1631 414 499

211 551 282 623 Ρ]ο
311 571 548 646 quacumque
577 547 822 644 productione
851 546 970 631 unius,
1001 562 1067 619 aut
1094 546 1254 642 plurium
1279 547 1628 636 instrumentorum,

130 673 398 760 Articulorum,
416 671 657 758 Positionum,
687 688 728 746 et
755 671 912 746 aliorum
941 671 1077 745 lurium
1106 693 1430 768 quorumcumque
1458 688 1535 746 tam
1563 698 1633 769 per

131 799 380 896 Compulsum
409 823 523 894 quam
552 797 632 870 sine
659 812 699 869 et
720 797 798 870 sive
826 796 874 870 sit
902 795 1016 893 longa
1045 795 1123 868 sive
1154 797 1280 870 brevis
1310 854 1317 870 .
1377 853 1385 870 .
1443 821 1494 870 sc.
1524 819 1631 890 -40

211 924 283 997 Pro
311 923 488 998 citatione
516 938 648 996 contra
676 921 759 994 Iura
787 921 900 994 etiam
929 935 1062 994 contra
1080 919 1219 1018 plures,
1240 935 1280 994 et
1307 922 1343 994 in
1364 921 1523 995 diversis
1543 921 1632 996 Car·

130 1048 218 1122 tulis
246 1063 415 1134 executa,
445 1064 485 1121 et
511 1047 671 1120 cadente
698 1047 771 1119 sub
799 1045 932 1118 eadem
962 1043 1023 1118 die
1041 1103 1385 1122 ......
1443 1069 1494 1122 sc.
1532 1069 1544 1119 1
1579 1089 1631 1104 —

214 1173 285 1246 Pro
318 1171 507 1246 Citatione
539 1186 671 1244 contra
691 1171 1017 1257 Protestationem,
1046 1170 1191 1265 absque
1219 1170 1388 1245 inhiberi.
1447 1198 1497 1246 sc.
1528 1175 1632 1248 -80

214 1299 286 1371 Pro
315 1297 502 1371 Citatione
530 1297 579 1370 ad
613 1297 807 1370 terminoa·
827 1291 1095 1370 substantiales
1112 1353 1388 1373 .....
1445 1323 1495 1371 εε.
1533 1321 1562 1384 1,
1581 1301 1632 1374 80

213 1423 285 1497 Pro
306 1423 495 1497 Citatione
527 1423 576 1497 ad
615 1421 839 1495 sententiam
877 1446 946 1517 per
984 1419 1190 1494 Cursorem
1209 1437 1388 1500 executa.
1445 1448 1497 1498 sc.
1530 1449 1563 1510 2,
1584 1444 1633 1516 70

214 1548 285 1621 Pro
315 1547 518 1643 Duplicato
547 1545 745 1620 Citationis
772 1547 823 1620 ad
841 1545 1075 1620 Sententiam
1095 1570 1164 1641 per
1184 1543 1390 1620 Cursorem
1445 1573 1497 1622 sc.
1534 1573 1545 1620 1
1581 1592 1632 1606 -

214 1673 286 1746 Pro
315 1671 503 1746 Citatione
531 1671 581 1744 ad
608 1671 809 1744 videndum
838 1669 958 1744 taxari
985 1647 1186 1766 expensas.
1245 1729 1253 1746 .
1311 1731 1319 1745 .
1379 1730 1389 1748 .
1445 1698 1496 1747 sc.
1527 1697 1634 1769 -50

214 1798 285 1871 Pro
316 1797 504 1871 Citatione
531 1797 580 1870 ad
608 1795 808 1869 dicendum
837 1811 968 1868 contra
996 1793 1187 1870 Articulos
1214 1794 1252 1867 in
1280 1795 1394 1869 Curia
1435 1821 1505 1892 per
1538 1797 1633 1872 Cur-

133 1948 260 1998 sorem
304 1977 1388 1998 .................
1446 1949 1496 2000 sc.
1534 1949 1546 1998 1
1584 1947 1633 2018 50

214 2048 285 2121 Per
322 2047 587 2121 Contradietas
615 2072 682 2120 εει]
713 2045 886 2120 Edictum
915 2060 1087 2140 tempore
1124 2047 1389 2123 vacantiamm.
1447 2074 1498 2124 sc.
1535 2073 1565 2134 1,
1584 2054 1633 2126 80

215 2171 286 2245 Per
316 2171 589 2257 Contradictas,
621 2187 661 2244 et
689 2169 893 2244 Cursorem
911 2227 1388 2248 ........
1446 2199 1498 2248 sc.
1531 2199 1564 2262 2,
1585 2199 1635 2250 20

216 2298 288 2371 Pro
318 2297 506 2372 Citatione
534 2296 583 2370 ad
609 2295 806 2369 dicendum
836 2309 967 2370 contra
1000 2293 1191 2369 Articulos
1233 2296 1269 2369 in
1299 2296 1425 2385 Curia,
1454 2314 1494 2372 et
1528 2315 1634 2373 extra

133 2447 205 2519 pro
234 2422 449 2497 remissoria
477 2447 545 2518 per
571 2421 773 2494 Cursorem
778 2477 1388 2498 ..........
1447 2449 1499 2498 sc.
1531 2448 1551 2518 3
1583 2467 1635 2481 -

217 2548 288 2622 Per
317 2547 583 2621 Contradictas
611 2548 691 2618 sive
720 2546 873 2618 Editum
911 2603 1387 2624 ........
1447 2575 1497 2625 sc.
1531 2574 1566 2644 3,
1586 2572 1635 2644 70

217 2673 287 2746 Per
316 2671 593 2757 Centradictas,
622 2686 662 2744 et
690 2670 894 2743 Cursorem
911 2729 1390 2748 ........
1447 2699 1498 2750 se,
1530 2700 1555 2768 4
1584 2719 1634 2734 ...

216 2797 289 2872 Pro
313 2796 502 2872 Citatione
543 2795 741 2894 prorogari
783 2821 849 2868 seu
888 2795 1043 2868 concedi
1075 2821 1215 2870 nonum
1252 2799 1449 2872 terminum
1488 2800 1636 2876 Remis-

136 2921 261 2996 soriae
308 2981 315 2997 .
375 2981 383 2996 .
442 2965 449 2997 ι
509 2977 919 2997 .......
974 2978 985 3028 :
1046 2978 1390 2998 ......
1448 2951 1500 3002 sc.
1531 2948 1633 3020 50-

217 3046 288 3120 Pro
319 3045 506 3119 Citatione
535 3043 774 3142 subdelegari
802 3043 965 3116 iudicem
994 3045 1042 3116 ad
1071 3067 1346 3142 quemcumque
1374 3047 1546 3122 eflectum

1449 3199 1500 3249 sc.
1537 3200 1549 3248 1
1585 3219 1636 3234 -

217 3294 288 3368 Pro
319 3293 505 3367 Citatione
541 3293 591 3368 ad
618 3291 821 3368 videndum
854 3291 1023 3367 revocari
1055 3309 1242 3368 attentata
1278 3310 1361 3384 etc,
1383 3311 1423 3369 et
1450 3322 1520 3394 pro
1548 3324 1638 3395 pur-

133 3421 290 3519 gatione
328 3421 623 3506 Attentatorum,
652 3420 792 3515 apponi
821 3433 1061 3515 sequestrum
1093 3435 1176 3503 etc..
1209 3445 1276 3493 εει]
1297 3421 1456 3506 decerni,
1479 3425 1638 3498 relaxari

135 3546 355 3620 mandatum
385 3543 432 3617 de
461 3544 701 3626 manutendo,
733 3569 800 3616 seu
830 3542 1050 3639 reponendo
1069 3542 1105 3616 in
1134 3543 1331 3640 pristinum
1352 3572 1436 3620 cum
1457 3548 1638 3623 instantia

136 3667 461 3769 subdelegationis
489 3668 623 3741 Iudicis
643 3726 1390 3746 ............
1449 3697 1500 3747 sc.
1538 3698 1550 3748 1
1586 3716 1636 3731 -

219 3795 290 3869 Pro
318 3794 506 3868 Citatione
534 3794 583 3866 ad
626 3793 828 3867 videndum
865 3795 1110 3880 manuteneri,
1131 3793 1293 3878 immitti,
1320 3795 1553 3894 reintegrari,
1573 3814 1639 3872 aut

5 3971 8 4012 2
136 3921 315 3996 associari
372 3973 1385 3996 ................
1449 3947 1500 3998 sc.
1532 3943 1636 4017 -50

219 4045 292 4119 Pro
321 4027 509 4119 Citatione
536 4045 587 4118 ad
615 4043 819 4117 videndum
837 4041 984 4118 absolvi
1010 4069 1033 4117 a
1062 4042 1253 4131 Censuris,
1277 4069 1345 4118 seu
1361 4047 1500 4120 remitti
1527 4049 1640 4122 abso-

5 4259 9 4268 ,
136 4172 318 4246 lutionem
354 4171 404 4243 ad
441 4168 572 4241 Partes
575 4225 1392 4244 ...........
1450 4197 1515 4244 30„
1533 4194 1637 4265 ..50

220 4295 291 4368 Pro
321 4293 510 4368 Citatione
538 4295 588 4366 ad
616 4292 895 4380 declarandum,
924 4317 973 4366 an
1000 4291 1117 4367 velint
1144 4317 1231 4368 esse
1259 4293 1455 4382 haeredes,
1477 4313 1516 4369 et
1544 4294 1640 4372 illius

138 4419 379 4496 reiteratione
406 4443 477 4514 pro
504 4417 585 4492 aliis
614 4419 733 4492 tribus
770 4417 913 4492 vicibus
916 4475 1393 4495 ........
1452 4447 1502 4496 sc.
1539 4447 1571 4509 1,
1588 4446 1640 4516 40

221 4545 292 4618 Pro
320 4559 484 4641 quatuor
511 4543 679 4618 terminis
719 4544 769 4617 ad
811 4541 1021 4617 docendum
1051 4542 1099 4617 de
1141 4543 1406 4640 Appellatione
1447 4571 1514 4620 seu
1547 4549 1641 4643 pari·

140 4671 243 4747 tione
246 4726 1392 4746 ..................
1449 4698 1500 4747 εε.
1538 4698 1568 4760 1,
1587 4695 1638 4766 40

221 4796 293 4869 Pro
322 4795 510 4869 Citatione
536 4793 587 4868 ad
614 4793 846 4868 Sententiam
877 4793 1192 4870 declaratoriam.
1250 4854 1258 4871 .
1320 4857 1327 4872 .
1386 4854 1394 4870 .
1452 4823 1504 4872 sc.
1537 4823 1556 4871 2
1589 4839 1641 4855 —

221 4921 293 4996 Pro
323 4919 511 4995 Citatione
539 4921 589 4994 ad
616 4918 818 4993 videndum
846 4920 1061 5018 aggravari,
1093 4922 1349 5019 reaggravari,
1379 4947 1447 4996 εει]
1471 4907 1644 4996 interdici

140 5063 181 5122 et
210 5047 407 5122 Brachium
436 5045 613 5121 Seculare
641 5045 792 5119 decerni
819 5070 889 5141 pro
918 5045 1087 5140 qualibet
1116 5103 1392 5122 .....
1451 5073 1503 5123 sc.
1534 5071 1641 5143 -50

222 5173 294 5248 Pro
323 5173 477 5248 decreto
505 5173 710 5247 Processus
737 5195 807 5268 per
833 5171 1061 5246 audientiam
1080 5171 1267 5268 publicam
1287 5172 1515 5247 Litterarum
1542 5173 1648 5248 Con-

142 5301 387 5375 tradictarum
444 5354 1390 5376 ...............
1454 5324 1506 5374 sc.
1536 5325 1612 5372 -2
1620 5321 1639 5394 5

224 5423 296 5499 Pro
324 5422 514 5500 Citatione
540 5423 591 5498 ad
619 5421 817 5497 dicendum
846 5437 977 5498 eontra
1006 5422 1323 5500 Commissionem
1355 5449 1426 5522 per
1455 5425 1647 5520 ,contradi-
