<?xml version="1.0" encoding="UTF-8"?>
<!DOCTYPE html PUBLIC "-//W3C//DTD XHTML 1.0 Transitional//EN"
    "http://www.w3.org/TR/xhtml1/DTD/xhtml1-transitional.dtd">
<html xmlns="http://www.w3.org/1999/xhtml" xml:lang="en" lang="en">
 <head>
  <title>
</title>
<meta http-equiv="Content-Type" content="text/html;charset=utf-8" />
  <meta name='ocr-system' content='tesseract 3.04.00' />
  <meta name='ocr-capabilities' content='ocr_page ocr_carea ocr_par ocr_line ocrx_word'/>
</head>
<body>
  <div class='ocr_page' id='page_1' title='image "./capellanipapaee00cercgoog_0225.png"; bbox 0 0 3720 5914; ppageno 0'>
   <div class='ocr_carea' id='block_1_1' title="bbox 780 333 1604 396">
    <p class='ocr_par' dir='ltr' id='par_1_1' title="bbox 780 333 1604 396">
     <span class='ocr_line' id='line_1_1' title="bbox 780 333 1604 396; baseline -0.006 0"><span class='ocrx_word' id='word_1_1' title='bbox 780 337 873 396; x_wconf 84' lang='lat' dir='ltr'><em>Sixto</em></span> <span class='ocrx_word' id='word_1_2' title='bbox 890 335 944 395; x_wconf 91' lang='lat' dir='ltr'>IV</span> <span class='ocrx_word' id='word_1_3' title='bbox 1555 333 1604 392; x_wconf 88' lang='grc'>181</span> 
     </span>
    </p>
   </div>
   <div class='ocr_carea' id='block_1_2' title="bbox 8 527 1609 2502">
    <p class='ocr_par' dir='ltr' id='par_1_2' title="bbox 92 527 1605 629">
     <span class='ocr_line' id='line_1_2' title="bbox 92 527 1605 629; baseline -0.003 -25"><span class='ocrx_word' id='word_1_4' title='bbox 92 547 228 607; x_wconf 89' lang='lat' dir='ltr'>torum</span> <span class='ocrx_word' id='word_1_5' title='bbox 244 558 313 608; x_wconf 90' lang='lat' dir='ltr'>seu</span> <span class='ocrx_word' id='word_1_6' title='bbox 332 534 443 607; x_wconf 88' lang='lat' dir='ltr'>etiam</span> <span class='ocrx_word' id='word_1_7' title='bbox 462 533 754 608; x_wconf 86' lang='lat' dir='ltr'>locatenentium</span> <span class='ocrx_word' id='word_1_8' title='bbox 772 532 991 606; x_wconf 89' lang='lat' dir='ltr'>eorumdem</span> <span class='ocrx_word' id='word_1_9' title='bbox 1007 531 1213 629; x_wconf 86' lang='lat' dir='ltr'>(numerus)</span> <span class='ocrx_word' id='word_1_10' title='bbox 1228 529 1321 604; x_wconf 85' lang='lat' dir='ltr'>inira</span> <span class='ocrx_word' id='word_1_11' title='bbox 1335 527 1605 604; x_wconf 91' lang='lat' dir='ltr'>duodenarium</span> 
     </span>
    </p>

    <p class='ocr_par' dir='ltr' id='par_1_3' title="bbox 8 651 1607 733">
     <span class='ocr_line' id='line_1_3' title="bbox 8 651 1607 733; baseline -0.004 -3"><span class='ocrx_word' id='word_1_12' title='bbox 8 683 10 722; x_wconf 86' lang='lat'>1</span> <span class='ocrx_word' id='word_1_13' title='bbox 95 657 214 732; x_wconf 80' lang='lat' dir='ltr'>tuerit</span> <span class='ocrx_word' id='word_1_14' title='bbox 242 657 463 733; x_wconf 92' lang='lat' dir='ltr'>diminutus:</span> <span class='ocrx_word' id='word_1_15' title='bbox 494 659 595 731; x_wconf 88' lang='lat' dir='ltr'>iuxta</span> <span class='ocrx_word' id='word_1_16' title='bbox 623 656 817 730; x_wconf 90' lang='lat' dir='ltr'>decretum</span> <span class='ocrx_word' id='word_1_17' title='bbox 851 655 1112 730; x_wconf 84' lang='lat' dir='ltr'>Constantien.</span> <span class='ocrx_word' id='word_1_18' title='bbox 1149 655 1290 730; x_wconf 90' lang='lat' dir='ltr'>concilii</span> <span class='ocrx_word' id='word_1_19' title='bbox 1327 668 1367 728; x_wconf 89' lang='lat' dir='ltr'>et</span> <span class='ocrx_word' id='word_1_20' title='bbox 1402 651 1607 728; x_wconf 83' lang='lat' dir='ltr'>laudabiles</span> 
     </span>
    </p>

    <p class='ocr_par' dir='ltr' id='par_1_4' title="bbox 8 737 1609 1004">
     <span class='ocr_line' id='line_1_4' title="bbox 8 737 1607 878; baseline -0.004 -22"><span class='ocrx_word' id='word_1_21' title='bbox 8 737 10 806; x_wconf 55' lang='lat' dir='ltr'>l</span> <span class='ocrx_word' id='word_1_22' title='bbox 98 782 396 856; x_wconf 88' lang='lat' dir='ltr'>consuetudines</span> <span class='ocrx_word' id='word_1_23' title='bbox 416 783 595 858; x_wconf 90' lang='lat' dir='ltr'>hactenus</span> <span class='ocrx_word' id='word_1_24' title='bbox 623 785 856 866; x_wconf 87' lang='lat' dir='ltr'>observatas,</span> <span class='ocrx_word' id='word_1_25' title='bbox 882 781 1018 878; x_wconf 89' lang='lat' dir='ltr'>quibus</span> <span class='ocrx_word' id='word_1_26' title='bbox 1033 781 1167 878; x_wconf 89' lang='lat' dir='ltr'>quovis</span> <span class='ocrx_word' id='word_1_27' title='bbox 1185 779 1299 854; x_wconf 93' lang='lat' dir='ltr'>modo</span> <span class='ocrx_word' id='word_1_28' title='bbox 1318 778 1504 876; x_wconf 86' lang='lat' dir='ltr'>derogare</span> <span class='ocrx_word' id='word_1_29' title='bbox 1532 801 1607 852; x_wconf 92' lang='lat' dir='ltr'>non</span> 
     </span>
     <span class='ocr_line' id='line_1_5' title="bbox 99 900 1609 1004; baseline -0.003 -27"><span class='ocrx_word' id='word_1_30' title='bbox 99 906 334 980; x_wconf 81' lang='lat' dir='ltr'>intendimus</span> <span class='ocrx_word' id='word_1_31' title='bbox 353 930 421 1003; x_wconf 89' lang='lat' dir='ltr'>per</span> <span class='ocrx_word' id='word_1_32' title='bbox 439 929 699 1004; x_wconf 90' lang='lat' dir='ltr'>quascumque</span> <span class='ocrx_word' id='word_1_33' title='bbox 727 906 841 979; x_wconf 88' lang='lat' dir='ltr'>etiam</span> <span class='ocrx_word' id='word_1_34' title='bbox 870 903 1118 978; x_wconf 87' lang='lat' dir='ltr'>individuales</span> <span class='ocrx_word' id='word_1_35' title='bbox 1146 903 1343 990; x_wconf 86' lang='lat' dir='ltr'>clausulas,</span> <span class='ocrx_word' id='word_1_36' title='bbox 1365 903 1478 977; x_wconf 90' lang='lat' dir='ltr'>etiam</span> <span class='ocrx_word' id='word_1_37' title='bbox 1499 900 1609 974; x_wconf 91' lang='lat' dir='ltr'>dero·</span> 
     </span>
    </p>

    <p class='ocr_par' dir='ltr' id='par_1_5' title="bbox 9 1028 1608 2502">
     <span class='ocr_line' id='line_1_6' title="bbox 9 1028 1608 1130; baseline -0.003 -26"><span class='ocrx_word' id='word_1_38' title='bbox 9 1085 10 1088; x_wconf 63' lang='lat'>,</span> <span class='ocrx_word' id='word_1_39' title='bbox 99 1030 339 1128; x_wconf 87' lang='lat' dir='ltr'>gatoriarum</span> <span class='ocrx_word' id='word_1_40' title='bbox 378 1031 657 1130; x_wconf 86' lang='lat' dir='ltr'>derogatorias;</span> <span class='ocrx_word' id='word_1_41' title='bbox 687 1054 833 1105; x_wconf 85' lang='lat' dir='ltr'>necnon</span> <span class='ocrx_word' id='word_1_42' title='bbox 859 1029 971 1104; x_wconf 91' lang='lat' dir='ltr'>etiam</span> <span class='ocrx_word' id='word_1_43' title='bbox 1002 1028 1342 1104; x_wconf 76' lang='lat' dir='ltr'>constitutionibus</span> <span class='ocrx_word' id='word_1_44' title='bbox 1371 1043 1500 1102; x_wconf 90' lang='lat' dir='ltr'>sancte</span> <span class='ocrx_word' id='word_1_45' title='bbox 1528 1051 1608 1100; x_wconf 93' lang='lat' dir='ltr'>me-</span> 
     </span>
     <span class='ocr_line' id='line_1_7' title="bbox 102 1133 1607 1253; baseline -0.003 -24"><span class='ocrx_word' id='word_1_46' title='bbox 102 1155 223 1230; x_wconf 68' lang='lat' dir='ltr'>none</span> <span class='ocrx_word' id='word_1_47' title='bbox 242 1157 418 1232; x_wconf 72' lang='lat' dir='ltr'>iohannis</span> <span class='ocrx_word' id='word_1_48' title='bbox 437 1155 558 1242; x_wconf 84' lang='lat' dir='ltr'>xxu,</span> <span class='ocrx_word' id='word_1_49' title='bbox 582 1133 776 1230; x_wconf 68' lang='lat' dir='ltr'>Benedicti</span> <span class='ocrx_word' id='word_1_50' title='bbox 804 1154 886 1240; x_wconf 85' lang='lat' dir='ltr'>xu,</span> <span class='ocrx_word' id='word_1_51' title='bbox 917 1153 1093 1253; x_wconf 82' lang='lat' dir='ltr'>Gregorii</span> <span class='ocrx_word' id='word_1_52' title='bbox 1117 1153 1172 1226; x_wconf 84' lang='lat' dir='ltr'>xi</span> <span class='ocrx_word' id='word_1_53' title='bbox 1200 1169 1239 1227; x_wconf 73' lang='lat' dir='ltr'>et</span> <span class='ocrx_word' id='word_1_54' title='bbox 1267 1152 1419 1225; x_wconf 67' lang='lat' dir='ltr'>Martini</span> <span class='ocrx_word' id='word_1_55' title='bbox 1448 1151 1482 1222; x_wconf 87' lang='lat' dir='ltr'>v</span> <span class='ocrx_word' id='word_1_56' title='bbox 1510 1175 1607 1248; x_wconf 77' lang='lat' dir='ltr'>quas</span> 
     </span>
     <span class='ocr_line' id='line_1_8' title="bbox 111 1277 1608 1376; baseline -0.003 -23"><span class='ocrx_word' id='word_1_57' title='bbox 111 1281 147 1354; x_wconf 91' lang='lat' dir='ltr'>in</span> <span class='ocrx_word' id='word_1_58' title='bbox 178 1305 250 1354; x_wconf 92' lang='lat' dir='ltr'>suo</span> <span class='ocrx_word' id='word_1_59' title='bbox 284 1282 421 1355; x_wconf 87' lang='lat' dir='ltr'>robore</span> <span class='ocrx_word' id='word_1_60' title='bbox 456 1296 496 1354; x_wconf 91' lang='lat' dir='ltr'>et</span> <span class='ocrx_word' id='word_1_61' title='bbox 528 1279 789 1355; x_wconf 87' lang='lat' dir='ltr'>inviolabiliter</span> <span class='ocrx_word' id='word_1_62' title='bbox 829 1281 927 1354; x_wconf 90' lang='lat' dir='ltr'>circa</span> <span class='ocrx_word' id='word_1_63' title='bbox 968 1277 1149 1376; x_wconf 90' lang='lat' dir='ltr'>requisita</span> <span class='ocrx_word' id='word_1_64' title='bbox 1189 1293 1229 1351; x_wconf 91' lang='lat' dir='ltr'>et</span> <span class='ocrx_word' id='word_1_65' title='bbox 1264 1277 1502 1351; x_wconf 89' lang='lat' dir='ltr'>observanda</span> <span class='ocrx_word' id='word_1_66' title='bbox 1538 1299 1608 1371; x_wconf 90' lang='lat' dir='ltr'>pro</span> 
     </span>
     <span class='ocr_line' id='line_1_9' title="bbox 102 1399 1608 1495; baseline -0.003 -17"><span class='ocrx_word' id='word_1_67' title='bbox 102 1404 354 1480; x_wconf 84' lang='lat' dir='ltr'>Auditoribus</span> <span class='ocrx_word' id='word_1_68' title='bbox 389 1405 632 1479; x_wconf 83' lang='lat' dir='ltr'>admittendis</span> <span class='ocrx_word' id='word_1_69' title='bbox 660 1405 854 1479; x_wconf 89' lang='lat' dir='ltr'>observari</span> <span class='ocrx_word' id='word_1_70' title='bbox 882 1402 1081 1478; x_wconf 79' lang='lat' dir='ltr'>nolumus.¹</span> <span class='ocrx_word' id='word_1_71' title='bbox 1098 1400 1213 1495; x_wconf 83' lang='lat' dir='ltr'>Quod</span> <span class='ocrx_word' id='word_1_72' title='bbox 1243 1401 1274 1476; x_wconf 91' lang='lat' dir='ltr'>si</span> <span class='ocrx_word' id='word_1_73' title='bbox 1302 1427 1413 1476; x_wconf 91' lang='lat' dir='ltr'>secus</span> <span class='ocrx_word' id='word_1_74' title='bbox 1440 1425 1463 1474; x_wconf 88' lang='lat' dir='ltr'>a</span> <span class='ocrx_word' id='word_1_75' title='bbox 1499 1399 1608 1474; x_wconf 89' lang='lat' dir='ltr'>nobis</span> 
     </span>
     <span class='ocr_line' id='line_1_10' title="bbox 102 1525 1605 1627; baseline -0.002 -24"><span class='ocrx_word' id='word_1_76' title='bbox 102 1533 139 1603; x_wconf 89' lang='lat' dir='ltr'>in</span> <span class='ocrx_word' id='word_1_77' title='bbox 168 1531 391 1627; x_wconf 89' lang='lat' dir='ltr'>preteritum</span> <span class='ocrx_word' id='word_1_78' title='bbox 418 1529 477 1602; x_wconf 86' lang='lat' dir='ltr'>vel</span> <span class='ocrx_word' id='word_1_79' title='bbox 509 1529 546 1602; x_wconf 93' lang='lat' dir='ltr'>in</span> <span class='ocrx_word' id='word_1_80' title='bbox 573 1528 739 1604; x_wconf 84' lang='lat' dir='ltr'>futurum</span> <span class='ocrx_word' id='word_1_81' title='bbox 767 1528 894 1604; x_wconf 88' lang='lat' dir='ltr'>lorsan</span> <span class='ocrx_word' id='word_1_82' title='bbox 926 1528 1036 1601; x_wconf 84' lang='lat' dir='ltr'>fuerit</span> <span class='ocrx_word' id='word_1_83' title='bbox 1068 1529 1264 1602; x_wconf 92' lang='lat' dir='ltr'>obtentum</span> <span class='ocrx_word' id='word_1_84' title='bbox 1294 1549 1449 1622; x_wconf 90' lang='lat' dir='ltr'>quoquo</span> <span class='ocrx_word' id='word_1_85' title='bbox 1477 1525 1605 1608; x_wconf 91' lang='lat' dir='ltr'>modo,</span> 
     </span>
     <span class='ocr_line' id='line_1_11' title="bbox 101 1652 1607 1748; baseline -0.004 -20"><span class='ocrx_word' id='word_1_86' title='bbox 101 1655 218 1728; x_wconf 88' lang='lat' dir='ltr'>etiam</span> <span class='ocrx_word' id='word_1_87' title='bbox 254 1669 359 1729; x_wconf 91' lang='lat' dir='ltr'>motu</span> <span class='ocrx_word' id='word_1_88' title='bbox 402 1671 442 1729; x_wconf 90' lang='lat' dir='ltr'>et</span> <span class='ocrx_word' id='word_1_89' title='bbox 479 1654 633 1728; x_wconf 88' lang='lat' dir='ltr'>scientia</span> <span class='ocrx_word' id='word_1_90' title='bbox 674 1652 937 1740; x_wconf 88' lang='lat' dir='ltr'>consimilibus,</span> <span class='ocrx_word' id='word_1_91' title='bbox 982 1677 1031 1726; x_wconf 89' lang='lat' dir='ltr'>ex</span> <span class='ocrx_word' id='word_1_92' title='bbox 1066 1675 1163 1726; x_wconf 92' lang='lat' dir='ltr'>nunc</span> <span class='ocrx_word' id='word_1_93' title='bbox 1200 1668 1328 1748; x_wconf 91' lang='lat' dir='ltr'>preter</span> <span class='ocrx_word' id='word_1_94' title='bbox 1364 1665 1529 1725; x_wconf 86' lang='lat' dir='ltr'>mentem</span> <span class='ocrx_word' id='word_1_95' title='bbox 1566 1665 1607 1724; x_wconf 90' lang='lat' dir='ltr'>et</span> 
     </span>
     <span class='ocr_line' id='line_1_12' title="bbox 100 1772 1606 1871; baseline -0.004 -20"><span class='ocrx_word' id='word_1_96' title='bbox 100 1779 334 1854; x_wconf 89' lang='lat' dir='ltr'>voluntatem</span> <span class='ocrx_word' id='word_1_97' title='bbox 363 1793 512 1854; x_wconf 88' lang='lat' dir='ltr'>nostras</span> <span class='ocrx_word' id='word_1_98' title='bbox 539 1801 738 1852; x_wconf 86' lang='lat' dir='ltr'>emanasse</span> <span class='ocrx_word' id='word_1_99' title='bbox 757 1775 1001 1852; x_wconf 88' lang='lat' dir='ltr'>declaramus.</span> <span class='ocrx_word' id='word_1_100' title='bbox 1024 1776 1245 1851; x_wconf 88' lang='lat' dir='ltr'>Statuentes</span> <span class='ocrx_word' id='word_1_101' title='bbox 1272 1776 1386 1850; x_wconf 90' lang='lat' dir='ltr'>etiam</span> <span class='ocrx_word' id='word_1_102' title='bbox 1413 1775 1518 1871; x_wconf 89' lang='lat' dir='ltr'>quod</span> <span class='ocrx_word' id='word_1_103' title='bbox 1537 1772 1606 1847; x_wconf 93' lang='lat' dir='ltr'>soli</span> 
     </span>
     <span class='ocr_line' id='line_1_13' title="bbox 101 1898 1606 2003; baseline -0.004 -25"><span class='ocrx_word' id='word_1_104' title='bbox 101 1905 336 2002; x_wconf 80' lang='lat' dir='ltr'>infrascripte</span> <span class='ocrx_word' id='word_1_105' title='bbox 364 1905 559 2003; x_wconf 88' lang='lat' dir='ltr'>signature</span> <span class='ocrx_word' id='word_1_106' title='bbox 586 1917 715 1978; x_wconf 87' lang='lat' dir='ltr'>nostre</span> <span class='ocrx_word' id='word_1_107' title='bbox 742 1901 910 2000; x_wconf 88' lang='lat' dir='ltr'>plenaria</span> <span class='ocrx_word' id='word_1_108' title='bbox 937 1901 1032 1976; x_wconf 88' lang='lat' dir='ltr'>fides</span> <span class='ocrx_word' id='word_1_109' title='bbox 1059 1899 1282 1974; x_wconf 87' lang='lat' dir='ltr'>adhibeatur</span> <span class='ocrx_word' id='word_1_110' title='bbox 1301 1900 1457 1997; x_wconf 88' lang='lat' dir='ltr'>solaque</span> <span class='ocrx_word' id='word_1_111' title='bbox 1485 1898 1606 1996; x_wconf 89' lang='lat' dir='ltr'>signa·</span> 
     </span>
     <span class='ocr_line' id='line_1_14' title="bbox 102 2011 1608 2126; baseline -0.005 -22"><span class='ocrx_word' id='word_1_112' title='bbox 102 2047 188 2104; x_wconf 88' lang='lat' dir='ltr'>tura</span> <span class='ocrx_word' id='word_1_113' title='bbox 208 2029 368 2104; x_wconf 84' lang='lat' dir='ltr'>sufficiat</span> <span class='ocrx_word' id='word_1_114' title='bbox 386 2031 533 2126; x_wconf 85' lang='lat' dir='ltr'>absque</span> <span class='ocrx_word' id='word_1_115' title='bbox 561 2027 770 2124; x_wconf 87' lang='lat' dir='ltr'>aliquarum</span> <span class='ocrx_word' id='word_1_116' title='bbox 799 2026 1031 2102; x_wconf 82' lang='lat' dir='ltr'>confectione</span> <span class='ocrx_word' id='word_1_117' title='bbox 1058 2024 1279 2100; x_wconf 90' lang='lat' dir='ltr'>litterarum.</span> <span class='ocrx_word' id='word_1_118' title='bbox 1310 2011 1353 2098; x_wconf 85' lang='lat' dir='ltr'>ln¹</span> <span class='ocrx_word' id='word_1_119' title='bbox 1379 2023 1608 2098; x_wconf 88' lang='lat' dir='ltr'>contrarium</span> 
     </span>
     <span class='ocr_line' id='line_1_15' title="bbox 103 2148 1607 2250; baseline -0.005 -23"><span class='ocrx_word' id='word_1_120' title='bbox 103 2155 326 2229; x_wconf 88' lang='lat' dir='ltr'>facientibus</span> <span class='ocrx_word' id='word_1_121' title='bbox 355 2152 670 2229; x_wconf 88' lang='lat' dir='ltr'>nonobstantibus</span> <span class='ocrx_word' id='word_1_122' title='bbox 706 2152 1020 2250; x_wconf 89' lang='lat' dir='ltr'>quibuscumque.</span> <span class='ocrx_word' id='word_1_123' title='bbox 1058 2151 1190 2224; x_wconf 83' lang='lat' dir='ltr'>Placet</span> <span class='ocrx_word' id='word_1_124' title='bbox 1223 2159 1259 2223; x_wconf 83' lang='lat' dir='ltr'>et</span> <span class='ocrx_word' id='word_1_125' title='bbox 1289 2149 1343 2222; x_wconf 81' lang='lat' dir='ltr'>ita</span> <span class='ocrx_word' id='word_1_126' title='bbox 1375 2148 1607 2232; x_wconf 76' lang='lat' dir='ltr'>mandamus,</span> 
     </span>
     <span class='ocr_line' id='line_1_16' title="bbox 102 2275 1608 2378; baseline -0.005 -25"><span class='ocrx_word' id='word_1_127' title='bbox 102 2289 202 2354; x_wconf 83' lang='lat' dir='ltr'>motu</span> <span class='ocrx_word' id='word_1_128' title='bbox 221 2279 393 2378; x_wconf 75' lang='lat' dir='ltr'>proprio.</span> <span class='ocrx_word' id='word_1_129' title='bbox 424 2277 469 2352; x_wconf 89' lang='lat' dir='ltr'>F.</span> <span class='ocrx_word' id='word_1_130' title='bbox 499 2275 645 2351; x_wconf 83' lang='lat' dir='ltr'>Datum</span> <span class='ocrx_word' id='word_1_131' title='bbox 672 2277 778 2377; x_wconf 77' lang='lat' dir='ltr'>apud</span> <span class='ocrx_word' id='word_1_132' title='bbox 801 2281 901 2352; x_wconf 65' lang='lat' dir='ltr'>sctrir.</span> <span class='ocrx_word' id='word_1_133' title='bbox 932 2276 1087 2349; x_wconf 79' lang='lat' dir='ltr'>Petrum</span> <span class='ocrx_word' id='word_1_134' title='bbox 1114 2301 1212 2349; x_wconf 86' lang='lat' dir='ltr'>anno</span> <span class='ocrx_word' id='word_1_135' title='bbox 1232 2275 1472 2374; x_wconf 80' lang='lat' dir='ltr'>pontificatus</span> <span class='ocrx_word' id='word_1_136' title='bbox 1490 2282 1608 2347; x_wconf 83' lang='lat' dir='ltr'>nostrz</span> 
     </span>
     <span class='ocr_line' id='line_1_17' title="bbox 97 2401 866 2502; baseline 0.001 -25"><span class='ocrx_word' id='word_1_137' title='bbox 97 2406 236 2502; x_wconf 68' lang='lat' dir='ltr'>pn&#39;srw,</span> <span class='ocrx_word' id='word_1_138' title='bbox 266 2403 326 2478; x_wconf 82' lang='lat' dir='ltr'>die</span> <span class='ocrx_word' id='word_1_139' title='bbox 354 2426 401 2498; x_wconf 80' lang='lat'>13</span> <span class='ocrx_word' id='word_1_140' title='bbox 428 2403 625 2478; x_wconf 74' lang='lat' dir='ltr'>decembris</span> <span class='ocrx_word' id='word_1_141' title='bbox 651 2423 757 2498; x_wconf 78' lang='lat'><em>1471.</em></span> <span class='ocrx_word' id='word_1_142' title='bbox 787 2401 831 2478; x_wconf 89' lang='lat' dir='ltr'>F.</span> <span class='ocrx_word' id='word_1_143' title='bbox 862 2412 866 2419; x_wconf 85' lang='lat'>&#39;</span> 
     </span>
    </p>
   </div>
   <div class='ocr_carea' id='block_1_3' title="bbox 816 2775 902 2854">
    <p class='ocr_par' dir='ltr' id='par_1_6' title="bbox 816 2775 902 2854">
     <span class='ocr_line' id='line_1_18' title="bbox 816 2775 902 2854; baseline 0.023 -2"><span class='ocrx_word' id='word_1_144' title='bbox 816 2775 902 2854; x_wconf 86' lang='lat'>111.</span> 
     </span>
    </p>
   </div>
   <div class='ocr_carea' id='block_1_4' title="bbox 101 2950 1606 3290">
    <p class='ocr_par' dir='ltr' id='par_1_7' title="bbox 101 2950 1606 3290">
     <span class='ocr_line' id='line_1_19' title="bbox 101 2950 1605 3056; baseline -0.004 -25"><span class='ocrx_word' id='word_1_145' title='bbox 101 2956 210 3031; x_wconf 81' lang='lat' dir='ltr'>Sixtt‘</span> <span class='ocrx_word' id='word_1_146' title='bbox 234 2956 265 3029; x_wconf 90' lang='lat' dir='ltr'><em>I</em></span> <span class='ocrx_word' id='word_1_147' title='bbox 267 2957 305 3030; x_wconf 91' lang='lat' dir='ltr'><em>V</em></span> <span class='ocrx_word' id='word_1_148' title='bbox 323 2955 513 3030; x_wconf 72' lang='lat' dir='ltr'>ordinatio</span> <span class='ocrx_word' id='word_1_149' title='bbox 539 2981 614 3056; x_wconf 84' lang='lat' dir='ltr'>quo</span> <span class='ocrx_word' id='word_1_150' title='bbox 656 2955 799 3029; x_wconf 82' lang='lat' dir='ltr'>reducit</span> <span class='ocrx_word' id='word_1_151' title='bbox 818 2954 1057 3056; x_wconf 16' lang='lat' dir='ltr'>&#39;Auditorum</span> <span class='ocrx_word' id='word_1_152' title='bbox 1093 2978 1289 3027; x_wconf 78' lang='lat' dir='ltr'>numerum</span> <span class='ocrx_word' id='word_1_153' title='bbox 1321 2950 1377 3025; x_wconf 85' lang='lat' dir='ltr'>ad</span> <span class='ocrx_word' id='word_1_154' title='bbox 1406 2951 1605 3037; x_wconf 67' lang='lat' dir='ltr'>duodecem,</span> 
     </span>
     <span class='ocr_line' id='line_1_20' title="bbox 183 3075 1606 3180; baseline -0.004 -25"><span class='ocrx_word' id='word_1_155' title='bbox 183 3105 380 3180; x_wconf 79' lang='lat' dir='ltr'>torumque</span> <span class='ocrx_word' id='word_1_156' title='bbox 407 3081 654 3154; x_wconf 84' lang='lat' dir='ltr'>tantummodo</span> <span class='ocrx_word' id='word_1_157' title='bbox 676 3080 932 3154; x_wconf 81' lang='lat' dir='ltr'>admisrr&#39;omm</span> <span class='ocrx_word' id='word_1_158' title='bbox 952 3079 1051 3176; x_wconf 82' lang='lat' dir='ltr'>ficri</span> <span class='ocrx_word' id='word_1_159' title='bbox 1071 3089 1185 3176; x_wconf 80' lang='lat' dir='ltr'>posse,</span> <span class='ocrx_word' id='word_1_160' title='bbox 1198 3087 1393 3176; x_wconf 77' lang='lat' dir='ltr'>praesente</span> <span class='ocrx_word' id='word_1_161' title='bbox 1420 3078 1460 3150; x_wconf 83' lang='lat' dir='ltr'>in</span> <span class='ocrx_word' id='word_1_162' title='bbox 1489 3075 1606 3150; x_wconf 77' lang='lat' dir='ltr'>Currit</span> 
     </span>
     <span class='ocr_line' id='line_1_21' title="bbox 193 3203 988 3290; baseline -0.004 -8"><span class='ocrx_word' id='word_1_163' title='bbox 193 3204 503 3289; x_wconf 79' lang='lat' dir='ltr'>Vt&#39;cecanctllart&#39;o,</span> <span class='ocrx_word' id='word_1_164' title='bbox 531 3215 567 3278; x_wconf 80' lang='lat' dir='ltr'>et</span> <span class='ocrx_word' id='word_1_165' title='bbox 590 3231 662 3279; x_wconf 86' lang='lat' dir='ltr'>non</span> <span class='ocrx_word' id='word_1_166' title='bbox 689 3205 795 3290; x_wconf 80' lang='lat' dir='ltr'>alias,</span> <span class='ocrx_word' id='word_1_167' title='bbox 825 3203 988 3279; x_wconf 81' lang='lat' dir='ltr'>mandat.</span> 
     </span>
    </p>
   </div>
   <div class='ocr_carea' id='block_1_5' title="bbox 192 3377 1604 3645">
    <p class='ocr_par' dir='ltr' id='par_1_8' title="bbox 192 3377 1604 3645">
     <span class='ocr_line' id='line_1_22' title="bbox 192 3377 1024 3453; baseline -0.002 -15"><span class='ocrx_word' id='word_1_168' title='bbox 192 3380 305 3452; x_wconf 80' lang='lat' dir='ltr'>(Anca.</span> <span class='ocrx_word' id='word_1_169' title='bbox 323 3378 411 3452; x_wconf 76' lang='lat' dir='ltr'>Ron,</span> <span class='ocrx_word' id='word_1_170' title='bbox 434 3378 736 3452; x_wconf 73' lang='lat' dir='ltr'>«Ordinationes»,</span> <span class='ocrx_word' id='word_1_171' title='bbox 752 3384 839 3453; x_wconf 82' lang='lat' dir='ltr'>part.</span> <span class='ocrx_word' id='word_1_172' title='bbox 859 3379 886 3451; x_wconf 93' lang='lat' dir='ltr'>I,</span> <span class='ocrx_word' id='word_1_173' title='bbox 904 3396 937 3438; x_wconf 86' lang='lat' dir='ltr'>n.</span> <span class='ocrx_word' id='word_1_174' title='bbox 965 3377 1024 3448; x_wconf 87' lang='lat' dir='ltr'>Vl).</span> 
     </span>
     <span class='ocr_line' id='line_1_23' title="bbox 1215 3570 1604 3645; baseline 0.015 -17"><span class='ocrx_word' id='word_1_175' title='bbox 1215 3570 1294 3642; x_wconf 84' lang='grc'><strong>1472,</strong></span> <span class='ocrx_word' id='word_1_176' title='bbox 1313 3572 1390 3630; x_wconf 87' lang='lat' dir='ltr'>maii</span> <span class='ocrx_word' id='word_1_177' title='bbox 1411 3572 1453 3645; x_wconf 83' lang='grc'>14,</span> <span class='ocrx_word' id='word_1_178' title='bbox 1472 3571 1604 3636; x_wconf 89' lang='lat' dir='ltr'>Romae.</span> 
     </span>
    </p>
   </div>
   <div class='ocr_carea' id='block_1_6' title="bbox 103 3748 1607 5468">
    <p class='ocr_par' dir='ltr' id='par_1_9' title="bbox 103 3748 1607 5468">
     <span class='ocr_line' id='line_1_24' title="bbox 126 3748 1605 3850; baseline 0.005 -28"><span class='ocrx_word' id='word_1_179' title='bbox 126 3826 131 3843; x_wconf 62' lang='grc'>,</span> <span class='ocrx_word' id='word_1_180' title='bbox 184 3748 314 3823; x_wconf 88' lang='lat' dir='ltr'>Sixtus</span> <span class='ocrx_word' id='word_1_181' title='bbox 341 3749 552 3847; x_wconf 91' lang='lat' dir='ltr'>episcopus,</span> <span class='ocrx_word' id='word_1_182' title='bbox 574 3775 708 3826; x_wconf 87' lang='lat' dir='ltr'>servus</span> <span class='ocrx_word' id='word_1_183' title='bbox 728 3775 922 3826; x_wconf 90' lang='lat' dir='ltr'>servorum</span> <span class='ocrx_word' id='word_1_184' title='bbox 947 3751 1032 3828; x_wconf 90' lang='lat' dir='ltr'>Dei.</span> <span class='ocrx_word' id='word_1_185' title='bbox 1053 3754 1116 3827; x_wconf 85' lang='lat' dir='ltr'>Ad</span> <span class='ocrx_word' id='word_1_186' title='bbox 1136 3770 1359 3850; x_wconf 89' lang='lat' dir='ltr'>perpetuam</span> <span class='ocrx_word' id='word_1_187' title='bbox 1383 3756 1435 3830; x_wconf 86' lang='lat' dir='ltr'>rei</span> <span class='ocrx_word' id='word_1_188' title='bbox 1463 3780 1605 3830; x_wconf 87' lang='lat' dir='ltr'>merno-</span> 
     </span>
     <span class='ocr_line' id='line_1_25' title="bbox 104 3874 1604 3976; baseline 0.007 -30"><span class='ocrx_word' id='word_1_189' title='bbox 104 3875 207 3949; x_wconf 90' lang='lat' dir='ltr'>riam.</span> <span class='ocrx_word' id='word_1_190' title='bbox 230 3874 395 3948; x_wconf 79' lang='lat' dir='ltr'>Romani</span> <span class='ocrx_word' id='word_1_191' title='bbox 405 3874 598 3970; x_wconf 81' lang='lat' dir='ltr'>Ponttficis</span> <span class='ocrx_word' id='word_1_192' title='bbox 614 3875 796 3971; x_wconf 72' lang='lat' dir='ltr'>indeflssa</span> <span class='ocrx_word' id='word_1_193' title='bbox 813 3876 1107 3974; x_wconf 79' lang='lat' dir='ltr'>sollicitudoque</span> <span class='ocrx_word' id='word_1_194' title='bbox 1126 3877 1235 3952; x_wconf 93' lang='lat' dir='ltr'>nichil</span> <span class='ocrx_word' id='word_1_195' title='bbox 1254 3879 1411 3976; x_wconf 88' lang='lat' dir='ltr'>preterit</span> <span class='ocrx_word' id='word_1_196' title='bbox 1425 3879 1604 3956; x_wconf 91' lang='lat' dir='ltr'>inordina·</span> 
     </span>
     <span class='ocr_line' id='line_1_26' title="bbox 105 3997 1607 4101; baseline 0.005 -29"><span class='ocrx_word' id='word_1_197' title='bbox 105 4016 194 4084; x_wconf 92' lang='lat' dir='ltr'>tum,</span> <span class='ocrx_word' id='word_1_198' title='bbox 212 3998 282 4072; x_wconf 92' lang='lat' dir='ltr'>sed</span> <span class='ocrx_word' id='word_1_199' title='bbox 295 3999 420 4074; x_wconf 90' lang='lat' dir='ltr'>omnia</span> <span class='ocrx_word' id='word_1_200' title='bbox 435 4024 505 4088; x_wconf 91' lang='lat' dir='ltr'>suo</span> <span class='ocrx_word' id='word_1_201' title='bbox 519 3999 699 4097; x_wconf 88' lang='lat' dir='ltr'>pastorali</span> <span class='ocrx_word' id='word_1_202' title='bbox 713 3997 913 4076; x_wconf 88' lang='lat' dir='ltr'>commissa</span> <span class='ocrx_word' id='word_1_203' title='bbox 927 4001 1061 4090; x_wconf 85' lang='lat' dir='ltr'>officin,</span> <span class='ocrx_word' id='word_1_204' title='bbox 1079 4017 1194 4099; x_wconf 90' lang='lat' dir='ltr'>prout</span> <span class='ocrx_word' id='word_1_205' title='bbox 1206 4003 1243 4076; x_wconf 93' lang='lat' dir='ltr'>in</span> <span class='ocrx_word' id='word_1_206' title='bbox 1257 4004 1409 4078; x_wconf 93' lang='lat' dir='ltr'>domino</span> <span class='ocrx_word' id='word_1_207' title='bbox 1425 4005 1607 4101; x_wconf 89' lang='lat' dir='ltr'>conspicit</span> 
     </span>
     <span class='ocr_line' id='line_1_27' title="bbox 103 4123 1606 4223; baseline 0.004 -27"><span class='ocrx_word' id='word_1_208' title='bbox 103 4123 292 4218; x_wconf 84' lang='lat' dir='ltr'>expedire,</span> <span class='ocrx_word' id='word_1_209' title='bbox 323 4138 427 4198; x_wconf 90' lang='lat' dir='ltr'>certa</span> <span class='ocrx_word' id='word_1_210' title='bbox 454 4123 539 4223; x_wconf 86' lang='lat' dir='ltr'>lege</span> <span class='ocrx_word' id='word_1_211' title='bbox 570 4148 614 4197; x_wconf 90' lang='lat' dir='ltr'>ac</span> <span class='ocrx_word' id='word_1_212' title='bbox 637 4123 752 4200; x_wconf 91' lang='lat' dir='ltr'>limite</span> <span class='ocrx_word' id='word_1_213' title='bbox 780 4125 977 4211; x_wconf 90' lang='lat' dir='ltr'>concludit,</span> <span class='ocrx_word' id='word_1_214' title='bbox 1007 4126 1057 4201; x_wconf 91' lang='lat' dir='ltr'>ad</span> <span class='ocrx_word' id='word_1_215' title='bbox 1084 4151 1131 4202; x_wconf 88' lang='lat' dir='ltr'>ea</span> <span class='ocrx_word' id='word_1_216' title='bbox 1157 4129 1318 4203; x_wconf 86' lang='lat' dir='ltr'>maxime</span> <span class='ocrx_word' id='word_1_217' title='bbox 1343 4128 1606 4203; x_wconf 91' lang='lat' dir='ltr'>animadvertit</span> 
     </span>
     <span class='ocr_line' id='line_1_28' title="bbox 104 4246 1603 4347; baseline 0.005 -27"><span class='ocrx_word' id='word_1_218' title='bbox 104 4273 178 4344; x_wconf 90' lang='lat' dir='ltr'>que</span> <span class='ocrx_word' id='word_1_219' title='bbox 208 4249 266 4322; x_wconf 92' lang='lat' dir='ltr'>sui</span> <span class='ocrx_word' id='word_1_220' title='bbox 293 4246 492 4345; x_wconf 88' lang='lat' dir='ltr'>apostolici</span> <span class='ocrx_word' id='word_1_221' title='bbox 519 4248 646 4344; x_wconf 90' lang='lat' dir='ltr'>palatii</span> <span class='ocrx_word' id='word_1_222' title='bbox 682 4250 929 4324; x_wconf 87' lang='lat' dir='ltr'>domesticam</span> <span class='ocrx_word' id='word_1_223' title='bbox 956 4251 1161 4347; x_wconf 88' lang='lat' dir='ltr'>respiciunt</span> <span class='ocrx_word' id='word_1_224' title='bbox 1194 4269 1444 4337; x_wconf 87' lang='lat' dir='ltr'>venustatem,</span> <span class='ocrx_word' id='word_1_225' title='bbox 1474 4253 1603 4328; x_wconf 90' lang='lat' dir='ltr'>admo-</span> 
     </span>
     <span class='ocr_line' id='line_1_29' title="bbox 106 4355 1604 4472; baseline 0.003 -26"><span class='ocrx_word' id='word_1_226' title='bbox 106 4387 218 4448; x_wconf 91' lang='lat' dir='ltr'>nente</span> <span class='ocrx_word' id='word_1_227' title='bbox 247 4372 455 4469; x_wconf 89' lang='lat' dir='ltr'>Propheta:</span> <span class='ocrx_word' id='word_1_228' title='bbox 484 4372 644 4448; x_wconf 79' lang='lat' dir='ltr'>Domine</span> <span class='ocrx_word' id='word_1_229' title='bbox 670 4373 791 4448; x_wconf 75' lang='lat' dir='ltr'>dtlexi</span> <span class='ocrx_word' id='word_1_230' title='bbox 817 4375 980 4450; x_wconf 77' lang='lat' dir='ltr'>decorem</span> <span class='ocrx_word' id='word_1_231' title='bbox 1015 4355 1239 4452; x_wconf 69' lang='lat' dir='ltr'>domaretur.</span> <span class='ocrx_word' id='word_1_232' title='bbox 1275 4377 1373 4450; x_wconf 92' lang='lat' dir='ltr'>Hinc</span> <span class='ocrx_word' id='word_1_233' title='bbox 1407 4393 1467 4451; x_wconf 89' lang='lat' dir='ltr'>est</span> <span class='ocrx_word' id='word_1_234' title='bbox 1500 4377 1604 4472; x_wconf 90' lang='lat' dir='ltr'>quod</span> 
     </span>
     <span class='ocr_line' id='line_1_30' title="bbox 105 4497 1606 4598; baseline 0.005 -28"><span class='ocrx_word' id='word_1_235' title='bbox 105 4497 135 4570; x_wconf 92' lang='lat' dir='ltr'>si</span> <span class='ocrx_word' id='word_1_236' title='bbox 162 4497 384 4572; x_wconf 91' lang='lat' dir='ltr'>dilectorum</span> <span class='ocrx_word' id='word_1_237' title='bbox 411 4497 571 4572; x_wconf 89' lang='lat' dir='ltr'>filiorum</span> <span class='ocrx_word' id='word_1_238' title='bbox 598 4497 768 4572; x_wconf 92' lang='lat' dir='ltr'>eiusdem</span> <span class='ocrx_word' id='word_1_239' title='bbox 797 4499 925 4595; x_wconf 86' lang='lat' dir='ltr'>palatii</span> <span class='ocrx_word' id='word_1_240' title='bbox 953 4524 1151 4575; x_wconf 90' lang='lat' dir='ltr'>causarum</span> <span class='ocrx_word' id='word_1_241' title='bbox 1170 4501 1397 4576; x_wconf 87' lang='lat' dir='ltr'>Auditorum</span> <span class='ocrx_word' id='word_1_242' title='bbox 1419 4503 1606 4598; x_wconf 87' lang='lat' dir='ltr'>peculiare</span> 
     </span>
     <span class='ocr_line' id='line_1_31' title="bbox 106 4621 1607 4722; baseline 0.002 -25"><span class='ocrx_word' id='word_1_243' title='bbox 106 4621 328 4721; x_wconf 85' lang='lat' dir='ltr'>Collegium,</span> <span class='ocrx_word' id='word_1_244' title='bbox 349 4622 519 4698; x_wconf 91' lang='lat' dir='ltr'>doctrina</span> <span class='ocrx_word' id='word_1_245' title='bbox 546 4638 586 4697; x_wconf 90' lang='lat' dir='ltr'>et</span> <span class='ocrx_word' id='word_1_246' title='bbox 617 4623 833 4722; x_wconf 89' lang='lat' dir='ltr'>integritate</span> <span class='ocrx_word' id='word_1_247' title='bbox 861 4627 996 4700; x_wconf 87' lang='lat' dir='ltr'>ceteris</span> <span class='ocrx_word' id='word_1_248' title='bbox 1024 4640 1211 4721; x_wconf 88' lang='lat' dir='ltr'>prestans,</span> <span class='ocrx_word' id='word_1_249' title='bbox 1242 4641 1344 4700; x_wconf 90' lang='lat' dir='ltr'>certo</span> <span class='ocrx_word' id='word_1_250' title='bbox 1368 4625 1607 4700; x_wconf 88' lang='lat' dir='ltr'>clauderetur</span> 
     </span>
     <span class='ocr_line' id='line_1_32' title="bbox 105 4747 1605 4850; baseline 0.003 -30"><span class='ocrx_word' id='word_1_251' title='bbox 105 4771 259 4820; x_wconf 90' lang='lat' dir='ltr'>numero</span> <span class='ocrx_word' id='word_1_252' title='bbox 286 4771 543 4844; x_wconf 90' lang='lat' dir='ltr'>personarum,</span> <span class='ocrx_word' id='word_1_253' title='bbox 564 4747 694 4822; x_wconf 92' lang='lat' dir='ltr'>maiori</span> <span class='ocrx_word' id='word_1_254' title='bbox 720 4750 858 4824; x_wconf 88' lang='lat' dir='ltr'>decore</span> <span class='ocrx_word' id='word_1_255' title='bbox 884 4747 1057 4848; x_wconf 83' lang='lat' dir='ltr'>fulgeret,</span> <span class='ocrx_word' id='word_1_256' title='bbox 1083 4750 1358 4824; x_wconf 88' lang='lat' dir='ltr'>minorarentur</span> <span class='ocrx_word' id='word_1_257' title='bbox 1375 4749 1605 4850; x_wconf 87' lang='lat' dir='ltr'>litigatorum</span> 
     </span>
     <span class='ocr_line' id='line_1_33' title="bbox 106 4871 1605 4973; baseline 0.001 -27"><span class='ocrx_word' id='word_1_258' title='bbox 106 4871 311 4969; x_wconf 91' lang='lat' dir='ltr'>dispendia,</span> <span class='ocrx_word' id='word_1_259' title='bbox 350 4871 570 4969; x_wconf 79' lang='lat' dir='ltr'>faciliorque</span> <span class='ocrx_word' id='word_1_260' title='bbox 598 4873 695 4948; x_wconf 89' lang='lat' dir='ltr'>soret</span> <span class='ocrx_word' id='word_1_261' title='bbox 722 4875 845 4947; x_wconf 88' lang='lat' dir='ltr'>exitus</span> <span class='ocrx_word' id='word_1_262' title='bbox 880 4898 1088 4963; x_wconf 90' lang='lat' dir='ltr'>causarum,</span> <span class='ocrx_word' id='word_1_263' title='bbox 1126 4874 1207 4950; x_wconf 88' lang='lat' dir='ltr'>Nos</span> <span class='ocrx_word' id='word_1_264' title='bbox 1241 4875 1355 4973; x_wconf 90' lang='lat' dir='ltr'>igitur</span> <span class='ocrx_word' id='word_1_265' title='bbox 1392 4875 1457 4970; x_wconf 91' lang='lat' dir='ltr'>qui</span> <span class='ocrx_word' id='word_1_266' title='bbox 1490 4876 1605 4952; x_wconf 88' lang='lat' dir='ltr'>etiarn</span> 
     </span>
     <span class='ocr_line' id='line_1_34' title="bbox 106 4995 1606 5097; baseline 0.001 -27"><span class='ocrx_word' id='word_1_267' title='bbox 106 4995 340 5072; x_wconf 90' lang='lat' dir='ltr'>multitudine</span> <span class='ocrx_word' id='word_1_268' title='bbox 368 4997 624 5072; x_wconf 78' lang='lat' dir='ltr'>confusionem</span> <span class='ocrx_word' id='word_1_269' title='bbox 653 4998 813 5073; x_wconf 89' lang='lat' dir='ltr'>suboriri</span> <span class='ocrx_word' id='word_1_270' title='bbox 841 4998 1036 5073; x_wconf 90' lang='lat' dir='ltr'>didicimus</span> <span class='ocrx_word' id='word_1_271' title='bbox 1064 5023 1149 5072; x_wconf 88' lang='lat' dir='ltr'>curn</span> <span class='ocrx_word' id='word_1_272' title='bbox 1168 4999 1412 5097; x_wconf 87' lang='lat' dir='ltr'>Evangelista</span> <span class='ocrx_word' id='word_1_273' title='bbox 1430 4999 1511 5073; x_wconf 77' lang='lat' dir='ltr'>vidi</span> <span class='ocrx_word' id='word_1_274' title='bbox 1525 5007 1606 5072; x_wconf 85' lang='lat' dir='ltr'>tur·</span> 
     </span>
     <span class='ocr_line' id='line_1_35' title="bbox 105 5119 1606 5220; baseline 0.002 -27"><span class='ocrx_word' id='word_1_275' title='bbox 105 5119 182 5194; x_wconf 84' lang='lat' dir='ltr'>bam</span> <span class='ocrx_word' id='word_1_276' title='bbox 210 5145 397 5216; x_wconf 79' lang='lat' dir='ltr'>magnam,</span> <span class='ocrx_word' id='word_1_277' title='bbox 423 5145 467 5195; x_wconf 91' lang='lat' dir='ltr'>ac</span> <span class='ocrx_word' id='word_1_278' title='bbox 494 5120 651 5217; x_wconf 91' lang='lat' dir='ltr'>provide</span> <span class='ocrx_word' id='word_1_279' title='bbox 679 5122 931 5208; x_wconf 89' lang='lat' dir='ltr'>attendentes,</span> <span class='ocrx_word' id='word_1_280' title='bbox 952 5147 1102 5198; x_wconf 93' lang='lat' dir='ltr'>omnem</span> <span class='ocrx_word' id='word_1_281' title='bbox 1121 5123 1209 5199; x_wconf 90' lang='lat' dir='ltr'>dicti</span> <span class='ocrx_word' id='word_1_282' title='bbox 1238 5121 1397 5220; x_wconf 89' lang='lat' dir='ltr'>Collegii</span> <span class='ocrx_word' id='word_1_283' title='bbox 1424 5139 1463 5196; x_wconf 90' lang='lat' dir='ltr'>et</span> <span class='ocrx_word' id='word_1_284' title='bbox 1490 5123 1606 5197; x_wconf 84' lang='lat' dir='ltr'>Audi-</span> 
     </span>
     <span class='ocr_line' id='line_1_36' title="bbox 107 5245 1606 5343; baseline 0.003 -25"><span class='ocrx_word' id='word_1_285' title='bbox 107 5245 185 5320; x_wconf 90' lang='lat' dir='ltr'>torii</span> <span class='ocrx_word' id='word_1_286' title='bbox 222 5246 342 5320; x_wconf 90' lang='lat' dir='ltr'>nostri</span> <span class='ocrx_word' id='word_1_287' title='bbox 377 5245 675 5320; x_wconf 89' lang='lat' dir='ltr'>moderationem</span> <span class='ocrx_word' id='word_1_288' title='bbox 712 5263 830 5343; x_wconf 89' lang='lat' dir='ltr'>atque</span> <span class='ocrx_word' id='word_1_289' title='bbox 860 5263 1036 5322; x_wconf 90' lang='lat' dir='ltr'>ornatum</span> <span class='ocrx_word' id='word_1_290' title='bbox 1072 5248 1121 5322; x_wconf 86' lang='lat' dir='ltr'>ad</span> <span class='ocrx_word' id='word_1_291' title='bbox 1163 5263 1292 5321; x_wconf 91' lang='lat' dir='ltr'>nostre</span> <span class='ocrx_word' id='word_1_292' title='bbox 1334 5261 1462 5322; x_wconf 87' lang='lat' dir='ltr'>sancte</span> <span class='ocrx_word' id='word_1_293' title='bbox 1504 5248 1606 5323; x_wconf 88' lang='lat' dir='ltr'>sedis</span> 
     </span>
     <span class='ocr_line' id='line_1_37' title="bbox 106 5369 713 5468; baseline 0.002 -25"><span class='ocrx_word' id='word_1_294' title='bbox 106 5370 310 5466; x_wconf 89' lang='lat' dir='ltr'>apostolice</span> <span class='ocrx_word' id='word_1_295' title='bbox 338 5369 496 5468; x_wconf 86' lang='lat' dir='ltr'>gloriam</span> <span class='ocrx_word' id='word_1_296' title='bbox 533 5369 713 5458; x_wconf 83' lang='lat' dir='ltr'>conferre,</span> 
     </span>
    </p>
   </div>
   <div class='ocr_carea' id='block_1_7' title="bbox 0 0 1870 5914">
    <p class='ocr_par' dir='ltr' id='par_1_10' title="bbox 0 0 1870 5914">
     <span class='ocr_line' id='line_1_38' title="bbox 0 0 1870 5914; baseline 0 0"><span class='ocrx_word' id='word_1_297' title='bbox 0 0 1870 5914; x_wconf 95' lang='lat' dir='ltr'> </span> 
     </span>
    </p>
   </div>
  </div>
 </body>
</html>
