3748 5914
242 269 299 330 328
868 273 1005 332 soeculo
1023 271 1132 333 XVII

324 460 395 535 Pro
422 461 592 557 quolibet
628 462 715 536 lolio
752 463 944 558 copiarum
981 463 1099 536 instar
1126 465 1212 537 boni
1246 463 1449 561 originalis,
1480 465 1566 538 bon.
1598 479 1748 560 septem

242 611 326 660 cum
357 587 521 661 dimidio.

324 711 396 785 Pro
424 711 655 786 rubricatura
683 710 880 788 cuiuslibet
907 713 1112 786 centenarii
1138 713 1310 788 loliorum
1343 737 1546 810 processus
1575 714 1623 787 de
1660 738 1749 810 par·
1857 773 1858 776 ,

241 835 340 909 tibus
354 836 453 910 sacta
471 836 574 910 iuxta
588 838 890 912 reformationem
906 837 1139 946 Sanctissirpi
1154 839 1225 912 sub
1243 839 1296 914 tit.
1317 838 1361 910 dc
1375 837 1574 934 Registrzs,
1592 839 1749 934 §rubri-

243 961 336 1048 calle,
369 971 404 1035 ct
437 963 455 1058 ᾖ
490 987 692 1058 processus
727 963 776 1036 de
812 963 983 1058 partibus
1010 972 1045 1036 ct
1074 965 1092 1060 ξ
1120 964 1279 1036 Notarr'i
1309 965 1438 1051 Rotae,
1473 963 1533 1036 iul,
1572 963 1750 1062 vinginti-

243 1085 420 1181 quinque.

323 1211 396 1284 Pro
424 1213 656 1286 rubricatura
684 1212 838 1286 testium
867 1212 914 1286 de
942 1213 1124 1308 partibuS,
1155 1237 1224 1308 pro
1252 1211 1465 1288 medietate.

324 1335 374 1408 Et
401 1337 500 1411 idem
520 1337 689 1410 solvatur
707 1336 755 1410 de
774 1338 1016 1434 processibus
1044 1362 1112 1434 per
1140 1335 1252 1410 alium
1280 1359 1394 1432 quam
1414 1337 1599 1412 notarium
1627 1339 1747 1412 rubri-

242 1459 336 1532 catis
353 1459 390 1532 in
411 1459 534 1540 Curia.
556 1462 625 1534 nisi
644 1461 746 1557 quod
765 1461 975 1535 deducatur
992 1461 1041 1534 ad
1060 1460 1226 1535 savorem
1250 1461 1369 1556 partis
1389 1477 1534 1535 tantum
1562 1479 1744 1558 quantum

242 1584 417 1659 solvisset
445 1601 580 1660 causae
609 1588 777 1683 copistae
805 1587 1016 1662 rubricanti.

325 1711 386 1783 De
413 1710 493 1784 aliis
519 1735 610 1785 vero
637 1712 878 1808 processibus
897 1711 1092 1786 rubricatis
1112 1711 1148 1785 in
1175 1711 1358 1808 partibus,
1379 1714 1414 1786 in
1441 1738 1602 1809 quorum
1627 1714 1747 1788 rubri-

241 1850 370 1910 catura
398 1834 487 1910 nihil
505 1851 565 1910 est
583 1837 856 1934 corrigendum,
878 1836 1106 1924 addendum,
1136 1853 1176 1911 et
1203 1829 1456 1926 minuendum,
1480 1837 1649 1914 solvatur
1676 1863 1745 1935 pro

243 1962 428 2034 revisione
456 1960 653 2036 cuiuslibet
679 1961 881 2036 centenarii
909 1959 970 2037 iul.
1001 1961 1225 2058 quindecim.

325 2086 397 2160 Pro
424 2087 599 2161 citatione
628 2086 785 2182 simplici
811 2104 920 2161 extra
948 2085 1114 2173 Curiam,
1144 2087 1205 2162 iul.
1237 2069 1384 2182 septem
1414 2113 1496 2160 cum
1525 2087 1690 2162 dimidiu.

324 2212 397 2284 Pro
424 2212 599 2285 citatione
626 2235 711 2285 cum
737 2211 956 2286 inhibitione
983 2226 1090 2285 extra
1119 2212 1285 2298 Curiam,
1314 2212 1374 2286 iul.
1406 2213 1628 2309 quindecim.

325 2336 398 2409 Pro
424 2336 599 2410 citatione
627 2362 711 2410 cum
739 2335 955 2410 inhibitione
983 2361 1051 2434 per
1078 2335 1242 2410 edictum
1264 2353 1372 2411 extra
1392 2336 1556 2424 Curiam,
1586 2335 1647 2412 vel
1676 2341 1745 2412 sub

243 2445 421 2549 censuris,
451 2461 511 2536 iul.
543 2461 766 2558 quindecim.

325 2586 395 2660 Pro
424 2585 639 2660 inhibitione
677 2585 833 2682 simplici
860 2586 957 2659 sacta
990 2587 1025 2658 in
1064 2585 1177 2659 Curia
1214 2587 1299 2662 bon.
1331 2589 1633 2686 trigintaseptem
1663 2616 1744 2663 cum

244 2710 408 2787 dimidio.

324 2838 396 2910 Pro
424 2838 639 2911 inhibitione
660 2834 814 2932 simplici
841 2851 950 2910 extra
979 2834 1130 2910 Curiam
1161 2840 1232 2912 sub
1259 2840 1438 2925 censuris,
1469 2838 1528 2914 iul.
1559 2839 1742 2926 undecim,

244 2977 283 3036 et
309 2963 398 3038 bon.
427 2964 504 3036 duo
532 2988 615 3036 cum
644 2962 809 3035 dimidio.

326 3089 398 3161 Pro
417 3088 593 3162 citatione
612 3089 661 3160 ad
680 3086 811 3160 valvas
831 3088 867 3160 in
889 3088 1004 3161 Curia
1022 3102 1196 3184 tempore
1216 3088 1399 3173 seriarum,
1417 3091 1504 3166 bon.
1521 3089 1743 3187 quindecim.

325 3213 397 3286 Pro
425 3210 676 3308 compulsoria
703 3213 869 3311 generali
888 3227 995 3285 extra
1023 3211 1186 3300 Curiam,
1208 3213 1269 3287 iul.
1291 3229 1450 3308 septem.
1473 3239 1556 3286 cum
1580 3213 1740 3288 dimidio.

325 3338 396 3411 Pro
422 3337 675 3432 compulsoria
703 3336 854 3432 speciali
880 3353 987 3410 extra
1017 3335 1180 3421 Curiam,
1195 3399 1196 3402 ,
1212 3335 1272 3411 iul.
1303 3337 1525 3434 quindecim.

324 3464 396 3536 Pro
424 3479 571 3536 arresto
598 3461 765 3556 generali
794 3461 853 3536 iul.
886 3478 975 3536 tres

325 3588 397 3660 Pro
425 3587 673 3659 instrumento
702 3585 938 3660 remissoriae
965 3587 1015 3659 ad
1043 3603 1172 3684 partes
1201 3583 1262 3661 iul.
1293 3587 1515 3682 quindecim.

325 3713 397 3785 Pro
426 3711 594 3808 quolibet
621 3710 748 3808 palmo
784 3710 894 3786 rotuli
922 3709 1169 3799 remissoriae,
1206 3712 1389 3786 numerati
1427 3711 1530 3785 iuxta
1566 3713 1742 3787 reforma-

244 3839 384 3913 tionem
413 3836 644 3911 Sanctissimi
672 3838 744 3911 sub
770 3839 822 3910 tit.
857 3837 901 3908 de
932 3837 1106 3910 Notan'is·
1132 3837 1293 3910 omnium
1332 3837 1369 3910 T
1364 3837 1604 3924 rz’bunalium,
1635 3840 1654 3935 ᾗ
1685 3840 1744 3911 lil-

243 3973 343 4036 terae
369 3960 644 4048 remissorinles,
676 3960 738 4036 iul.
767 3978 913 4057 septem
943 3987 1027 4034 cum
1055 3963 1219 4037 dimidio.

324 4087 374 4160 Et
402 4088 432 4160 si
460 4087 675 4160 remissoria
702 4087 956 4188 consignatur,
974 4109 1048 4159 non
1071 4086 1170 4161 sacto
1198 4089 1370 4185 registro,
1393 4088 1608 4183 depositum
1639 4111 1743 4184 regu·
1857 4095 1858 4178 ἴ

242 4213 341 4287 letur
367 4210 416 4284 ad
444 4214 626 4286 rationem
653 4191 850 4308 sexaginta
869 4211 1040 4286 soliorum
1069 4211 1229 4310 registri,
1249 4211 1591 4309 excomputandum
1611 4229 1745 4308 postea
1857 4205 1858 4268 3

246 4339 282 4412 in
310 4336 484 4411 mercede
513 4337 673 4434 registri.

326 4462 399 4536 Pro
427 4461 596 4560 quolibet
622 4475 824 4556 sequestro
852 4477 959 4535 extra
987 4461 1138 4535 Curiam
1167 4488 1251 4535 cum
1276 4460 1373 4546 ¹illius
1401 4462 1662 4547 instrumento,
1684 4460 1744 4535 iul.
1857 4443 1858 4454 ἵ

247 4585 473 4685 quindecim.

326 4712 398 4784 Pro
425 4712 674 4785 instrumento
693 4711 951 4796 revocationis
975 4737 1041 4784 seu
1070 4710 1261 4786 relationis
1290 4712 1487 4807 sequestri,
1517 4709 1577 4786 iul.
1599 4726 1747 4806 septem

244 4863 331 4912 curn
360 4837 525 4912 dimidio.

325 4965 398 5039 Pro
433 4965 633 5039 monitorio
670 4963 819 5060 poenali
857 4963 892 5037 in
930 4979 1106 5037 eventum
1144 4963 1314 5036 citatorio
1351 4978 1459 5036 extra
1487 4960 1652 5050 Curiam,
1685 4965 1744 5038 iul.

246 5089 472 5185 quindecim.

324 5213 397 5288 Pro
424 5213 557 5288 litteris
576 5213 969 5286 excommunicationis
988 5214 1025 5285 in
1046 5211 1160 5286 Curia
1188 5213 1236 5285 ob
1255 5236 1329 5285 non
1350 5212 1512 5286 solutam
1532 5214 1744 5287 mercedem

245 5337 390 5426 notarii,
419 5338 480 5412 vel
507 5336 610 5422 alias,
640 5338 726 5411 bon.
757 5337 1058 5435 trigintaseptem
1089 5361 1174 5409 cum
1202 5335 1367 5411 dimidiu.
