3748 5914
753 301 920 360 Clemente
940 301 1005 360 VlI
1570 301 1625 361 267

123 492 300 568 mendam
329 495 400 567 sub
428 493 572 568 eisdem
601 493 709 566 tectis
737 493 981 567 consistentia
1008 491 1180 566 videlicet
1207 492 1239 564 si
1266 492 1343 566 duo
1372 490 1625 566 canonicatus

122 634 162 692 et
180 618 257 692 due
276 617 480 703 Prebende,
501 632 568 692 aut
596 618 751 691 totidem
772 618 986 716 dignitates,
1009 618 1247 702 Personatus,
1268 614 1624 691 Administrationes

123 742 182 818 vel
211 742 332 816 officia
358 743 408 816 ad
428 744 623 816 Annuma
651 742 711 816 die
738 742 865 817 habite
894 741 1045 838 pacifice
1073 767 1141 838 per
1167 766 1234 815 eos
1263 741 1458 836 utriusque
1478 742 1624 815 illorum

123 869 379 966 possessionis
407 867 701 964 computandum
730 869 937 942 dumtaxat.
968 867 1006 941 Si
1034 891 1126 941 vero
1153 866 1225 940 alia
1253 867 1398 950 fuerint,
1419 892 1463 941 ac
1491 866 1624 940 incom-

123 991 290 1090 patibilia
305 992 487 1066 secularia
505 1017 574 1066 nec
593 1017 668 1066 non
689 991 879 1089 Regulare
898 991 1077 1065 beneficia
1096 991 1308 1065 huiusmodi
1327 991 1453 1086 quoad
1468 991 1626 1066 vixerint
1688 1039 1695 1048 -

125 1117 297 1203 retinere,
329 1115 465 1213 illaque
493 1115 612 1202 simul,
644 1116 703 1190 vel
742 1118 953 1190 successive
986 1115 1211 1212 simpliciter,
1242 1115 1376 1188 velex
1403 1140 1517 1189 causa
1545 1140 1626 1212 per·

123 1242 340 1314 mutationis
356 1241 532 1336 quotiens
551 1241 606 1313 eis
625 1238 806 1336 placuerit
825 1240 1023 1326 dimittere,
1039 1254 1079 1312 et
1097 1239 1218 1314 eidem
1238 1241 1460 1314 commende
1478 1241 1624 1327 cedere,

12 1379 13 1384 ’
124 1390 170 1438 ac
197 1367 281 1439 loco
309 1365 463 1449 dimissi,
495 1365 551 1438 vel
580 1365 819 1438 dimissorum
847 1363 958 1450 aliud,
989 1363 1048 1436 vel
1085 1362 1157 1437 alia
1185 1363 1313 1450 simile,
1344 1364 1402 1439 vel
1435 1365 1625 1449 dissimile,

124 1505 192 1562 aut
221 1487 363 1573 similia,
394 1487 452 1562 vel
481 1488 673 1563 dissimilia
700 1488 917 1564 beneficium
947 1513 1014 1562 seu
1042 1489 1222 1562 beneficia
1249 1488 1540 1563 ecclesiasticum
1568 1487 1627 1563 vel

124 1613 389 1700 ecclesiastica,
411 1630 576 1709 quatuor
594 1615 790 1687 dumtaxat
804 1629 945 1700 curata,
966 1637 1033 1686 seu
1053 1612 1145 1686 alias
1164 1613 1319 1688 invicem
1338 1614 1628 1710 incompatibilia

126 1736 320 1824 secularia,
341 1753 408 1810 aut
435 1763 519 1811 cum
549 1761 635 1824 uno,
656 1737 715 1811 vel
744 1737 892 1812 duobus
912 1762 979 1810 seu
1008 1738 1126 1811 tribus
1146 1761 1192 1810 ex
1221 1737 1276 1810 eis
1304 1736 1364 1811 vel
1391 1738 1536 1834 absque
1557 1736 1626 1812 illis

125 1889 243 1936 unum
262 1887 347 1936 cunr
375 1888 463 1936 cura
490 1863 549 1937 vel
568 1863 647 1936 sine
676 1888 764 1936 cura
792 1863 953 1936 cuiusvis
977 1862 1090 1936 etiarn
1111 1861 1313 1936 Cluniacen
1332 1862 1392 1936 vel
1421 1862 1628 1937 Cistercien

126 1990 269 2063 ordinis
292 1973 500 2087 Regulam,
532 2013 599 2062 nec
628 2013 703 2063 non
730 2013 969 2085 quecumque
998 1989 1067 2062 tria
1095 1989 1166 2061 alia
1194 1988 1334 2076 similia,
1356 1987 1415 2062 vel
1438 1987 1628 2063 dissimilia

126 2091 198 2187 sub
213 2112 371 2210 singulis
390 2113 509 2187 tribus
525 2114 633 2187 tectis
648 2137 970 2209 quarumcumque
986 2113 1096 2186 trium
1111 2113 1350 2187 ecclesiarum
1368 2114 1624 2199 consistencia,
1654 2175 1657 2182 .

125 2238 230 2322 alias,
252 2252 294 2310 ut
321 2237 516 2334 prefertur,
538 2236 801 2333 compatientia
821 2237 989 2311 similiter
1016 2237 1192 2332 recipere,
1214 2252 1254 2312 et
1272 2237 1419 2310 insimul
1447 2235 1628 2312 secularia

127 2362 161 2435 in
190 2362 351 2446 titulum,
372 2379 412 2436 et
430 2362 621 2460 Regulare
649 2361 686 2435 in
714 2362 973 2436 commendam
993 2363 1064 2436 sub
1083 2362 1226 2437 eisdem
1254 2364 1363 2436 tectis
1386 2364 1629 2436 consistentia

127 2486 301 2560 videlicet
327 2485 360 2558 si
387 2485 758 2590 duo-canonicatus,
797 2505 838 2561 et
864 2489 938 2561 due
968 2486 1163 2561 Prebende
1199 2506 1265 2561 aut
1301 2487 1457 2560 totidem
1496 2488 1629 2585 Digni-

127 2625 241 2694 tates,
269 2609 507 2698 Personatus,
527 2611 895 2698 Administrationes,
916 2612 976 2686 vel
996 2611 1115 2685 officia
1135 2613 1184 2685 ad
1202 2636 1351 2697 annum,
1373 2628 1415 2685 ut
1442 2611 1629 2709 prefertur

127 2737 422 2831 computandum
453 2737 483 2809 si
502 2762 593 2810 vero
612 2734 683 2810 alia
702 2735 850 2822 fuerint,
870 2761 914 2810 ac
933 2735 1232 2832 incompatibilia,
1254 2761 1321 2809 nec
1344 2760 1418 2810 non
1438 2735 1628 2834 Regulare

127 2859 308 2936 beneficia
325 2860 549 2945 huiusmodi,
581 2861 786 2936 dummodo
814 2863 910 2936 inter
930 2863 1012 2958 ipsa
1039 2878 1204 2958 quatuor
1221 2861 1508 2958 incompatibilia
1526 2887 1627 2935 secu·

126 2984 231 3072 laria,
271 2983 398 3082 plures
435 3010 549 3081 quam
587 3003 665 3060 tres
698 2985 953 3061 Parrochiales
987 2986 1154 3071 ecclesie,
1187 2987 1246 3060 vel
1282 3010 1411 3060 earum
1445 3001 1628 3083 perpetue

127 3109 286 3194 Vicarie,
308 3127 348 3184 et
375 3091 447 3185 ¹sub
465 3109 622 3208 singulis
650 3111 770 3186 tribus
795 3111 907 3186 tectis
936 3111 1179 3185 consistentia
1206 3126 1296 3207 post
1322 3111 1462 3184 dictum
1489 3135 1628 3184 annum

126 3237 203 3310 duo
238 3234 492 3310 Canonicatus
519 3253 560 3310 et
602 3237 677 3310 due
714 3237 916 3332 prebende,
956 3253 1023 3310 aut
1060 3235 1218 3310 totidem
1256 3235 1459 3334 dignitates
1497 3234 1630 3309 Perso-

126 3379 251 3447 natus,
281 3359 648 3448 Administrationes,
679 3361 739 3435 vel
767 3361 900 3448 officia,
920 3386 965 3435 ac
993 3360 1183 3459 Regulare
1211 3360 1387 3436 beneficia
1417 3361 1629 3434 huiusmodi

124 3484 288 3560 officium
316 3485 515 3559 claustrale
544 3511 617 3559 non
646 3487 810 3560 existant
829 3487 957 3582 quoad
984 3486 1154 3569 vixerint,
1176 3502 1218 3559 ut
1245 3484 1441 3582 prefertur,
1467 3487 1628 3559 retinere

127 3635 197 3685 nec
234 3634 309 3684 non
347 3610 482 3685 debitis
519 3628 561 3685 et
596 3611 785 3686 consuetis
815 3613 932 3709 ipsius
965 3612 1166 3710 Regularis
1198 3611 1365 3686 beneficii
1397 3612 1628 3708 supportatis

126 3735 306 3810 oneribus
332 3736 380 3809 de
407 3735 567 3810 residuis
591 3734 687 3810 illius
708 3736 899 3824 fructibus,
929 3735 1149 3823 redditibus,
1169 3751 1209 3809 et
1236 3737 1492 3831 proventibus,
1522 3734 1629 3808 sicuti

126 3859 217 3934 illud
244 3861 280 3934 in
309 3859 457 3934 titulum
477 3885 546 3957 pro
567 3877 737 3958 tempore
756 3863 971 3936 obtinentes
999 3861 1047 3935 de
1067 3860 1137 3935 illis
1165 3861 1377 3958 disponere,
1399 3877 1438 3934 et
1457 3860 1629 3934 ordinare

126 4000 343 4082 potuerunt,
374 4011 441 4059 seu
470 3987 582 4060 etiam
618 3985 829 4060 debuerunt
867 3987 1104 4086 (alienatione
1140 4002 1267 4060 tamen
1304 4009 1629 4082 quorumcumque

126 4113 314 4186 bonorum
343 4110 597 4197 immobilium,
618 4127 658 4184 et
684 4113 935 4207 pretiosorum
966 4112 1156 4186 mobilium
1185 4112 1272 4185 dicti
1296 4109 1497 4209 Regularis
1516 4111 1629 4184 bene·

126 4235 197 4309 fieti
211 4235 266 4310 eis
284 4235 437 4331 penitus
457 4235 669 4338 interdicta)
693 4237 906 4332 disponere,
921 4252 961 4310 et
979 4237 1153 4310 ordinare
1167 4236 1283 4311 libere
1297 4251 1337 4309 et
1354 4234 1453 4310 licite
1467 4234 1627 4308 valeant.

128 4358 306 4455 Aequod
325 4359 396 4456 ipsi
410 4360 627 4444 Auditores,
648 4377 688 4435 et
706 4361 992 4446 Locatenentes,
1014 4387 1057 4436 ac
1071 4385 1201 4436 eorum
1216 4359 1363 4458 singuli,
1386 4357 1574 4433 naturales
1593 4360 1627 4431 in

129 4485 305 4558 omnibus
319 4483 473 4582 Regnis,
487 4484 670 4572 dominiis,
684 4501 724 4558 et
737 4485 936 4582 provinciis
951 4486 1124 4572 existant,
1136 4509 1180 4558 ac
1194 4487 1230 4558 in
1245 4485 1347 4583 ipsis,
1364 4500 1403 4558 et
1418 4507 1548 4557 eorum
1559 4483 1630 4556 sin·-

129 4607 228 4706 gulis
248 4633 499 4706 quecumque,
525 4625 794 4708 quotcumque,
814 4627 854 4685 et
868 4611 1154 4707 qualiacumque
1175 4635 1258 4683 cum
1278 4635 1366 4682 cura
1385 4625 1424 4681 et
1442 4608 1522 4681 sine
1541 4632 1630 4680 cura

129 4731 308 4807 beneficia
329 4732 581 4808 ecclesiastica
603 4734 784 4808 secularia
804 4752 843 4809 et
862 4735 1076 4832 Regularia,
1093 4735 1204 4809 etiam
1225 4751 1266 4807 ut
1284 4733 1469 4831 prefertur
1487 4729 1631 4829 qualifi-

131 4874 213 4931 cata
241 4857 334 4932 alias
362 4858 417 4932 eis
447 4859 623 4933 canonice
642 4858 855 4934 conferendi
874 4859 1030 4956 perinde
1049 4884 1093 4933 ac
1113 4859 1143 4932 si
1163 4859 1297 4935 ibidem
1317 4859 1474 4943 oriundi,
1497 4873 1536 4930 et
1555 4858 1632 4930 nati

131 4983 300 5068 fuissent,
317 4983 431 5056 etiam
450 4985 618 5079 recipere
633 5001 672 5058 et
687 4987 848 5059 retinere
863 4985 990 5072 libere,
1003 5002 1042 5058 et
1056 4983 1154 5059 licite
1169 4985 1326 5080 possint,
1344 5008 1388 5056 ac
1403 4985 1451 5056 de
1465 4981 1545 5067 illis,
1566 4997 1633 5054 aut

130 5105 314 5204 qualitate
332 5107 500 5183 locorum
529 5109 566 5181 in
585 5134 715 5182 eorum
736 5111 851 5183 literis
876 5110 1102 5184 mentionem
1117 5109 1240 5183 facere
1254 5109 1404 5182 minime
1419 5123 1628 5180 teneantur.

211 5229 403 5330 Quodque
440 5233 583 5308 ratione
620 5258 945 5331 quorumcumque
987 5233 1250 5309 beneficiorum
1291 5232 1627 5307 ecclesiasticorum

13 5387 14 5466 3
129 5375 356 5442 curatorum,
387 5383 455 5432 seu
483 5383 531 5433 ex
559 5372 713 5447 statuto,
735 5359 962 5445 fundatione,
982 5373 1049 5433 aut
1075 5358 1177 5445 alias,
1201 5381 1329 5432 sacros
1357 5357 1469 5430 etiam
1488 5356 1628 5451 presbi-
