3720 5916
247 291 302 350 5134
872 291 1008 352 Saeculo
1027 289 1132 350 XVII

248 485 368 560 SSn‘ro
409 485 655 562 reddiderunt
698 487 761 582 qui
800 487 1044 584 postmodum
1089 485 1247 561 Decano
1287 503 1327 560 et
1367 485 1666 584 Archiepiscopo
1707 488 1748 560 in

247 611 394 698 uostris,
424 611 552 707 inquit,
581 611 734 684 lebenter
759 610 929 685 vellemus
954 637 1017 686 uos
1045 610 1227 685 Cubuulu
1254 612 1414 711 recipere
1442 623 1559 710 posse.
1595 611 1746 685 Deinde
1848 667 1849 704 .

247 760 354 810 sacro
384 735 663 811 Benedictionis
692 736 802 834 signo
830 752 994 832 recepto,
1025 737 1123 810 idem
1153 735 1200 812 D.
1232 736 1411 810 Decanus
1430 752 1469 810 et
1487 736 1748 834 Archiepisco·
1848 731 1849 734 ’

247 885 319 956 pus
347 885 420 934 una
448 886 532 934 cum
561 861 645 936 RR.
676 862 742 936 ΡΡ.
775 861 863 935 DD.
895 859 1101 957 Pamphilio
1128 877 1167 936 et
1195 861 1380 936 Pirovano
1412 859 1612 958 deputatis,
1635 861 1746 935 Cubi·
1849 927 1850 958 .

247 986 330 1060 cula
369 987 575 1061 inviserunt
611 1012 657 1060 ne
692 986 783 1084 quid
824 1011 872 1060 ex
908 987 1021 1064 rebus
1059 985 1278 1060 necessariis
1318 987 1473 1060 deesset
1513 1002 1553 1060 et
1589 985 1681 1082 ipsis
1709 987 1746 1059 in

247 1127 416 1185 extrema
431 1111 612 1186 Cubicula
627 1113 809 1208 tantisper
827 1111 1100 1197 recedentibus,
1122 1112 1159 1184 in
1173 1111 1413 1186 Auditorium
1433 1112 1558 1186 Rotae
1572 1111 1611 1186 S.
1630 1111 1678 1186 D.
1695 1111 1745 1186 N.

248 1235 401 1310 advenit
427 1236 503 1332 qui,
529 1252 731 1332 praesente
760 1237 808 1312 D.
831 1237 946 1310 Paulo
973 1235 1157 1311 Alaleone
1182 1237 1368 1336 Magistro
1397 1235 1743 1322 Caeremoniarum,

248 1360 479 1458 significavit,
524 1361 661 1435 Aulam
704 1361 796 1436 lllrni
838 1359 1047 1436 Cardinalis
1089 1362 1286 1460 Burghesii
1314 1385 1430 1458 posse
1471 1361 1631 1458 posthac
1672 1385 1742 1457 pro

249 1485 405 1580 publicis
432 1483 749 1582 disputationibus
776 1488 812 1562 in
832 1486 1064 1561 Cancellaria
1077 1486 1298 1583 Apostolica
1316 1485 1394 1560 fieri
1414 1483 1533 1560 solitis
1551 1485 1745 1559 inservire.

960 1769 1049 1850 205.

250 1931 384 2004 Pm'ma
427 1933 526 2006 Rota
562 1933 601 2004 iu
642 1932 791 2006 Palatio
836 1933 1033 2022 Quirinali
1056 1941 1143 2032 post
1180 1931 1465 2030 assignationem
1501 1928 1748 2004 cubiculorum

330 2057 486 2132 ezusdem
515 2057 661 2131 Palatii
686 2059 803 2131 Rotae
821 2059 966 2150 saetam
992 2085 1017 2131 a
1046 2057 1167 2132 Paulo
1204 2059 1244 2133 V.

330 2213 443 2281 (Auen.
462 2212 549 2288 Ros,
574 2212 706 2272 «Liber
718 2212 752 2272 S.
771 2213 887 2287 Rotae,
905 2231 937 2272 n.
956 2213 982 2274 2
999 2215 1035 2286 »).

676 2414 749 2487 Die
777 2411 949 2498 Veneris,
981 2434 1027 2504 23
1058 2413 1181 2488 martii
1215 2417 1327 2488 1618.

332 2575 419 2648 Fuit
446 2599 517 2672 pro
544 2576 664 2672 prima
691 2576 772 2650 vice
800 2574 897 2648 sacta
926 2574 1027 2649 Rota
1054 2573 1091 2648 in
1120 2573 1252 2648 Monte
1281 2571 1476 2666 Quirinali.

844 2856 852 2874 ⁴
959 2855 1049 2935 206.

257 3019 404 3094 Paulus
432 3021 469 3094 V
498 3019 793 3092 Procuratorum
828 3041 1026 3090 causarum
1063 3015 1102 3090 S.
1124 3016 1170 3091 P.
1192 3017 1242 3092 A.
1271 3015 1461 3113 collegium
1496 3043 1545 3090 ex
1580 3018 1745 3090 innume-

331 3153 415 3218 rata
442 3144 497 3217 aa'
521 3151 755 3216 numeratum
781 3165 833 3238 24
858 3142 1026 3216 m'rarum
1053 3141 1205 3228 reducit,
1233 3140 1405 3240 illiusque
1430 3141 1697 3216 cmutitultimes
1722 3167 1745 3214 a

333 3267 382 3342 R.
405 3279 447 3365 p.
477 3267 513 3342 α’.
538 3267 576 3346 s.
612 3265 656 3342 B.
690 3263 846 3352 Cocceico,
876 3267 995 3340 Ratae
1021 3265 1181 3350 Damno,
1212 3264 1256 3338 a'e
1291 3271 1370 3338 uota
1404 3265 1521 3339 Rotae
1556 3273 1747 3350 exaratas,

331 3393 371 3466 in
388 3393 521 3488 farma
549 3389 713 3488 speec'fica
740 3391 930 3490 approbat,
951 3416 995 3464 ac
1012 3390 1125 3464 eidem
1144 3390 1262 3464 Ratae
1279 3388 1431 3464 Deeana
1446 3389 1636 3463 committit
1651 3390 1749 3463 dire-

333 3517 481 3592 ctiomm
508 3525 544 3590 et
561 3517 820 3616 protectionem
846 3515 991 3612 collegii
1013 3541 1093 3590 eum
1120 3514 1288 3588 clausula
1321 3515 1508 3590 «sublata
1532 3531 1571 3589 et
1593 3515 1746 3589 decreto

333 3645 538 3717 irritante»
572 3667 722 3740 eumque
753 3641 936 3714 coustituit
965 3649 1189 3714 executorem
1220 3639 1367 3728 Bullae,
1397 3640 1489 3714 talea
1524 3623 1752 3727 ordinantes}

332 3767 397 3842 sub
424 3767 511 3840 elata
539 3767 679 3840 mensis
707 3765 934 3862 septembris
969 3769 1081 3840 1618.

333 3925 450 3998 (Anca.
471 3923 560 3998 Ren,
584 3921 710 3982 «Libro
727 3922 784 3982 del
801 3921 936 3981 Curiati
951 3921 989 3981 di
1006 3921 1171 3996 collegio»
1196 3922 1233 3980 in
1247 3922 1436 3997 principio).

956 4193 1044 4272 207.

257 4359 465 4445 Consulum,
495 4382 559 4432 seu
593 4355 847 4456 Suffragzum,
884 4381 948 4430 seu
986 4356 1122 4442 Vatum,
1150 4356 1261 4429 unius
1298 4355 1495 4429 Auditurzs
1528 4353 1752 4454 Correspau-

332 4482 423 4557 salis
440 4483 480 4555 c'u
498 4506 628 4555 eausa:
648 4481 818 4554 Romana
837 4523 863 4536 -
884 4480 1007 4565 Dotis,
1028 4506 1052 4552 a
1081 4481 1130 4553 R.
1144 4492 1186 4578 p.
1206 4479 1242 4554 d.
1274 4478 1469 4554 Remboldo
1482 4478 1676 4578 proposita
1694 4479 1752 4551 die

333 4607 382 4680 26
408 4607 507 4680 cunii
530 4607 636 4680 1620.
657 4651 684 4663 -
713 4607 850 4693 Votum,
870 4632 895 4678 a
917 4603 1036 4678 studii
1055 4605 1236 4678 Adeulcre
1263 4613 1462 4692 extensum,
1491 4629 1604 4678 mauu
1632 4603 1752 4678 Audi·

333 4733 482 4804 torisia
508 4732 680 4827 margine
706 4730 959 4804 correctionem
985 4738 1184 4802 exaratam
1206 4727 1425 4828 praesefert.

333 4884 555 4960 (Anc11.Ros.‚
578 4909 590 4936 ι
611 4883 688 4945 Vota
707 4901 766 4944 seu
784 4883 954 4958 suffragia
967 4907 993 4957 »‚
1012 4900 1102 4943 auno
1121 4883 1227 4958 1620).

257 5085 353 5182 de.
385 5086 609 5161 Rembold0.

257 5213 428 5314 Romana
456 5211 566 5286 dotis.

255 5337 415 5410 Veneris
447 5342 494 5409 26
523 5336 611 5408 iunii
645 5340 756 5409 1620.
