3686 5916
744 313 923 376 Benedicta
941 313 1029 376 XIV

1109 413 1633 424 Μ

843 649 933 728 416.

631 807 770 885 Elcclio
798 811 990 885 Benedicti
1014 811 1130 887 XIV.

214 963 331 1036 <Arcu
350 963 440 1038 Rom,
467 963 592 1024 «Liber
611 964 645 1024 S.
663 965 768 1025 Rotae
785 964 848 1036 2»,
866 973 900 1042 p.
920 965 1007 1038 359).

638 1160 710 1234 Die
745 1183 787 1254 17
820 1161 985 1259 Augusti
1022 1183 1133 1255 1740.

218 1321 475 1395 Renunciatus
522 1320 591 1394 luit
633 1345 804 1394 summus
849 1321 1017 1394 Pontifex
1059 1322 1177 1396 Emus
1220 1321 1429 1396 Cardinalis
1472 1321 1634 1419 Prosper

134 1446 366 1519 Lambertini
403 1443 629 1542 Archiepus
668 1445 861 1519 Bononiae
901 1447 964 1542 qui
1003 1447 1073 1521 sibi
1117 1472 1255 1521 nomen
1299 1448 1477 1545 imposuit
1515 1447 1636 1522 Bene-

134 1587 219 1645 ctus
240 1569 342 1646 XIV.
525 1567 528 1576 ’

842 1814 932 1894 417.

134 1974 235 2048 Rota
262 1999 386 2048 coram
416 1973 609 2048 Benedicta
636 1976 751 2050 XIV
770 1975 810 2050 in
837 2001 949 2050 causa
984 1977 1082 2050 inter
1112 1976 1332 2075 Episcopum
1364 1975 1635 2051 conversanum

214 2109 249 2174 et
273 2125 421 2174 sacram
448 2101 677 2196 Relagt'ousm
705 2101 979 2176 Melevitanam.

216 2256 333 2330 (Anca.
352 2255 441 2330 Rom,
464 2254 590 2314 «Liber
608 2255 642 2316 S.
661 2257 766 2316 Rotae
783 2257 847 2330 2»,
862 2265 941 2332 pag.
959 2256 1121 2332 mssa).

640 2457 740 2534 Lun:
777 2482 821 2549 19
852 2452 992 2532 Novbris
1018 2480 1129 2551 1742.

218 2619 407 2692 Pendente
436 2634 654 2715 pervetusta
683 2618 811 2692 Causa
839 2619 874 2692 in
903 2624 972 2691 iiro
1000 2641 1108 2692 sacro
1137 2618 1338 2694 Auditorio
1366 2621 1463 2693 inter
1494 2621 1632 2716 Epum

135 2744 421 2818 Conversanum
450 2758 491 2817 et
519 2767 665 2817 sacram
694 2744 930 2842 Religionem
960 2743 1238 2831 Melevitanam,
1267 2758 1306 2819 et
1333 2745 1370 2819 in
1400 2743 1528 2818 ultima
1547 2769 1637 2842 pro-

132 2869 321 2965 positione
350 2869 512 2942 indecisa
541 2869 731 2942 mediante
760 2871 962 2964 rescripto:
993 2869 1135 2942 Iterum
1156 2879 1394 2968 proponatur
1420 2878 1456 2944 cl
1488 2871 1638 2944 ardeant

133 2995 284 3093 quintus
310 3003 345 3068 ct
367 3003 505 3079 sextus,
525 3018 719 3067 recursum
748 2993 879 3068 habuit
896 2995 945 3066 ad
965 2994 1116 3066 Ssrirum
1138 2994 1184 3070 D.
1208 2993 1254 3072 N.
1279 2995 1522 3069 Benedictum
1543 2993 1634 3068 XIV

135 3119 267 3214 Epus,
296 3133 339 3191 ut
357 3119 577 3216 dignaretur
596 3119 747 3192 tandem
766 3117 969 3214 aliquando
988 3117 1072 3192 huic
1091 3119 1372 3194 controversiae
1391 3119 1501 3193 finem
1521 3121 1636 3217 impo

135 3268 237 3320 nere.
268 3243 305 3317 S.
323 3242 361 3318 S.
392 3243 555 3341 benigne
582 3243 756 3338 precibus
784 3231 997 3328 annuendo,
1029 3243 1214 3318 commisit
1243 3269 1313 3318 suo
1343 3245 1517 3317 Auditori
1546 3269 1635 3318 con-

133 3368 391 3444 cordationem
420 3369 533 3454 dubii,
563 3393 690 3442 coram
719 3393 761 3443 se
789 3384 923 3464 postea
952 3367 1175 3442 discutiendi
1204 3394 1310 3443 more
1344 3369 1464 3454 rotali,
1504 3369 1633 3443 suflra-

133 3493 312 3592 gantibus
340 3493 514 3567 omnibus
543 3491 716 3566 Patribus
739 3483 820 3567 ¹una
847 3518 930 3566 cum
961 3493 1138 3578 Ponente,
1169 3493 1219 3567 ad
1248 3493 1351 3590 quod
1379 3519 1475 3567 onus
1495 3495 1635 3569 ascitus

132 3619 203 3692 suit
231 3619 330 3714 de.
362 3616 538 3694 Canillac.
562 3618 728 3692 Praefixa
749 3618 863 3716 igitur
882 3619 942 3692 die
968 3643 1013 3710 19
1035 3611 1185 3706 Novbn'n
1207 3620 1309 3692 iuxta
1329 3620 1510 3693 monitum
1532 3645 1634 3694 rece-

134 3760 243 3843 ptum
258 3769 325 3841 per
339 3743 565 3841 Magistrum
587 3741 916 3818 Caeremoniarum
934 3744 1053 3817 Rrirus
1069 3743 1247 3818 Decanus
1261 3769 1469 3840 omnesque
1484 3744 1636 3819 Domini

133 3863 341 3943 Auditores
368 3867 566 3942 adiverunt
596 3867 776 3943 Palatium
806 3865 1010 3961 Quirinale‚
1041 3883 1081 3941 et
1109 3894 1197 3942 mox
1225 3869 1427 3943 introducti
1465 3869 1500 3942 in
1538 3870 1637 3944 cubi·

133 3994 258 4068 culum
286 4009 474 4068 secretum
502 3993 621 4068 induti
649 3993 817 4068 violacea
844 4009 952 4068 veste
987 4009 1026 4067 et
1060 3993 1283 4081 Rocchetto,
1321 3993 1408 4068 inde
1445 3994 1496 4068 ad
1534 3993 1635 4091 Cap·
1734 4087 1737 4096 Ι

133 4119 274 4216 pellam
302 4133 497 4203 secretam,
528 4118 592 4192 ubi
621 4141 805 4192 unacum
835 4117 1043 4192 Sanctitate
1072 4119 1148 4191 Sua
1177 4143 1323 4191 sacrum
1352 4119 1563 4206 audierunt,
1591 4143 1636 4193 ac

133 4261 268 4340 postea
297 4260 561 4341 praeparatum
591 4245 713 4318 locum
742 4243 903 4340 ingressi
932 4245 1091 4316 suerunt.
1177 4241 1363 4318 Dominus
1383 4242 1558 4330 Canillac,
1581 4245 1635 4318 uti

135 4369 284 4444 Ponens
312 4393 459 4452 causae,
481 4368 698 4444 relationem
719 4368 804 4443 lecit
823 4369 939 4442 totius
958 4369 1250 4454 controversiae,
1272 4393 1501 4466 sensumque
1526 4395 1634 4442 suum

134 4494 293 4588 aperuit,
308 4492 460 4568 deinde
488 4518 621 4568 omnes
650 4494 858 4567 Auditores
887 4494 990 4568 iuxta
1019 4493 1199 4568 ordinem.
1230 4493 1270 4566 ln
1303 4491 1523 4568 collectione
1560 4493 1636 4566 sul-

134 4619 338 4716 sragiorum
368 4642 436 4692 sex
463 4643 533 4714 pro
553 4619 661 4715 Epo,
684 4642 828 4715 sexque
851 4642 921 4713 pro
950 4643 1057 4692 sacra
1088 4617 1285 4716 Religione
1305 4633 1454 4715 reperta
1474 4619 1632 4704 luerunt,

133 4745 186 4816 ita
215 4757 256 4816 ut
284 4741 385 4818 nulla
420 4742 605 4816 adfuisset
641 4767 778 4816 causae
816 4743 992 4817 definitio.
1031 4744 1085 4816 At
1114 4741 1279 4816 Domino
1308 4742 1432 4840 Papae
1469 4741 1636 4817 rationes

134 4894 205 4966 pro
236 4869 427 4965 Episcopo
455 4869 577 4966 magis
608 4867 841 4965 placuerunt,
870 4869 1033 4964 ideoque
1062 4868 1270 4944 resolutum
1289 4869 1375 4944 suit:
1397 4868 1636 4964 Affirmatz've

134 4994 258 5093 quoad
291 4997 459 5092 minam
491 5004 654 5094 partem,
696 4995 863 5092 negative
902 4996 1027 5094 quoad
1062 4995 1269 5070 secundam.
1312 4994 1469 5068 Indulsit
1509 5010 1637 5068 tamen

134 5119 204 5197 SS.
234 5145 362 5195 sacrae
393 5119 578 5218 Religioni
605 5121 741 5194 iterum
770 5121 806 5193 in
834 5145 986 5194 arenam
1016 5120 1250 5196 descendere
1277 5121 1420 5218 pariter
1439 5145 1564 5195 coram
1595 5145 1637 5195 se

133 5247 231 5319 intra
259 5267 427 5320 mensem
457 5244 690 5328 Decembris,
721 5269 769 5318 ne
797 5244 878 5319 sola
906 5243 1098 5320 decisione
1125 5270 1240 5320 causa
1277 5261 1351 5319 tam
1386 5245 1513 5344 gravis
1544 5244 1636 5319 iudi-

136 5385 296 5444 caretur.
