3720 5914
718 315 910 374 Alexandro
935 314 984 376 VI
1543 310 1599 372 229

94 524 136 582 et
163 507 410 594 declaramus,
440 508 647 582 Auditores
675 531 873 580 causarum
901 507 1035 604 prefati
1064 505 1193 580 Palatii
1213 521 1252 580 et
1278 505 1598 582 Locumtenentes

94 659 240 720 eorum,
270 634 445 708 omnibus
478 647 518 707 et
554 630 710 732 singulis
745 631 1006 730 prerogativis,
1036 631 1326 706 antelationibus
1361 646 1401 706 et
1434 629 1598 718 indultis,

94 758 210 832 dictis
237 758 375 832 nostris
405 757 656 846 familiaribus,
685 757 883 854 descriptis
910 771 953 830 ut
979 757 1177 854 prefertur,
1207 758 1396 833 concessis
1425 771 1464 830 et
1505 781 1600 854 quo-

95 883 306 958 modolibet
333 881 594 970 concedendis,
625 881 874 980 pariformiter
891 897 932 958 et
959 883 1106 977 absque
1125 882 1250 979 aliqua
1277 881 1496 969 differentia,
1519 881 1600 954 sine

96 1025 226 1082 tamen
262 1008 502 1103 antiquorum
542 1021 581 1080 et
622 1031 798 1082 verorum
826 1007 1057 1081 familiarium
1086 1022 1301 1081 nostrorum
1339 1008 1599 1080 continuorum

97 1131 418 1217 commensalium,
449 1130 515 1226 qui
543 1147 715 1228 tempore
742 1130 1011 1227 assumptionis
1040 1146 1170 1205 nostre
1197 1131 1247 1204 ad
1274 1131 1409 1204 summi
1435 1131 1602 1227 Aposto-

96 1256 200 1331 latus
228 1256 372 1353 apicem
401 1257 481 1330 veri
507 1254 705 1330 familiares
747 1255 912 1332 continui
953 1255 1227 1330 commensales
1255 1255 1374 1330 nostri
1415 1271 1532 1340 erant,
1563 1270 1602 1328 et

96 1405 189 1456 vere
206 1379 398 1478 obsequiis
417 1381 556 1456 nostris
574 1379 808 1468 insistebant,
829 1396 870 1454 et
896 1381 933 1454 in
952 1380 1060 1456 dictis
1080 1378 1213 1454 litteris
1241 1379 1391 1454 realiter
1423 1378 1601 1475 descripti

98 1506 278 1593 existunt,
316 1505 530 1601 preiudicio,
570 1504 624 1579 uti
659 1522 699 1581 et
735 1507 904 1604 gaudere
940 1505 1091 1580 debere.
1123 1505 1174 1578 Et
1201 1505 1458 1580 nichilominus
1491 1504 1600 1578 Motu

98 1647 141 1704 et
181 1629 334 1704 scientia
362 1629 542 1704 similibus
569 1629 753 1716 volumus,
783 1631 1030 1718 decernimus,
1070 1631 1269 1705 statuimus
1296 1647 1336 1704 et
1371 1629 1600 1717 ordinamus

98 1755 268 1852 ipsisque
299 1753 471 1853 Collegio
498 1754 727 1829 Auditorum
755 1771 794 1829 et
812 1755 903 1853 ipsis
923 1755 1171 1832 Auditoribus
1189 1781 1234 1830 ac
1260 1753 1428 1852 ipsorum
1442 1753 1603 1827 Locate-

101 1880 278 1956 nentibus
306 1879 553 1966 concedimus,
575 1879 679 1976 quod
707 1880 778 1976 ipsi
805 1878 842 1953 iu
869 1881 1108 1955 assecutione
1137 1903 1462 1978 quorumcumque
1482 1877 1603 1952 Cano·

101 2007 292 2080 nicatuum
316 2020 355 2080 et
371 2005 674 2101 prebendarum,
705 2028 876 2078 necnon
904 2005 1140 2103 dignitatum,
1171 2018 1454 2102 personatuum,
1484 2001 1603 2077 admi·

101 2131 377 2217 nistrationum,
405 2128 623 2216 officiorum,
653 2129 993 2226 prestimoniorum,
1028 2127 1360 2227 prestimonialium
1388 2129 1603 2226 portionum

102 2271 144 2329 et
171 2254 394 2350 simplicium
422 2279 467 2328 ac
495 2277 819 2350 quorumcumque
845 2253 1003 2328 aliorum
1030 2255 1295 2330 beneficiorum
1328 2253 1605 2328 ecclesiastico-

104 2406 199 2466 rum,
215 2378 436 2453 secularium
454 2393 495 2453 et
513 2378 751 2476 regularium,
773 2403 1095 2476 quarumcumque
1113 2379 1347 2476 qualitatum,
1368 2402 1444 2475 que
1470 2379 1602 2478 vigore

102 2507 311 2602 gratiarum
343 2503 662 2600 expectativarum
696 2519 736 2578 et
771 2503 1069 2578 reservationum
1111 2528 1180 2601 per
1216 2529 1285 2578 nos
1323 2503 1378 2577 eis
1415 2505 1487 2578 sub
1515 2505 1605 2578 data

103 2629 275 2727 predicta
302 2653 564 2703 concessarum
594 2641 634 2702 et
659 2629 695 2702 in
723 2645 918 2727 posterum
946 2653 1015 2726 per
1042 2653 1112 2703 nos
1138 2644 1205 2703 aut
1232 2629 1364 2703 sedem
1395 2629 1603 2726 predictam

105 2756 177 2829 sub
204 2754 340 2829 eadem
367 2751 427 2827 vel
455 2751 589 2850 quavis
616 2752 689 2827 alia
716 2753 805 2828 data
832 2753 1170 2841 concedendarum,
1200 2769 1239 2828 et
1270 2754 1534 2828 extensionum
1561 2779 1605 2828 ac

104 2877 428 2965 revalidationum,
457 2903 522 2951 seu
551 2876 811 2964 mutationum,
832 2877 1073 2954 collationum
1102 2877 1332 2966 earumdem,
1355 2877 1386 2951 si
1413 2902 1509 2975 quas
1537 2903 1606 2975 per

105 3030 176 3078 nos
204 3003 264 3078 vel
292 3001 421 3077 sedem
450 3003 624 3077 eamdem
651 3004 688 3078 in
715 3020 829 3079 autea
856 3002 935 3078 fieri
958 3004 1170 3102 contigerit,
1190 3003 1478 3100 acceptaverint,
1499 3019 1539 3077 et
1557 3005 1605 3077 de

104 3131 243 3226 quibus
271 3127 341 3202 sibi
369 3127 557 3225 provideri
576 3153 644 3202 seu
672 3153 748 3224 que
775 3129 845 3202 sibi
873 3129 1127 3204 commendari
1145 3129 1311 3214 fecerint,
1333 3128 1506 3204 omnibus
1525 3128 1606 3204 aliis

102 3271 145 3329 et
173 3253 329 3350 singulis
357 3254 625 3350 cuiuscumque
653 3253 858 3352 dignitatis,
880 3269 1013 3340 status,
1035 3255 1188 3351 gradus,
1211 3253 1362 3340 ordinis,
1385 3253 1607 3329 conditionis

103 3377 166 3453 vel
193 3377 462 3474 preeminentie
489 3379 637 3462 fuerint,
669 3377 922 3454 canonicatus
954 3395 993 3453 et
1028 3379 1251 3476 prebendas,
1281 3377 1497 3476 dignitates,
1526 3403 1607 3476 per·

103 3521 274 3591 sonatus,
305 3503 657 3592 administrationes,
687 3503 818 3591 officia,
848 3503 1104 3601 prestimonia,
1133 3503 1432 3600 prestimoniales
1469 3505 1607 3601 portio·

103 3655 187 3712 nes.
217 3647 256 3703 et
284 3627 463 3703 beneficia
489 3628 703 3704 huiusmodi
731 3629 948 3725 quarumvis
975 3628 1184 3703 litterarum
1217 3627 1518 3724 apostolicarum,
1548 3625 1608 3702 vel

103 3756 320 3853 legatorum
348 3754 492 3850 prefate
520 3752 632 3841 sedis,
662 3754 793 3852 vigore
821 3753 1119 3850 expectantibus,
1149 3753 1263 3826 etiam
1292 3753 1507 3841 illustribus,
1535 3754 1610 3827 Ro·

105 3903 218 3953 mane
248 3877 361 3952 Curie
389 3893 429 3952 et
456 3878 595 3953 nostris
622 3877 842 3952 officialibus
870 3878 1182 3974 quibuscumque,
1212 3893 1252 3952 et
1279 3877 1488 3952 litterarum
1516 3901 1609 3975 apo-

105 3999 326 4078 stolicarum
355 4003 608 4098 Scriptoribus
627 4025 672 4076 ac
700 4003 874 4077 omnibus
892 4017 932 4076 et
950 4001 1108 4100 singulis
1125 4001 1207 4076 aliis
1226 4027 1466 4100 quacumque
1494 4001 1610 4077 eccle·

105 4128 259 4202 siastica
299 4126 359 4202 vel
399 4127 589 4201 mundana
629 4127 813 4225 dignitate
853 4126 1094 4224 fulgentibus,
1138 4127 1311 4224 personis
1342 4127 1609 4202 venerabilium

105 4255 264 4328 fratrum
294 4265 509 4328 nostrorum
528 4268 658 4326 sancte
678 4251 849 4326 Romane
867 4251 1026 4327 ecclesie
1046 4250 1298 4328 Cardinalium
1317 4279 1362 4328 ac
1385 4252 1492 4327 dictis
1520 4253 1611 4326 anti·

105 4377 206 4474 quis,
235 4392 276 4451 et
302 4377 401 4450 veris
427 4375 668 4451 familiaribus
696 4377 834 4451 nostris
861 4376 1045 4450 continuis
1074 4375 1388 4452 commensalibus
1428 4379 1492 4474 qui
1519 4392 1609 4450 tem·

104 4525 204 4598 pore
230 4500 499 4598 assumptionis
517 4500 685 4597 predicte
703 4501 782 4574 veri
797 4499 995 4576 familiares
1015 4505 1133 4576 nostri
1152 4501 1316 4576 continui
1339 4502 1611 4576 commensales

104 4640 218 4702 erant
244 4640 285 4700 et
310 4649 401 4700 vere
429 4627 621 4722 obsequiis
650 4625 789 4700 nostris
817 4626 1040 4702 insistebant
1058 4641 1098 4702 et
1126 4627 1163 4701 in
1190 4626 1300 4701 dictis
1317 4626 1450 4700 litteris
1468 4643 1511 4700 ut
1529 4651 1611 4724 pre·

106 4753 229 4826 fertur
246 4748 397 4826 realiter
423 4750 602 4847 descripti
628 4751 804 4838 existunt,
835 4765 875 4824 et
902 4749 1013 4825 nullis
1039 4751 1131 4835 aliis,
1162 4751 1277 4826 etiam
1305 4751 1341 4824 in
1373 4751 1515 4825 eisdem
1552 4750 1613 4826 lit·

107 4874 203 4950 teris
230 4875 516 4972 quomodolibet
546 4875 744 4973 descriptis
772 4892 812 4951 et
853 4877 890 4950 in
917 4875 1083 4950 futurum
1111 4877 1376 4964 describendis,
1416 4877 1613 4952 dumtaxat

108 5001 291 5098 exceptis,
322 5000 435 5076 etiam
464 5001 495 5076 si
523 4999 637 5096 aliqui
663 4999 723 5074 alii
751 5000 800 5074 ad
827 5001 945 5074 instar
972 5002 1194 5076 eorumdem
1222 5001 1454 5076 familiarium
1474 4983 1620 5076 descri-¹

107 5143 262 5223 ptorum
290 5125 327 5200 in
356 5126 528 5201 omnibus
557 5139 596 5200 et
623 5150 692 5222 per
718 5125 844 5200 omnia
870 5126 1120 5222 pariformiter
1146 5143 1186 5201 et
1213 5126 1369 5224 perinde
1396 5150 1440 5202 ac
1468 5127 1499 5201 si
1534 5125 1614 5201 veri

108 5265 151 5326 et
180 5274 255 5326 non
283 5249 358 5325 ficti
386 5249 585 5325 familiares
612 5251 736 5326 forent
762 5265 802 5326 et
830 5249 910 5325 sine
938 5249 1013 5326 ulia
1039 5273 1196 5349 prorsus
1226 5251 1433 5325 differentia
1460 5277 1483 5326 a
1506 5251 1613 5326 nobis

107 5392 150 5450 et
179 5375 271 5450 sede
299 5374 468 5472 predicta
494 5375 756 5474 prerogativas
784 5375 1068 5475 quomodolibet
1095 5376 1324 5450 obtinuerint
1364 5373 1615 5473 pariformiter
1651 5419 1654 5424 -
