3684 5920
258 325 313 385 610
877 331 1013 392 Soeculo
1033 330 1157 391 XVIII

342 549 402 597 21.
433 524 618 600 Volumus
645 542 784 614 autem,
814 543 853 602 et
881 528 1013 601 eadem
1043 529 1267 601 auctoritate
1295 525 1488 623 praedicta
1522 526 1762 604 mandamus,

259 647 361 741 ipsas
391 665 621 744 praesentes,
652 676 718 724 seu
747 676 876 724 earum
902 652 1158 748 Transumpta
1187 651 1223 722 in
1251 652 1342 725 locis
1362 650 1481 725 solitis
1501 651 1625 722 almae
1645 647 1763 720 Urbis

259 793 411 846 nostrae
438 799 507 870 per
534 773 696 870 aliquem
724 803 771 850 ex
799 775 1027 850 Cursoribus
1055 779 1204 862 nostris,
1235 793 1277 848 ut
1305 778 1419 849 moris
1456 791 1527 858 est,
1567 773 1759 870 publicari,

259 912 297 967 et
325 896 437 992 affigi,
468 897 597 994 sicque
625 898 835 994 publicatas
862 917 901 974 et
928 899 1070 983 affixas
1101 923 1234 972 omnes
1268 912 1307 971 et
1342 899 1511 996 singulos
1540 922 1639 993 quos
1674 919 1762 968 con·

258 1037 415 1094 cernunt
442 1038 480 1094 et
508 1040 733 1096 conternent
761 1027 795 1098 in
824 1026 988 1098 futurum
1017 1023 1173 1121 perinde
1201 1023 1350 1098 afficere
1381 1037 1421 1096 et
1456 1037 1616 1106 arctare,
1647 1045 1695 1094 ac
1733 1022 1762 1092 si

259 1144 456 1240 unicuique
484 1147 629 1221 illorum
659 1147 905 1244 personaliter
933 1149 1135 1236 intimatae,
1166 1165 1205 1222 et
1233 1147 1443 1223 notificatae
1462 1147 1633 1222 fuissent.

341 1295 402 1346 22.
433 1272 616 1354 Volumus
645 1275 807 1369 insuper,
838 1275 940 1370 quod
970 1273 1186 1348 earumdem
1215 1274 1469 1368 praesentium
1499 1273 1762 1369 transumptis,

258 1395 370 1468 etiam
400 1399 603 1492 impressis,
633 1423 744 1472 manu
773 1399 927 1473 alicuius
957 1399 1100 1474 Notarii
1129 1399 1267 1494 publici
1295 1398 1526 1494 subscriptis,
1566 1413 1606 1472 et
1639 1398 1763 1495 sigillo

259 1521 376 1616 ipsius
405 1521 592 1595 Auditorii
618 1525 781 1610 munitis,
810 1527 944 1598 eadem
963 1549 1119 1621 prorsus
1146 1523 1240 1597 fides
1259 1523 1295 1594 in
1316 1523 1453 1596 ludicio
1476 1539 1516 1595 et
1542 1538 1654 1596 extra
1675 1521 1763 1595 illud

259 1645 482 1720 adhibeatur
508 1673 606 1744 quae
636 1649 726 1745 ipsis
753 1650 1017 1745 praesentibus
1046 1649 1290 1747 originalibus
1317 1649 1560 1723 adhiberetur
1579 1648 1611 1720 si
1640 1648 1764 1721 forent

259 1771 445 1844 exhibitae
473 1771 532 1846 vel
560 1789 749 1848 ostensae.

343 1921 360 1967 2
370 1919 402 1988 3.
436 1895 534 1969 Nulli
564 1923 657 1996 ergo
685 1900 837 1972 omnino
866 1897 1055 1970 hominum
1085 1895 1194 1970 liceat
1222 1896 1317 1970 hanc
1335 1897 1512 1995 paginam
1533 1897 1762 1970 Nostrarum

259 2020 560 2108 confirmationis,
591 2023 884 2120 approbationis,
906 2021 1165 2108 innovationis,
1188 2022 1328 2108 indulti,
1351 2024 1617 2108 concessionis,
1640 2021 1765 2095 decla—

262 2146 424 2229 rationis,
464 2147 746 2230 commissionis,
786 2147 962 2230 mandati,
1002 2147 1205 2242 praecepti,
1240 2145 1390 2231 decreti,
1425 2146 1690 2244 derogationis
1728 2166 1764 2219 et

261 2269 463 2344 voluntatis
492 2270 703 2370 infringere,
734 2273 793 2346 vel
821 2273 865 2354 ei,
896 2297 990 2346 ausu
1020 2273 1231 2358 temerario,
1252 2272 1456 2356 contraire;
1478 2271 1509 2344 si
1529 2272 1615 2367 quis
1636 2291 1762 2345 autem

262 2395 333 2466 hoc
360 2409 546 2470 attentare
576 2397 882 2494 praesumpserit,
913 2414 984 2471 etc.

344 2519 485 2593 Datum
515 2521 669 2604 Romae,
690 2523 791 2617 apud
819 2522 996 2596 Sanctam
1026 2521 1183 2594 Mariam
1204 2521 1398 2604 Maiorem,
1418 2544 1518 2594 anno
1538 2519 1764 2595 incarnatio

262 2641 319 2714 nis
357 2641 575 2718 Dominicae
612 2644 808 2718 millesimo
845 2645 1183 2741 septingentesimo
1219 2643 1512 2742 septuagesimo,
1552 2645 1764 2719 decimose-

261 2769 379 2861 ptimo
407 2767 587 2843 kalendas
615 2769 707 2842 lunii
735 2769 972 2843 Pontificatus
1004 2770 1132 2843 Nostri
1160 2771 1273 2842 Anno
1302 2768 1434 2843 Prima.

344 2926 386 3004 C.
418 2927 530 3006 Card.
563 2931 835 3004 Pro-Datarius
1275 2929 1322 3003 Α.
1355 2928 1466 3003 Card.
1499 2927 1709 3026 Nigronus,

1354 3071 1395 3146 L.
1427 3073 1637 3170 Eugenius.

263 3177 365 3250 Loco
396 3181 442 3274 »Β
474 3178 617 3254 Plumbi

530 3321 622 3396 Visa

345 3467 404 3544 De
433 3464 546 3539 Curia
576 3467 601 3542 1.
631 3466 833 3542 Manassei.

972 3781 1063 3861 472.

264 3946 432 4045 hpzstola
460 3971 533 4041 qua
562 3948 611 4019 R.
634 3957 675 4044 p.
706 3943 743 4020 d.
776 3945 872 4028 Veri,
894 3941 1045 4016 Decano
1072 3952 1107 4015 et
1132 3943 1250 4016 Rotae
1277 3944 1429 4017 nunciat
1443 3969 1481 4014 sc
1500 3945 1622 4016 Rotae
1642 3945 1763 4016 Audi-

344 4071 485 4143 toratuz·
508 4068 716 4143 valedicere.

342 4227 457 4300 (Anca.
477 4223 565 4296 Ron,
589 4225 744 4284 ‹Lettere
763 4242 780 4282 e
798 4225 1003 4298 Bt'glz'ettt'2).

501 4347 503 4350 ’
1429 4331 1523 4391 Paris
1540 4331 1578 4390 25
1597 4333 1666 4390 mai
1690 4332 1763 4390 1772.

425 4499 697 4596 Monseigneur

343 4650 423 4698 mes
451 4623 598 4698 affaires
627 4639 666 4695 et
694 4649 754 4696 ma
783 4633 890 4696 sante
920 4647 966 4695 ne
995 4647 1055 4695 me
1083 4638 1311 4716 permettent
1341 4622 1425 4718 plus
1453 4620 1586 4694 d'aller
1609 4623 1761 4718 remplir

264 4750 319 4823 les
347 4751 530 4824 fonctions
559 4752 606 4822 de
636 4774 722 4822 mon
746 4747 882 4844 emploi
910 4771 933 4819 a
960 4746 996 4820 la
1015 4762 1109 4821 rote.
1129 4746 1288 4840 J’aurois
1307 4747 1430 4818 desire
1449 4747 1607 4841 pouvoir
1625 4749 1758 4819 rendre

264 4900 311 4949 en
339 4900 526 4972 personne
556 4901 577 4948 a
607 4899 692 4948 mon
721 4871 901 4946 Tribunal
929 4887 1012 4946 tout
1039 4897 1082 4946 ce
1111 4847 1185 4966 que
1208 4872 1248 4969 je
1277 4871 1327 4943 lui
1356 4872 1439 4944 dois
1468 4872 1514 4942 de
1543 4889 1696 4966 respect
1723 4885 1757 4942 et

265 5003 313 5074 de
341 5001 696 5076 reconnoissence...
718 5023 764 5071 ne
792 4997 827 5074 le
857 5013 1023 5094 pouvant
1043 5022 1112 5092 pas
1128 4999 1167 5096 je
1187 5021 1281 5070 vous
1301 4995 1458 5091 supplie,
1481 4995 1753 5092 monseigneur,

265 5124 386 5200 d'etre
414 5150 552 5221 aupres
580 5123 628 5198 de
656 5140 742 5198 tous
772 5149 831 5196 me
859 5123 1010 5196 anciens
1039 5122 1241 5220 collegues,
1263 5120 1494 5215 l'interprete
1513 5123 1561 5192 de
1589 5145 1653 5194 ces
1679 5143 1751 5192 sen·

265 5252 418 5324 timents
446 5275 520 5346 que
544 5250 583 5346 je
612 5249 848 5322 conserverai
877 5262 982 5319 toute
1012 5271 1072 5320 ma
1100 5247 1169 5320 vie.
1202 5246 1293 5318 Mon
1323 5246 1409 5318 titre
1436 5244 1471 5317 le
1499 5244 1584 5339 plus
1611 5243 1751 5316 ilatteur

265 5401 350 5449 sera
380 5375 550 5472 toujours
579 5371 723 5446 d'avoir
751 5383 812 5445 ete
841 5372 1007 5444 membre
1036 5371 1084 5444 de
1112 5397 1153 5443 ce
1182 5395 1294 5466 corps
1322 5369 1567 5465 respectable.
1597 5366 1749 5464 J'envois
