3748 5914
792 313 883 373 Iulio
901 313 943 374 II
1312 399 1317 410 Ι
1562 313 1618 374 243

197 505 469 592 Decernentes,
486 504 708 580 Mandatum
723 505 934 582 huiusmodi
950 531 1019 604 per
1033 505 1189 581 eosdem
1204 505 1412 582 Auditores
1427 506 1617 582 inviolabi-

108 631 200 704 liter
212 630 405 706 observari
420 631 558 704 debere
578 645 774 726 perpetuo,
796 655 863 703 seu
883 631 1004 704 donec
1017 646 1057 704 et
1076 657 1153 728 quo
1173 655 1294 728 usque
1312 633 1498 730 premissa
1516 633 1617 730 capi·

110 756 194 829 tula
217 756 400 828 maturius
415 755 626 828 examinata
640 779 710 850 per
724 778 805 840 nos,
822 753 880 827 vel
896 753 945 828 de
960 755 1143 829 Mandato
1158 771 1299 842 nostro,
1316 756 1424 830 aliter
1442 758 1619 832 determi-

112 897 245 954 natum
274 880 402 965 fuerin
432 903 475 952 ac
504 904 551 952 ex
579 904 676 951 nunc
703 879 847 953 irritum
875 893 915 952 et
944 881 1052 952 inane
1071 880 1103 953 si
1122 903 1232 954 secus
1261 881 1462 978 superbiis
1481 906 1619 978 aquo-

109 1029 239 1102 quam,
260 1005 393 1101 quavis
408 1002 644 1088 auctoritate,
666 1003 826 1077 scienter
844 1002 904 1076 vel
922 1005 1153 1103 ignoranter,
1173 1006 1374 1104 contigerit
1387 1008 1614 1103 attemptari.

196 1129 423 1204 Mandantes
434 1129 573 1225 pariter
586 1127 729 1202 eisdem
745 1128 1006 1216 Auditoribus,
1016 1129 1194 1224 quatinus
1206 1119 1429 1204 Mandatum
1444 1148 1616 1204 nostrum

110 1254 328 1328 huiusmodi
347 1252 484 1326 nemini
500 1252 669 1348 pandant
687 1253 767 1326 sine
782 1269 912 1327 nostra
926 1232 1075 1328 licentia
1095 1254 1256 1350 speciali.
1274 1255 1361 1330 Non
1377 1256 1615 1331 obstantibus

112 1379 458 1454 Constitutionibus
476 1394 515 1452 et
529 1378 824 1453 ordinationibus
842 1379 1069 1475 apostolicis,
1092 1379 1305 1477 ceterisque
1325 1381 1520 1456 contrariis
1539 1382 1616 1478 qui·

111 1506 360 1600 buscumque.

193 1628 323 1701 Placet
347 1635 382 1700 et
406 1628 460 1700 ita
487 1635 586 1700 motu
606 1628 768 1727 proprii>
793 1627 1016 1702 mandamus
1043 1629 1074 1703 J.

851 1837 871 1882 tit

822 1899 902 1945 *ss

111 2020 261 2094 Decani
292 2020 411 2094 Ratae
447 2019 689 2094 testimonium
724 2019 983 2114 aotaflcatrbm's
1011 2021 1246 2118 praeinserti
1276 2021 1460 2096 Mandatr'
1487 2023 1617 2119 factae

190 2147 318 2220 ceteris
348 2144 637 2224 Coauditoribus.

1376 2283 1455 2359 1505,
1473 2285 1551 2346 maii
1568 2285 1614 2346 27.

188 2429 323 2534 (versa)
351 2427 425 2502 Die
455 2429 585 2502 martis
607 2449 654 2522 27
676 2427 762 2502 maii
787 2450 897 2522 1505.
920 2472 945 2483 -
965 2426 1232 2503 Sanctissimus
1252 2429 1440 2505 Dominus
1460 2431 1612 2520 Noster,

108 2555 285 2630 dominus
313 2552 437 2641 Iulius,
460 2553 596 2627 Divina
623 2553 871 2650 providentia,
893 2576 994 2649 papa
1017 2553 1059 2640 11,
1081 2555 1253 2628 manibus
1280 2555 1441 2652 propriis
1461 2557 1615 2632 tradidit

107 2681 195 2754 mihi
210 2702 369 2776 presens
384 2679 671 2775 retroscriptum
684 2677 941 2766 mandantum,
958 2702 1070 2753 manu
1087 2702 1155 2752 sua
1170 2679 1372 2778 signatum.
1389 2678 1612 2756 Mandatum

106 2805 195 2879 illud
224 2828 296 2902 per
322 2829 382 2877 me
409 2803 543 2876 ceteris
582 2801 875 2877 Coauditoribus
913 2801 1092 2876 notificari
1120 2817 1159 2877 et
1196 2805 1482 2882 communicari:
1517 2805 1612 2880 illud

106 2955 263 3028 quoque
281 2928 493 3027 dilligenter
512 2928 591 3024 (sic)
610 2925 789 3002 custodiri
816 2951 860 3002 ac
889 2953 958 3026 per
985 2929 1143 3002 eosdem
1171 2931 1384 3006 observari:
1414 2931 1518 3029 quod
1537 2957 1612 3030 ego
1729 3008 1734 3018 ,

105 3055 235 3128 debita
262 3079 348 3127 cum
377 3051 604 3127 Reverentia
632 3052 797 3148 suscepi:

189 3179 264 3252 Die
291 3202 382 3252 vero
410 3177 593 3275 sequenti,
624 3203 699 3276 que
717 3177 785 3252 init
804 3179 976 3252 mercurii
997 3181 1044 3252 28
1065 3177 1234 3252 eiusdem
1254 3179 1394 3253 mensis
1413 3180 1509 3270 maii,
1538 3207 1613 3280 ego

105 3304 318 3400 predictum
348 3303 633 3400 retroscriptum
662 3304 882 3377 mandatum
912 3303 1096 3377 notificavi
1124 3318 1163 3378 et
1187 3305 1455 3379 communicavi
1478 3308 1613 3380 ceteris

104 3426 415 3515 Coauditoribus,
437 3427 472 3500 in
491 3442 593 3502 rotta
612 3427 700 3523 (sz'c.·
718 3427 845 3525 Rota),
866 3443 909 3501 ut
926 3429 1041 3501 moris
1061 3443 1131 3513 est,
1152 3453 1222 3524 pro
1242 3429 1365 3504 causis
1395 3430 1611 3506 decidendis

103 3554 368 3651 congregatim
386 3553 440 3626 eis
460 3577 613 3648 quoque
632 3576 680 3626 ex
699 3567 807 3648 parte
826 3552 960 3650 prefati
976 3552 1074 3626 Ssriii
1093 3552 1141 3629 D.
1164 3552 1211 3629 N.
1229 3553 1402 3628 mandavi
1422 3572 1464 3629 ut
1477 3581 1610 3652 supra;

103 3677 212 3774 quod
232 3702 275 3751 se
302 3701 434 3753 omnes
461 3677 604 3774 pariter
631 3692 869 3774 prestaturos
897 3678 1133 3752 Reverenter
1154 3679 1394 3755 obtullerunt.

188 3801 275 3899 Ego
303 3801 469 3876 Achilles
490 3803 537 3875 de
555 3803 710 3900 grassis,
733 3802 829 3875 sacri
857 3802 983 3898 palatii
1013 3826 1210 3877 causarum
1232 3803 1397 3879 Auditor
1421 3821 1460 3878 et
1487 3806 1611 3880 Deca-

104 3955 178 4002 nus
207 3927 386 4026 indignus
413 3951 524 4000 manu
553 3927 705 4024 propria
733 3925 770 4000 ff.

822 4174 908 4253 144.

102 4319 230 4392 Iulius
248 4315 300 4390 J]
315 4316 560 4391 Audz'torz'bus
587 4317 715 4400 Rotae,
746 4343 835 4416 quos
850 4317 1071 4413 familiares
1097 4344 1192 4404 suas,
1222 4319 1408 4392 conanum
1434 4345 1609 4394 commm-

186 4441 282 4514 salas
308 4448 369 4514 etc.
399 4467 472 4514 esse
498 4467 629 4515 revera
656 4439 834 4537 affirmat,
856 4439 1052 4532 confirmat
1068 4442 1274 4541 privilegia
1301 4443 1342 4516 in
1364 4445 1607 4543 expectalivz's.

188 4596 306 4668 (Anca.
325 4594 414 4668 Roa,
437 4593 655 4668 ‹Privilegia
667 4620 695 4670 ι,
714 4601 791 4655 tom.
810 4597 839 4671 I,
853 4602 942 4672 part.
961 4596 987 4664 I,
1009 4613 1041 4656 n.
1060 4595 1176 4672 XXX).

1161 4751 1169 4762 ·
1216 4723 1296 4796 1507,
1314 4724 1392 4782 maii
1410 4724 1456 4800 28,
1474 4725 1609 4786 Romae.

185 4868 299 4944 lulius
327 4869 529 4966 episcopus
558 4894 690 4944 servus
719 4894 915 4946 servorum
936 4871 1021 4946 Dei.
1042 4872 1107 4946 Ad
1134 4889 1358 4969 perpetuam
1387 4874 1440 4948 rei
1468 4898 1610 4950 memo-
1670 4886 1676 4898 '

100 4997 208 5069 riam.
243 4991 467 5067 cathedram
486 4995 747 5094 praeminentia
775 4995 977 5070 Pastoralis
1005 4997 1040 5070 in
1060 4997 1175 5070 Alma
1194 4997 1299 5072 Urbe
1318 4999 1489 5094 primitus
1508 5001 1609 5075 beati

102 5119 203 5192 Petri
232 5118 410 5215 Apostoli
438 5120 670 5194 institutione
696 5120 857 5194 locatam
886 5137 925 5196 et
958 5122 995 5195 in
1031 5122 1164 5196 eadem
1201 5123 1435 5196 diversorum
1473 5125 1608 5198 Roma·

101 5269 237 5317 norum
268 5243 484 5319 Pontificum
512 5244 825 5340 predecessorum
854 5262 1067 5321 nostrorum
1096 5246 1335 5322 successione
1364 5249 1525 5323 veridica
1548 5251 1609 5322 fir·

8 5423 10 5442 2
101 5383 254 5457 matam,
286 5369 427 5462 meritis
455 5369 540 5444 licet
566 5369 782 5466 imparibus,
811 5372 1077 5470 gubernantes,
1100 5375 1196 5446 circa
1224 5387 1361 5447 statum
1388 5373 1607 5448 dilectorum
