3748 5914
253 309 314 368 304

904 309 1041 368 Soeculo
1061 308 1093 367 X
1101 309 1148 367 VI

297 411 462 417 ——-
707 409 815 416 -——-

266 535 281 569 r
302 503 549 578 concedimus.
581 503 631 576 Et
657 503 811 599 insuper
840 527 886 576 ne
905 503 941 575 in
961 521 1156 600 posterum
1177 503 1396 577 Decanatus
1414 503 1641 600 praedictus,
1661 505 1765 578 illius

264 645 521 704 «occurrente
548 630 754 714 vacatione,
785 631 822 701 in
850 628 1012 724 aliquem
1042 627 1279 702 Cardinalem
1308 654 1355 702 ex
1383 629 1575 704 voluntate
1611 655 1683 702 sua
1722 647 1765 703 et

267 787 281 819 «
303 779 377 828 non
393 779 441 826 ex
460 777 574 827 causa
588 753 736 850 publica
750 755 949 828 absentem
964 769 1003 826 et
1017 768 1175 850 propter
1192 752 1401 828 absentiam
1421 777 1527 826 suam
1547 754 1766 828 huiusmodi

266 909 282 942 e
301 878 529 972 quandoque
558 876 605 950 de
634 878 800 976 negociis
828 878 950 950 dictae
980 876 1089 950 Sedis
1117 878 1239 950 minus
1268 877 1506 950 informatum
1533 879 1570 951 in
1589 878 1765 952 iniuriam

266 1001 460 1075 «aliorum
491 1001 743 1076 Cardinalium
773 1018 859 1076 tunc
889 1003 1141 1098 praesentium
1170 1018 1210 1074 et
1237 1002 1346 1076 Rom.
1378 1003 1482 1077 Pont.
1503 1004 1765 1077 assistentium

267 1143 342 1200 «et
370 1143 572 1224 propterea
599 1127 647 1200 de
677 1128 839 1226 negotiis
868 1125 1047 1225 praelatis
1080 1128 1212 1201 melius
1250 1128 1533 1200 informatorum
1571 1127 1762 1212 deveniat,

264 1287 283 1322 a
303 1268 369 1326 aut
397 1277 511 1348 super
538 1253 674 1326 eodem
706 1253 901 1326 Decanatu
930 1251 1077 1348 aliquae
1105 1251 1384 1326 controversiae
1413 1278 1480 1325 seu
1508 1253 1765 1327 dissentiones

264 1411 283 1448 e
305 1378 401 1449 inter
429 1377 532 1472 ipsos
563 1375 785 1450 Cardinales
814 1377 990 1460 oriantur,
1013 1377 1212 1472 providere
1231 1377 1415 1460 volentes,
1438 1377 1706 1474 Motuproprio
1724 1394 1767 1450 et

265 1533 283 1566 «
303 1527 350 1574 ex
380 1515 486 1574 certa
515 1502 668 1576 scientia
697 1516 825 1573 nostra
853 1525 896 1573 ac
930 1502 979 1573 de
1014 1500 1247 1597 apostolieae
1279 1503 1481 1597 potestatis
1517 1500 1763 1598 plenitudine,

267 1661 284 1692 i
306 1627 375 1700 hac
405 1641 534 1700 nostra
564 1645 749 1723 perpetuo
777 1625 935 1699 valitura
964 1625 1242 1699 Constitutione
1271 1628 1458 1699 sancimus
1494 1627 1599 1721 quod
1637 1628 1765 1702 Deca-

267 1767 415 1824 «natus
444 1751 655 1825 huiusmodi
683 1751 731 1824 de
759 1769 886 1825 cetero
913 1752 1106 1847 perpetuis
1135 1750 1269 1822 futuris
1296 1751 1529 1846 temporibus
1548 1754 1693 1826 nonnisi
1713 1754 1763 1826 ad

269 1877 536 1971 «Episcopum
566 1874 805 1951 Cardinalem
832 1875 1082 1973 antiquiorem
1111 1876 1146 1948 in
1173 1875 1271 1948 dicta
1291 1874 1405 1948 Curia
1424 1893 1674 1971 praesentem,
1695 1895 1765 1951 aut

267 2027 355 2073 vex
381 2026 491 2073 causa
515 2001 662 2098 publica
688 2002 866 2076 absentem
884 2010 919 2074 et
935 2009 1047 2073 extra
1064 2001 1225 2074 eamdem
1246 1999 1400 2074 Curiam
1414 2011 1484 2098 per
1503 2001 1609 2076 Rom.
1634 2003 1766 2076 Ponti-

268 2124 406 2218 «Jieem
433 2126 664 2210 destinatum,
694 2128 871 2200 devenire
900 2127 1042 2222 possit;
1072 2140 1112 2198 et
1139 2125 1242 2220 quod
1271 2109 1388 2222 Epus.
1425 2125 1635 2199 Cardinalis
1672 2127 1764 2200 anti-

270 2283 286 2320 «
307 2253 415 2346 quior
442 2253 478 2323 in
508 2251 622 2324 Curia
641 2275 832 2348 praesens,
854 2265 920 2324 aut
939 2267 980 2324 ut
998 2251 1250 2347 praemittitur
1267 2253 1406 2326 absens
1425 2267 1466 2325 et
1481 2267 1589 2324 extra
1608 2253 1764 2325 Curiam

267 2404 286 2442 e
307 2377 518 2450 destinatus
537 2393 739 2473 postquam
761 2376 978 2450 Decanatus
996 2376 1209 2449 huiusmodi
1226 2379 1275 2449 ad
1300 2402 1385 2451 eum
1414 2375 1619 2462 devenerit,
1644 2401 1767 2449 onem

269 2501 399 2576 «aleos
429 2501 659 2588 Cardenales,
689 2501 796 2575 etzbm
824 2503 1060 2599 antiquiores,
1090 2513 1232 2599 semper
1264 2501 1304 2574 in
1331 2502 1514 2599 quibusvis
1549 2501 1767 2574 sessionibus

269 2636 341 2700 eet
366 2627 452 2700 aliis
472 2627 631 2726 publicis
657 2627 795 2700 actibus
813 2626 1025 2725 praecedat,
1054 2652 1117 2698 nec
1140 2639 1215 2725 per
1250 2626 1343 2704 alies
1378 2625 1493 2724 Epos
1531 2625 1764 2712 Cardznales‚

268 2781 288 2822 e
305 2753 416 2824 etiam
450 2753 686 2849 antiquiores,
725 2761 811 2824 tunc
846 2749 1019 2832 absentes,
1066 2752 1136 2824 etsi
1163 2753 1395 2849 postmodum
1434 2751 1672 2824 incontinenti
1713 2751 1772 2822 ad

270 2876 469 2950 «eamdem
501 2877 655 2950 Curiam
682 2903 719 2950 se
745 2877 948 2972 conferant,
979 2885 1014 2948 et
1038 2876 1078 2948 in
1096 2901 1139 2950 ea
1158 2877 1324 2950 continuo
1340 2877 1536 2962 resz'deant,
1555 2887 1669 2973 super
1686 2876 1768 2972 ipso

270 3032 288 3069 e
308 2999 515 3088 Decanatu,
544 3011 612 3075 aut
637 3001 739 3075 illius
765 3001 980 3076 sessionibus
1006 3001 1064 3074 uel
1087 3001 1173 3075 aliis
1199 3001 1336 3074 actibus
1361 3026 1423 3074 seu
1441 3001 1598 3097 negociis
1614 3000 1670 3072 ad
1682 3025 1767 3073 eum

270 3158 288 3196 e
300 3126 577 3223 pertenentibus,
608 3127 783 3226 inpediri
806 3137 874 3200 out
898 3127 1088 3200 molestari
1110 3125 1239 3200 ualeat.
1263 3125 1522 3198 Decernentes
1546 3125 1599 3198 sic
1629 3140 1670 3200 et
1689 3149 1766 3199 non

269 3283 288 3320 e
307 3248 415 3322 aliter
442 3251 477 3323 in
506 3253 722 3347 praemissis
750 3252 922 3326 omnibus
951 3267 991 3324 et
1019 3249 1176 3348 singulis
1195 3274 1264 3346 per
1281 3273 1543 3346 quoscumque
1562 3250 1707 3323 ludices
1725 3265 1769 3322 et

269 3405 288 3444 e
310 3374 601 3448 Commissarios
629 3375 761 3472 quavis
789 3377 900 3449 etiam
928 3375 1137 3471 apostolica
1155 3374 1378 3448 auctoritate
1396 3373 1599 3473 iungentes
1617 3390 1657 3448 et
1676 3399 1767 3448 cau-

272 3525 435 3574 «sarum
463 3500 591 3597 palatii
618 3500 815 3597 apostolici
856 3502 1062 3575 Auditores
1089 3525 1133 3574 ac
1161 3502 1368 3574 eorundem
1397 3498 1650 3576 Cardinalium
1680 3499 1793 3604 col--

270 3625 448 3724 «legium
476 3627 511 3699 in
541 3628 674 3723 quavis
703 3651 816 3700 causa
844 3643 883 3699 et
910 3625 1087 3700 instantia
1116 3624 1264 3699 sublata
1290 3627 1346 3698 eis
1374 3641 1446 3701 etc.
1466 3625 1654 3698 attentari.
1677 3625 1767 3698 Non

271 3751 545 3826 «obstantibus
574 3751 917 3827 constitutionibus
946 3767 984 3824 et
1013 3751 1163 3824 indultis
1191 3750 1334 3847 aplicis
1361 3777 1405 3824 ac
1433 3748 1531 3847 stylo
1567 3749 1694 3846 palatii
1725 3769 1768 3822 et

269 3875 533 3951 «Concistorii
566 3878 685 3951 nostri
723 3901 866 3951 necnon
908 3877 1024 3972 ipsius
1062 3875 1221 3974 Collegii
1249 3892 1289 3949 et
1316 3876 1536 3961 iuramento,
1567 3876 1766 3949 confirma-

274 4036 290 4072 «
311 4003 412 4076 tione
427 4002 645 4098 apostolica,
662 4003 722 4077 vel
742 4003 874 4099 quavis
894 4002 1068 4076 firmitate
1086 4003 1158 4076 alia
1178 4001 1363 4076 roboratis
1380 4002 1539 4074 Statutis
1553 4017 1592 4074 et
1606 4026 1766 4077 consue·

271 4128 517 4226 ‹tudinibus;
547 4129 784 4224 coeterisque
812 4129 1006 4202 contrariis
1034 4129 1344 4224 quibuscumque.
1368 4126 1466 4200 Nulli
1494 4152 1590 4225 ergo
1612 4127 1763 4200 omnino

274 4285 290 4322 e
312 4253 501 4325 hominum
530 4255 640 4326 liceat
659 4255 755 4326 hanc
773 4253 950 4350 paginam
970 4269 1123 4326 nostrae
1143 4252 1415 4336 declarationis,
1437 4252 1654 4336 vocationis,
1676 4277 1764 4325 con-

272 4379 502 4461 ‹cessionis
533 4353 735 4452 sanctioiris
763 4393 802 4451 et
829 4378 1030 4474 infringere
1056 4377 1115 4449 vel
1148 4377 1182 4449 ei
1214 4401 1307 4450 ausu
1338 4378 1538 4450 temerario
1566 4376 1760 4451 contraire.

273 4535 291 4572 e
313 4502 350 4576 Si
379 4503 463 4599 quis
491 4517 620 4576 autem
646 4521 764 4578 etc...
794 4503 937 4577 Datum
967 4502 1111 4576 Romae
1138 4501 1241 4596 apud
1277 4501 1316 4576 S.
1346 4501 1518 4573 Marcum
1555 4524 1613 4575 an.
1645 4501 1759 4574 lncar.

274 4627 532 4701 «Dominicae
560 4625 755 4701 millesimo
783 4625 1086 4726 quingentesimo
1114 4625 1429 4722 quinquagesimo
1457 4624 1600 4720 quinto,
1630 4647 1670 4696 ru
1689 4625 1760 4698 kal.

272 4769 408 4849 «sept.
440 4753 679 4827 Pontificatus
707 4744 825 4826 nostri
853 4777 953 4826 anno
981 4754 1064 4826 1.›.

347 4878 428 4953 Nos
456 4877 738 4952 considerantes
766 4881 869 4973 quod
898 4876 1022 4951 dilecti
1051 4877 1129 4950 Filii
1160 4903 1260 4950 caus.
1289 4875 1416 4972 palatii
1434 4874 1628 4972 apostolici
1648 4875 1762 4947 Audi·

267 5018 370 5076 tores
397 5002 446 5075 ad
474 5028 608 5076 causas
635 5004 862 5077 audiendum
882 5020 921 5077 et
939 5003 1019 5076 iura
1038 5002 1273 5075 reddendum
1292 5002 1494 5084 constituti,
1516 4997 1764 5097 personaliter

266 5126 302 5198 in
331 5127 375 5200 R.
407 5126 523 5200 Curia
558 5127 725 5201 residere
760 5129 899 5200 debent
934 5151 989 5213 ac,
1020 5151 1150 5200 eorum
1187 5126 1221 5197 in
1262 5125 1397 5198 eadem
1436 5123 1551 5198 Curia
1587 5124 1762 5198 continua

268 5251 469 5325 residentia
505 5252 542 5324 id
579 5251 766 5348 exigente,
797 5253 833 5324 in
867 5253 1136 5347 assequutione
1168 5251 1392 5348 dignitatum
1428 5247 1509 5323 aliis
1544 5249 1761 5322 absentibus

267 5375 400 5450 merito
428 5375 666 5472 praeferendi
691 5391 730 5448 et
756 5374 999 5473 amplioribus
1036 5375 1239 5474 privilegiis
1272 5375 1479 5450 honorandi
1520 5373 1684 5460 veniunt,
1716 5374 1763 5447 de
