3720 5916
741 293 909 354 Clemente
928 293 978 352 IX
1557 290 1613 350 113

119 493 231 590 quod'
246 509 356 567 nocte
384 491 557 586 sequenti
585 489 653 564 luit
680 489 857 574 clausum,
889 510 1120 583 unoquoque
1160 487 1196 559 in
1235 511 1304 560 sua
1342 485 1435 562 cella
1462 511 1611 585 perma-

121 631 228 690 nente
254 641 338 691 cum
367 617 445 689 suis
475 613 734 689 Conclavistis.
766 611 825 700 Et,
847 628 1005 686 vacante
1033 611 1145 698 Sede,
1174 635 1248 686 non
1276 611 1426 686 suerunt
1452 611 1613 709 amplius

119 741 248 827 Rotae,
280 741 517 838 cessavitque
545 739 657 815 etiam
686 735 892 812 iurisdictio
919 737 1085 812 omnium
1112 735 1269 811 aliorum
1303 738 1468 812 iudicum
1498 737 1613 812 Com·

120 866 380 942 missariorum.

808 1094 899 1174 309.

583 1207 594 1232 ⁸
626 1239 763 1314 ecana
793 1237 984 1313 cremina
1013 1239 1088 1314 [X.

195 1395 313 1468 (Anca
331 1393 418 1468 Rom,
442 1419 455 1445 ι
467 1393 631 1454 Diarium
650 1392 790 1454 Ioannis
809 1393 949 1454 Emarr'x
961 1395 998 1466 ι).

574 1571 647 1644 Die
676 1571 804 1644 Lunae
836 1595 885 1645 20
914 1571 1003 1643 lunii
1038 1577 1134 1664 1667

199 1704 261 1774 26.
291 1696 340 1770 de
368 1722 465 1782 sero,
495 1696 591 1770 circa
619 1697 751 1771 horam
782 1697 1059 1792 aaspulsatam,
1091 1697 1158 1770 luit
1185 1696 1328 1772 electus
1355 1699 1391 1770 in
1420 1695 1615 1772 Summum

119 1821 346 1910 Pontificem,
390 1837 431 1896 et
467 1845 725 1904 successorem
767 1821 973 1895 Alexandri
1020 1821 1088 1896 ΡΡ.
1126 1819 1204 1908 Vll,
1245 1821 1373 1908 Emus,
1416 1837 1456 1896 et
1497 1823 1617 1898 Rrirus

120 1947 166 2024 D.
199 1947 314 2022 Card.
332 1947 443 2020 Iulius
463 1945 740 2044 Rospigliosus,
762 1945 826 2042 qui
844 1948 1021 2042 imposuit
1040 1945 1110 2022 sibi
1130 1971 1267 2020 nomen
1286 1946 1464 2022 Clemens
1484 1972 1616 2036 nonus,

118 2071 182 2168 qui
209 2071 347 2146 deinde
375 2071 442 2146 luit
468 2088 671 2146 coronatus
707 2071 744 2144 in
785 2071 945 2146 Basilica
971 2071 1010 2148 S.
1050 2071 1148 2146 Petri
1175 2071 1236 2146 die
1264 2071 1463 2147 Dominico
1493 2079 1541 2147 26
1570 2074 1618 2148 de

118 2221 242 2284 mane,
276 2212 316 2272 et
352 2198 411 2271 die
448 2197 567 2271 domco
601 2219 621 2290 3
665 2197 740 2270 iulii
781 2213 872 2295 post
911 2220 1092 2294 vesperas
1134 2221 1218 2270 cum
1255 2197 1412 2271 solemni
1448 2199 1618 2296 equitatu

117 2320 294 2395 discessit
325 2347 348 2396 a
386 2320 546 2395 Basilica
583 2321 620 2398 S.
657 2321 756 2396 Petri
792 2337 831 2395 et
866 2322 1027 2396 accessit
1062 2321 1111 2395 ad
1132 2321 1427 2396 Lateranensem
1447 2323 1509 2397 ubi
1528 2348 1619 2421 pos·

118 2445 330 2521 sessionem
358 2445 513 2544 accepit.

818 2709 910 2790 310.

116 2854 279 2928 Ioancccs
306 2853 466 2928 Emarix
494 2855 612 2928 Rolac
638 2853 807 2926 valedicit
830 2880 874 2928 ac
900 2878 1024 2928 coram
1057 2851 1306 2928 Cancellariac
1324 2853 1485 2928 Nolart'o
1507 2865 1620 2948 trac·

198 2989 277 3053 stat
300 3003 509 3054 consensum
534 2978 793 3077 supplicationi
816 2977 1040 3052 dimissionis
1067 2977 1326 3054 Auctoratus.

203 3136 321 3209 (Anca.
341 3136 427 3209 Rom,
451 3132 640 3193 «Diarium
658 3131 771 3194 iacobi
786 3133 926 3194 Emert‘x
938 3137 974 3206 ι).

621 3319 695 3394 Die
725 3343 743 3392 2
752 3343 772 3412 3
804 3318 961 3394 Ianuarii
996 3322 1107 3394 1668.

203 3487 268 3557 32·
299 3463 424 3537 lllmus
452 3476 492 3536 et
520 3459 639 3536 Rrirus
670 3463 718 3536 D.
749 3461 822 3536 lo.:
853 3459 1017 3546 Emerix,
1052 3460 1273 3536 Avunculus
1301 3486 1420 3547 meus,
1442 3461 1569 3538 habita
1598 3487 1621 3536 a

115 3589 245 3664 ssno
275 3587 324 3664 D.
354 3586 403 3666 N.-
433 3585 629 3662 Clemente
657 3584 712 3659 IX
741 3585 908 3661 Licentia
936 3585 1146 3661 dimittendi
1178 3585 1337 3661 officium
1371 3612 1481 3660 suum
1500 3585 1622 3662 Audi-

114 3731 271 3792 toratus
302 3713 351 3786 ad
379 3711 547 3787 favorem
565 3712 639 3787 mei
666 3711 789 3786 iacobi
807 3711 959 3785 Emerix
977 3712 1025 3785 dc
1045 3709 1190 3785 Mattiis
1209 3736 1258 3784 ex
1284 3735 1416 3786 sorore
1445 3711 1617 3808 Nepotis,

113 3843 152 3915 in
182 3839 381 3938 sequelam
409 3837 577 3937 gratiose
605 3836 868 3912 nominationis
894 3837 1031 3912 Sacrae
1062 3835 1276 3910 Caesareae
1295 3835 1508 3911 Maiestatis
1526 3835 1624 3912 Leo-

113 3963 229 4063 poldi
257 3963 364 4061 primi
393 3961 633 4060 imperatoris
654 3961 804 4036 Domini
825 3961 1127 4048 clementissimi,
1146 3960 1258 4034 hodie
1277 3960 1360 4036 vale
1376 3961 1468 4036 dixit
1487 3961 1625 4036 DDiiis

113 4107 157 4166 et
186 4088 407 4193 successive
435 4086 495 4161 die
524 4085 698 4183 sequenti
716 4085 905 4183 praestitit
931 4111 1058 4160 coram
1078 4085 1238 4160 Notario
1267 4083 1521 4162 Cancellariae
1540 4111 1624 4161 con·

114 4240 279 4292 sensum
309 4211 568 4310 supplicationi
596 4208 822 4286 dimissionis
850 4212 923 4286 iam
950 4236 1019 4307 per
1047 4208 1173 4308 plures
1198 4211 1279 4284 dies
1296 4213 1569 4309 antesignatae.

826 4491 917 4570 311.

118 4643 257 4734 Quum
293 4638 451 4736 officinm
479 4635 726 4710 Auditoratus
760 4635 876 4709 Rotas
917 4634 1075 4708 daretur
1113 4633 1169 4707 ad
1203 4635 1500 4733 supplicationem
1535 4638 1622 4710 rasi·

197 4767 360 4864 gnantis
385 4772 421 4836 ct
443 4759 697 4859 resignatas-ii,
722 4763 855 4856 gratia
881 4759 1146 4857 concipiebatur
1171 4785 1243 4834 noca
1277 4759 1317 4832 in
1339 4760 1474 4854 forma
1509 4770 1626 4834 motus

195 4889 365 4991 proprii,
395 4886 461 4962 scil
483 4887 524 4960 in
540 4885 674 4980 forma
702 4885 972 4982 resignationis.

200 5047 322 5122 (Auen.
341 5045 428 5118 Rom,
451 5069 464 5094 ‹
476 5041 641 5102 Diacium
662 5039 771 5100 Iacobi
787 5039 927 5099 Emeruit
939 5040 975 5112 ι).

208 5253 273 5323 33.
306 5227 524 5302 Notandum
552 5239 679 5298 autem
707 5222 765 5296 hic
801 5236 863 5296 est
897 5221 1057 5320 gratiam
1090 5244 1211 5295 meam
1249 5220 1363 5294 luisse
1405 5235 1627 5318 conceptam

112 5383 199 5434 non
234 5354 271 5428 in
299 5353 418 5428 forma
445 5366 571 5426 motus
599 5349 740 5446 proprii
759 5348 862 5423 iuxta
889 5346 1050 5433 solitum,
1072 5349 1225 5441 quando
1243 5347 1285 5420 iit
1323 5347 1489 5444 provisio
1509 5345 1628 5419 Audi-
