3686 5916
715 293 882 364 Clemente
901 302 989 362 XIII
1544 307 1600 366 571

94 509 285 570 verentur.
316 496 455 570 Omnia
483 499 575 570 haee
603 496 715 593 igitur
744 497 987 571 instauranda
1017 497 1168 571 Domini
1196 513 1235 571 et
1262 499 1505 595 exequutioni
1532 499 1602 594 pri-

95 644 199 692 mum
228 619 409 695 mittenda
443 619 631 694 duxerunt
664 619 791 718 quoad
826 646 1010 717 personas
1044 622 1194 718 losephi
1229 623 1383 696 Antonii
1422 621 1528 696 Curti
1563 639 1602 698 et

95 743 269 818 Thomae
312 744 449 830 Cicelli‚
479 770 549 844 pro
588 771 748 842 quorum
784 746 915 834 altero,
954 771 1090 844 nempe
1127 769 1198 843 pro
1235 747 1397 843 losepho
1434 747 1602 823 Antonio

96 866 216 955 Curti,
247 870 457 944 numeravit
484 885 591 944 scuta
624 895 696 944 120
727 869 887 945 Carolus
919 870 1145 945 Ambrosius
1182 872 1295 968 Lepri
1331 871 1602 968 Proprietarius

95 991 193 1065 illius
229 993 337 1067 officii
375 993 549 1069 vacabilis
587 1019 722 1070 nomen
760 995 932 1070 habentis
968 995 1137 1070 eiusdem
1176 995 1302 1071 Curti:
1338 1020 1408 1092 pro
1450 995 1602 1070 Cicellio

94 1142 188 1191 vero
229 1119 390 1215 ipsemet
430 1120 494 1216 qui
535 1136 575 1194 et
615 1121 725 1195 titulo
766 1136 806 1194 et
845 1121 1078 1218 proprietate
1113 1119 1301 1195 Vacabilis
1334 1123 1486 1218 potitur.
1517 1121 1603 1194 lecit

96 1243 405 1320 numerationem.
437 1245 606 1320 Examen
633 1271 725 1319 vero
752 1270 823 1343 pro
850 1246 972 1342 primo
1000 1246 1136 1321 subivit
1165 1246 1316 1320 Marcus
1344 1246 1447 1320 Lotti
1475 1245 1603 1320 Admi-

96 1368 287 1454 nistrator,
317 1393 465 1466 proque
493 1370 615 1445 altero
643 1371 724 1467 ipse
754 1370 941 1445 Cidellius.

811 1649 900 1728 465.

104 1791 309 1866 Unrirersus
341 1793 494 1866 Turnus
520 1792 653 1866 rotalis
679 1818 858 1867 accessum
885 1794 1093 1868 ziedz'cialem
1115 1795 1266 1892 perficit
1281 1796 1322 1870 in
1348 1816 1602 1870 rauracorum

181 1915 412 1991 Paracciane
436 1917 623 2015 pendente.

182 2072 295 2142 (Anca
315 2072 404 2146 Rue,
428 2071 617 2132 «Dianium
638 2073 865 2146 Camerale»).

567 2198 723 2329 ¹Lunae
757 2280 801 2348 19
832 2255 972 2352 Aprilis
1006 2263 1117 2350 1762.

182 2417 407 2491 Celebratus
435 2417 502 2491 suit
530 2417 589 2492 die
624 2441 669 2544 ιθ
698 2417 838 2513 Aprilis
872 2424 968 2511 1762
996 2442 1171 2492 accessus
1201 2419 1346 2493 Rotalis
1374 2415 1481 2492 extra
1518 2416 1602 2491 Por-

99 2557 178 2614 tam
207 2540 245 2617 S.
276 2541 466 2615 Laurentii
493 2543 529 2614 in
558 2567 672 2615 causa
701 2543 872 2615 Romana
901 2540 1028 2640 Spele'i,
1058 2559 1377 2637 accesseruntque
1403 2541 1452 2615 ad
1479 2543 1601 2616 locum

98 2667 391 2751 controversiae,
422 2682 500 2739 tum
531 2667 650 2739 Rrirus
679 2667 925 2742 Paraccianus
951 2668 1108 2752 Ponens‚
1131 2685 1209 2742 tum
1230 2685 1393 2765 quatuor
1410 2669 1491 2742 eius
1512 2665 1602 2740 Cor-

99 2789 354 2888 responsales.

813 3002 903 3080 466.

101 3145 309 3219 Innovatnr
335 3147 453 3220 Rotae
478 3146 595 3230 stelas,
624 3172 650 3220 a
676 3171 746 3244 qno
773 3146 963 3220 novissim
989 3146 1119 3220 aberat
1143 3149 1253 3230 Rota.
1283 3147 1385 3246 qnod
1416 3147 1457 3222 in
1482 3148 1603 3222 causer

181 3272 300 3345 Rotae
319 3282 395 3370 pro
421 3280 498 3344 vete
525 3271 584 3344 vel
606 3297 630 3344 a
659 3270 868 3366 Szssgnatura
897 3271 1075 3356 Iustitiae,
1114 3270 1173 3345 vel
1204 3272 1250 3345 ab
1288 3273 1471 3346 Auditore
1504 3272 1600 3346 Sen-

180 3397 340 3481 cte'ssimi,
370 3397 429 3469 vel
451 3422 476 3470 a
502 3397 622 3470 sacris
658 3395 1017 3493 Congregatzenibus,
1057 3396 1117 3469 vel
1148 3423 1172 3470 a
1215 3397 1254 3470 T
1248 3373 1479 3472 ramalibus
1509 3424 1603 3473 com-

181 3523 312 3607 muns,
343 3521 488 3595 Penens
514 3522 650 3619 etipse
676 3529 796 3594 notum
820 3521 1013 3618 proferret
1036 3521 1073 3594 ri
1096 3547 1207 3595 cansa
1241 3522 1480 3622 properanda
1515 3531 1606 3596 esset

183 3647 222 3718 z'n
250 3656 362 3720 turno
388 3645 592 3721 ordenarze.

182 3803 297 3871 (Auen.
316 3803 403 3877 Rue,
427 3801 616 3861 ‹Debre'um
637 3801 811 3861 Camerale
823 3805 859 3874 »).

639 3983 735 4060 Ven.
762 4007 807 4077 14
837 3984 927 4058 Maii
956 3990 1066 4077 1762.

183 4129 274 4203 Post
301 4128 513 4204 absolutam
542 4129 578 4200 in
607 4127 676 4201 hac
705 4126 805 4201 Rota
843 4125 1054 4201 Causarum
1089 4126 1372 4210 discussionem,
1411 4126 1603 4201 institutus

100 4263 314 4328 est'sermo
342 4253 390 4327 de
419 4253 461 4327 iis
489 4253 524 4326 in
554 4253 690 4350 quibus
717 4250 777 4326 vel
804 4275 852 4326 ex
882 4251 1055 4325 Decretis
1084 4251 1309 4350 Signaturae
1343 4265 1383 4325 et
1409 4249 1604 4324 Auditoris

102 4379 221 4463 Ssmi,
252 4375 311 4452 vel
338 4403 360 4452 a
389 4377 758 4476 Congregationibus
786 4375 945 4472 aliisque
974 4377 1236 4451 Tribunalibus
1257 4375 1371 4450 Urbis
1399 4375 1605 4472 exquiritur

102 4502 244 4579 Votum
276 4501 381 4576 Sacri
418 4503 615 4577 Auditorii.
655 4503 914 4575 Adverterunt
944 4503 1043 4574 enim
1076 4500 1228 4576 Domini
1265 4502 1468 4598 postremis
1502 4500 1604 4575 hisce

101 4627 335 4724 temporibus
363 4643 493 4701 contra
520 4643 686 4700 veterem
724 4650 867 4702 morem
903 4625 1189 4723 institutumque
1226 4626 1412 4701 Maiorum
1446 4625 1605 4723 proponi

101 4750 299 4844 decidique
326 4749 435 4824 huius
463 4751 614 4848 generis
641 4773 776 4836 causas
804 4749 884 4823 sine
910 4765 1002 4823 voto
1031 4749 1218 4834 Ponentis,
1256 4749 1335 4823 sive
1371 4750 1409 4822 id
1444 4749 1606 4825 lortasse

101 4877 297 4973 contingat
324 4877 412 4972 quia
441 4875 571 4949 Motus
599 4875 775 4971 proprius
812 4873 920 4950 ssmi
950 4874 997 4951 D.
1029 4875 1076 4950 N.
1118 4873 1323 4948 Clementis
1356 4873 1443 4948 Xlll
1475 4874 1605 4949 ultimo

102 4999 185 5074 loco
215 5022 409 5096 nuperque
428 4999 552 5074 editus
570 4997 738 5072 kalendis
765 4999 944 5074 Octobris
964 5020 1075 5094 1759,
1098 4997 1284 5072 sinistram
1304 4997 1477 5072 habuerit
1495 5001 1606 5072 inter·

102 5125 365 5221 pretationem,
395 5125 474 5198 sive
503 5123 590 5219 quia
618 5123 817 5220 ancipitem
854 5123 924 5198 hac
956 5123 995 5197 in
1029 5137 1136 5220 parte
1171 5147 1324 5197 sensum
1361 5123 1533 5198 habuerit
1568 5125 1604 5197 in

101 5247 250 5324 duobus
267 5249 477 5350 *Rotalibus
506 5248 680 5324 Decretis
708 5272 869 5346 quorum
897 5249 1058 5356 primum
1086 5249 1275 5323 emanavit
1302 5248 1363 5324 die
1388 5272 1432 5340 19
1463 5248 1606 5340 9mbris

103 5372 274 5448 eiusdem
301 5374 399 5459 anni,
430 5373 589 5448 alterum
617 5374 677 5447 die
712 5398 751 5446 11
786 5373 943 5446 Ianuarii
977 5380 1086 5468 1760.
