3720 5914
237 323 290 382 184
511 361 516 372 ,
879 322 1016 381 Soecuzo
1035 321 1104 382 XV

234 516 441 590 litterarum
460 515 774 590 contradictarum
788 515 990 591 lectoribus
1005 531 1043 590 et
1063 517 1381 612 procuratoribus,
1397 541 1465 590 nec
1480 540 1555 590 non
1566 516 1731 591 Bullato-

142 701 144 704 .
234 641 336 715 ribus
351 640 440 714 etin
456 640 611 736 plumbo
626 640 820 738 Magistris
839 655 878 714 et
900 641 1053 736 reliquis
1068 641 1207 714 nostris
1221 656 1260 715 et
1274 641 1372 714 dicte
1388 639 1490 715 sedis
1503 666 1547 715 ac
1562 640 1731 716 Romane

235 763 349 839 Curie
370 763 602 840 Officialibus
622 783 699 839 tam
728 767 969 862 presentibus
988 791 1102 863 quam
1121 765 1264 854 futuris,
1286 782 1325 840 et
1338 765 1488 842 cuilibet
1501 790 1641 853 eorum,
1659 769 1730 842 sub

234 913 331 986 pena
359 889 540 985 predicta,
570 913 617 964 ne
644 914 715 987 pro
743 889 878 965 litteris
903 890 1121 988 apostolicis
1141 891 1218 964 sive
1238 892 1309 965 sub
1331 888 1432 964 bulla
1460 891 1539 964 sive
1558 890 1594 962 in
1615 889 1731 964 forma

171 1037 184 1060 ‘
233 1013 369 1098 brevis,
391 1013 470 1088 sive
489 1013 668 1088 iustitiam
687 1015 765 1088 sive
783 1014 945 1113 gratiam
961 1030 1197 1100 concernant,
1215 1015 1327 1088 etiam
1342 1014 1373 1089 si
1389 1013 1471 1088 illas
1484 1038 1532 1088 ex
1546 1030 1731 1110 quaterno

234 1135 464 1212 Cancellarie
491 1139 659 1235 predicte
678 1155 874 1214 assumant
892 1156 934 1213 ut
951 1140 1147 1236 prefertur,
1167 1165 1211 1214 ac
1240 1140 1383 1215 ratione
1411 1154 1498 1213 taxe
1524 1140 1730 1214 litterarum

234 1261 486 1359 predictarum
516 1262 595 1337 sive
621 1287 693 1359 pro
720 1264 969 1362 registratura
996 1279 1061 1338 aut
1089 1264 1303 1360 sumptibus
1330 1280 1369 1337 et
1395 1263 1512 1360 copiis
1545 1264 1732 1360 supplica-

233 1385 377 1460 tionum
406 1403 446 1461 et
472 1386 679 1460 litterarum
707 1386 925 1462 earumdem
953 1387 1089 1484 quibus
1117 1387 1188 1485 ipsi
1216 1387 1422 1462 Auditores
1454 1412 1524 1483 pro
1562 1405 1731 1484 tempore

234 1511 472 1610 indiguerint,
494 1527 533 1586 et
560 1537 630 1609 per
657 1538 699 1587 se
727 1513 785 1586 vel
812 1513 925 1587 alium
952 1511 1128 1586 duxerint
1154 1512 1392 1609 expedienda
1410 1513 1469 1587 vel
1494 1513 1729 1609 requirenda,

232 1635 373 1732 aliquid
400 1615 449 1711 ab
475 1635 530 1711 eis
556 1637 617 1711 vel
645 1663 776 1714 eorum
804 1637 1094 1730 solicitatoribus
1121 1638 1273 1737 exigere
1300 1653 1542 1736 presumant;
1576 1637 1644 1713 sed
1673 1636 1734 1711 illa

232 1763 357 1837 omnia
384 1763 440 1836 eis
465 1765 584 1861 gratis
612 1764 703 1838 dent
738 1765 884 1860 absque
918 1762 1224 1850 contradictione,
1263 1764 1487 1850 resistentia,
1516 1763 1578 1838 vel
1614 1763 1734 1860 impe-

230 1885 397 1961 dimento
416 1911 671 1984 quocumque:
688 1889 721 1963 si
739 1914 830 1963 vero
847 1888 971 1963 littere
990 1890 1071 1985 ipse
1088 1889 1138 1964 ad
1153 1887 1353 1963 Cameram
1367 1886 1614 1985 apostolicam
1629 1889 1733 1962 iuxta

230 2010 326 2085 illius
353 2014 664 2088 consuetudinem
685 2013 908 2088 remittende
927 2013 1072 2098 luerint,
1094 2012 1175 2087 illas
1193 2014 1243 2087 ad
1262 2013 1439 2088 officiales
1458 2014 1557 2087 dicte
1572 2012 1733 2087 Camere

230 2137 302 2210 sub
328 2138 461 2212 eadem
489 2163 588 2233 pena
616 2139 880 2225 transmittant,
912 2136 1077 2212 ulteriori
1110 2137 1274 2212 iussione
1307 2155 1437 2212 nostra
1473 2136 1509 2210 in
1537 2139 1733 2235 premissis

231 2261 404 2336 omnibus
445 2286 520 2337 non
561 2267 770 2360 expectata.
815 2263 865 2336 Et
906 2278 948 2336 ut
989 2262 1173 2338 ordinatio
1218 2287 1262 2336 ac
1304 2263 1523 2338 mandatum
1561 2279 1732 2338 nostrum

230 2386 444 2461 huiusmodi
470 2413 494 2462 a
522 2389 717 2484 premissis
744 2389 917 2462 omnibus
946 2390 1180 2475 observetur,
1210 2389 1355 2463 dilectis
1378 2387 1460 2462 filiis
1484 2388 1731 2485 apostolicam

233 2509 502 2586 Cancellariam
522 2536 593 2608 pro
614 2528 786 2609 tempore
807 2513 1042 2612 Regentibus
1061 2528 1193 2587 tenore
1211 2512 1443 2609 presentium
1465 2515 1732 2588 committimus

232 2651 271 2708 et
298 2635 530 2722 mandamus,
561 2652 602 2710 ut
638 2636 804 2733 prelatas
836 2652 988 2712 nostras
1021 2635 1167 2711 litteras
1203 2638 1305 2734 apud
1334 2638 1526 2712 Officiales
1564 2639 1732 2734 prelatos

231 2759 295 2834 ubi
331 2776 370 2834 et
406 2760 562 2857 quando
597 2787 669 2858 pro
705 2776 814 2858 parte
851 2761 1036 2836 dictorum
1073 2763 1300 2837 Auditorum
1329 2760 1388 2836 vel
1420 2762 1574 2836 alicuius
1600 2786 1732 2836 eorum

231 2884 367 2959 luerint
403 2886 581 2982 requisiti,
618 2887 842 2962 auctoritate
871 2903 1000 2961 nostra
1034 2886 1252 2961 solemniter
1279 2887 1482 2984 publicent,
1512 2888 1613 2962 etin
1647 2912 1733 2984 pre·

231 3010 356 3084 missis
384 3009 528 3084 eisdem
548 3013 797 3087 Auditoribus
825 3011 987 3087 efficacis
1015 3012 1242 3088 defensionis
1261 3013 1426 3110 presidio
1454 3015 1647 3096 assistant,
1666 3039 1733 3086 nec

230 3135 451 3230 permittant
469 3136 525 3208 eis
544 3161 659 3233 super
677 3137 980 3232 expeditionibus
998 3136 1206 3211 litterarum
1225 3154 1265 3212 et
1282 3139 1440 3213 aliorum
1459 3139 1730 3234 premissorum

228 3276 360 3333 contra
389 3259 553 3334 mandati
577 3278 616 3335 et
643 3261 888 3336 ordinationis
917 3263 1033 3337 nostri
1061 3264 1315 3359 predictorum
1343 3279 1524 3351 tenorem,
1556 3263 1730 3338 molesta-

126 3485 128 3490 ι
229 3382 352 3456 tiones
377 3383 438 3456 vel
466 3409 591 3458 moras
618 3401 685 3458 aut
712 3384 980 3481 impedimenta
1007 3386 1133 3483 aliqua
1161 3387 1341 3485 irrogare,
1361 3411 1427 3460 seu
1456 3387 1505 3460 ab
1533 3386 1587 3460 eis
1615 3412 1730 3483 pecu-

230 3506 311 3580 nias
339 3506 484 3604 aliquas
511 3509 647 3582 eadem
674 3509 871 3584 occasione
891 3510 1119 3606 extorqueri,
1141 3535 1209 3586 nec
1228 3534 1302 3585 non
1331 3510 1415 3585 illos
1434 3536 1482 3585 ex
1507 3510 1727 3586 Rescriben·

228 3631 352 3715 dariis,
371 3629 717 3728 Computatoribus,
737 3633 964 3732 reliquisque
981 3635 1213 3711 Officialibus
1231 3636 1409 3732 predictis
1423 3661 1521 3733 quos
1535 3661 1582 3710 ex
1596 3661 1730 3733 preva-

227 3755 405 3829 ricatione
423 3756 667 3832 ordinationis
682 3775 721 3831 et
735 3758 901 3834 mandati
920 3760 1039 3834 nostri
1050 3760 1320 3856 predictorum,
1337 3761 1730 3837 excommunicationis

229 3881 454 3955 sententiam
469 3882 679 3970 inc'urri'sse,
699 3907 768 3979 per
796 3882 915 3958 solam
934 3885 1020 3958 lacti
1033 3885 1269 3972 evidentiam,
1293 3911 1359 3959 seu
1379 3886 1429 3959 ad
1452 3885 1612 3959 duorum
1640 3886 1731 3960 fide·

231 4003 432 4102 dignorum
452 4007 682 4094 relationem,
704 4008 762 4081 cui
781 4008 936 4083 firmiter
953 4025 1087 4098 stetur,
1106 4009 1163 4083 eis
1182 4010 1391 4084 constiterit
1408 4009 1730 4086 exommunicatos

229 4129 377 4225 publice
405 4131 594 4220 nuncient,
623 4131 835 4230 faciantque
863 4136 913 4208 ab
939 4135 1020 4208 aliis
1052 4135 1218 4209 nunciari
1245 4152 1284 4209 et
1311 4137 1360 4210 ab
1388 4136 1559 4210 omnibus
1590 4125 1730 4210 arctius

231 4253 374 4342 evitari,
404 4255 526 4329 donec
561 4257 757 4353 paruerint
791 4283 836 4332 ac
873 4261 1078 4333 meruerint
1104 4262 1154 4334 ab
1185 4261 1319 4334 eadem
1354 4261 1446 4335 sede
1482 4261 1729 4336 absolutionis

230 4378 451 4453 beneficium
488 4383 669 4458 obtinere.
700 4383 788 4456 Non
820 4385 1058 4480 obstantibus
1093 4385 1391 4482 quibuscumque
1419 4385 1498 4460 aliis
1526 4386 1730 4460 ordinatio-

231 4503 339 4577 nibus
376 4507 514 4579 nostris
551 4522 628 4581 tam
669 4508 776 4582 lactis
812 4532 926 4605 quam
961 4508 1153 4597 iaciendis,
1191 4509 1303 4584 etiam
1340 4509 1613 4585 individualiter
1649 4535 1729 4607 pre·

229 4626 356 4701 missis
384 4630 669 4728 derogantibus
702 4632 765 4705 Ad
792 4657 953 4728 quorum
982 4633 1147 4707 omnium
1176 4634 1291 4707 robur
1317 4648 1356 4707 et
1387 4635 1641 4708 omnimodam
1669 4636 1728 4706 fir-

230 4751 409 4839 mitatem,
431 4753 592 4853 sigillum
618 4756 717 4830 anuli
746 4756 944 4852 piscatoris
971 4759 1211 4854 presentibus
1239 4757 1380 4854 apponi
1408 4758 1677 4835 mandavimus.

311 4877 440 4951 Placet
464 4889 500 4952 ct
524 4881 577 4953 ita
606 4881 828 4954 mandamus
854 4881 901 4957 F.
