3718 5918
241 309 297 368 474
857 307 995 366 soeculo
1015 306 1046 366 Χ
1055 305 1139 366 VIII

321 501 542 596 Quocirca,
573 503 717 576 dilectis
746 500 829 576 filiis
857 502 1006 586 nostris,
1037 501 1206 574 eiusdem
1235 501 1273 576 S.
1296 500 1341 576 R.
1365 501 1409 576 E.
1431 499 1750 574 Vicecancellario
1855 527 1856 546 ¹

240 643 280 700 et
314 625 542 714 Camerario,
573 653 617 701 ac
653 627 863 700 Causarum
898 625 1034 700 Curiae
1072 624 1256 700 Camerae
1294 626 1537 721 Apostolicae
1575 624 1749 723 generali
1855 631 1856 634 ’

240 751 426 839 Auditori‚
457 777 525 848 per
554 766 762 848 presentes,
794 768 897 825 motu
927 750 1018 846 pari,
1042 751 1308 824 committimus
1327 767 1366 823 et
1386 751 1618 836 mandamus,
1649 773 1749 846 qua-

240 891 351 950 tenus
379 877 460 972 ipsi,
489 877 549 951 vel
577 877 665 964 duo,
695 891 763 949 aut
798 900 895 950 unus
932 898 1074 959 eorum,
1105 899 1175 971 per
1211 900 1253 948 se
1288 874 1349 948 vel
1382 875 1505 960 alium,
1536 898 1603 948 seu
1634 874 1744 960 alios,

239 1003 395 1075 easdem
436 1015 658 1097 praesentes
700 1000 827 1074 literas
856 1015 896 1074 et
936 1000 973 1072 in
1008 1001 1063 1074 eis
1104 1015 1282 1074 contenta
1309 1024 1582 1097 quaecumque,
1612 998 1675 1073 ubi
1705 1013 1748 1072 et

240 1127 393 1223 quando
420 1151 517 1222 opus
546 1125 666 1212 suerit,
698 1143 737 1200 et
765 1125 916 1222 quoties
943 1149 1013 1222 pro
1042 1141 1150 1220 parte
1187 1125 1465 1220 praedictorum
1499 1123 1744 1210 Auditorum,

241 1277 307 1327 seu
336 1251 489 1325 alicuius
516 1277 660 1337 eorum,
690 1250 747 1324 vel
775 1249 932 1324 aliorum
961 1249 1146 1324 interesse
1174 1250 1209 1323 in
1238 1249 1454 1345 praemissis
1473 1272 1542 1346 pro
1569 1264 1748 1344 tempore

240 1377 467 1461 habentium,
498 1375 662 1472 desuper
689 1374 825 1449 luerint
853 1374 1032 1472 requisiti,
1073 1373 1291 1448 solemniter
1326 1371 1560 1470 publicantes
1597 1371 1747 1470 illisque

240 1502 275 1573 in
304 1501 521 1597 praemissis
548 1499 709 1574 efficacis
728 1497 955 1574 defensionis
975 1497 1164 1596 praesidio
1182 1498 1419 1585 assistentes,
1439 1498 1585 1584 faciant,
1612 1512 1747 1571 aucto-

240 1623 350 1698 ritate
380 1640 519 1709 nostra,
548 1625 651 1721 ipsas
679 1640 900 1719 praesentes
929 1623 1056 1697 literas
1083 1640 1122 1698 et
1150 1622 1186 1695 in
1214 1624 1270 1696 eis
1303 1637 1481 1697 contenta
1516 1621 1744 1708 huiusmodi,

240 1751 289 1823 ab
317 1751 489 1823 omnibus
515 1765 554 1823 et
583 1749 738 1847 singulis
766 1751 815 1821 ad
843 1773 942 1844 quos
977 1763 1125 1846 spectat
1156 1763 1195 1820 et
1228 1773 1298 1845 pro
1334 1761 1505 1843 tempore
1544 1746 1744 1842 spectabit,

239 1873 499 1948 inviolabiliter
526 1875 740 1960 observari;
761 1876 941 1971 ipsosque
961 1875 1173 1957 modernos,
1196 1891 1235 1948 et
1254 1898 1323 1968 pro
1344 1887 1516 1968 tempore
1535 1871 1748 1946 existentes

240 1999 457 2085 Auditores,
488 2014 528 2071 et
554 1997 658 2085 alios,
691 2023 788 2094 quos
816 2000 973 2072 eaedem
992 1999 1122 2072 literae
1141 2013 1366 2072 concernent
1386 1999 1421 2069 in
1440 1996 1615 2082 futurum,
1636 2019 1749 2091 prae·

243 2125 403 2198 sentium
439 2122 631 2197 literarum
673 2139 712 2197 et
752 2123 787 2196 in
816 2123 871 2196 eis
911 2140 1174 2198 contentorum
1215 2123 1445 2205 eorumdem,
1476 2120 1677 2194 commodo
1705 2133 1748 2192 et

242 2247 376 2322 effectu
419 2247 570 2346 pacifice
611 2248 681 2322 irui
717 2263 756 2321 et
783 2251 971 2345 gaudere;
1003 2272 1075 2321 non
1104 2249 1366 2343 permittentes
1395 2245 1487 2333 illos,
1518 2271 1583 2318 seu
1612 2269 1747 2318 eorum

241 2372 458 2470 quemlibet,
474 2372 650 2470 desuper,
668 2373 952 2470 quomodolibet
967 2373 1130 2448 indebite
1145 2372 1346 2458 molestari,
1363 2370 1583 2469 perturbari,
1604 2369 1746 2464 inquie-

243 2498 324 2583 tari,
354 2496 412 2572 vel
441 2498 633 2594 impediri;
662 2498 960 2573 contradictores
978 2496 1169 2594 quoslibet
1186 2512 1226 2571 et
1245 2496 1406 2571 rebelles
1429 2521 1497 2593 per
1514 2494 1745 2580 Sententias‚

242 2646 421 2695 censuras
458 2637 498 2695 et
524 2645 668 2716 poenas
696 2621 990 2707 Ecclesiasticas,
1020 2620 1169 2717 aliaque
1206 2637 1421 2717 opportuna
1457 2618 1545 2691 iuris
1581 2632 1621 2691 et
1657 2615 1748 2689 iacti

241 2747 417 2834 remedia,
448 2746 700 2844 appellatione
728 2746 951 2843 postposita,
973 2747 1260 2842 compescendo,
1279 2743 1533 2844 legitimisque
1551 2766 1665 2839 super
1683 2741 1746 2814 his

241 2872 423 2947 habendis
443 2872 603 2946 servatis
622 2871 874 2966 processibus,
897 2896 1086 2956 censuras,
1108 2886 1147 2944 et
1167 2895 1310 2967 poenas
1328 2870 1443 2966 ipsas,
1464 2869 1577 2941 etiam
1596 2868 1745 2941 iteratis

239 2997 382 3073 vicibus
410 2999 670 3095 aggravando,
700 2997 873 3071 invocato
902 2997 1016 3070 etiam
1045 2996 1092 3069 ad
1122 2997 1203 3081 hoc,
1244 2997 1274 3070 si
1313 3020 1408 3092 opus
1445 2992 1564 3079 suerit,
1604 2992 1744 3066 auxilio

244 3120 390 3197 Brachii
412 3121 631 3198 saecularis.

324 3247 410 3321 Non
439 3247 678 3321 obstantibus
698 3244 755 3322 iel.
777 3271 850 3322 rec.
874 3246 1050 3321 Bonifacii
1071 3247 1138 3322 ΡΡ.
1160 3245 1256 3331 Vlll,
1278 3245 1586 3319 Praedecessoris
1609 3245 1743 3330 nostri,

242 3373 290 3444 de
319 3396 392 3444 una
419 3386 458 3445 et
495 3372 530 3442 in
561 3369 729 3444 Concilio
765 3371 942 3445 Generali
979 3372 1080 3445 edita
1108 3372 1156 3445 de
1189 3370 1336 3444 duabus
1374 3369 1506 3456 Dietis,
1537 3368 1744 3444 dummodo

242 3496 339 3570 ultra
367 3512 445 3568 tres
475 3493 609 3567 Dietas
646 3495 790 3593 aliquis,
821 3496 1044 3571 auctoritate
1080 3497 1344 3592 praesentium,
1376 3497 1410 3569 in
1452 3495 1624 3569 iudicium
1669 3518 1743 3567 uon

242 3621 422 3706 trahatur,
454 3644 497 3693 ac
525 3633 712 3713 quatenus
740 3645 837 3716 opus
866 3621 923 3708 sit,
955 3620 1002 3693 de
1030 3621 1261 3717 praestando
1289 3642 1476 3693 consensu
1513 3619 1550 3692 in
1588 3619 1744 3696 Pensio-

242 3745 361 3830 nibus‚
392 3743 549 3839 aliisque
586 3741 938 3829 Constitutionibus,
968 3761 1007 3819 et
1046 3744 1354 3820 Ordinationibus
1391 3743 1632 3841 Apostolicis,
1674 3769 1744 3817 nec

242 3893 315 3942 non
344 3866 540 3964 quibusvis
567 3867 679 3941 etiam
708 3868 933 3955 iuramento,
964 3870 1245 3944 confirmatione
1274 3868 1507 3967 Apostolica,
1529 3868 1588 3943 vel
1607 3871 1744 3964 quavis

240 3995 415 4067 firmitate
442 3991 514 4067 alia
542 3995 728 4068 roboratis
747 3993 909 4068 Statutis
928 4011 967 4069 et
986 3995 1327 4080 consuetudinibus,
1351 3993 1553 4093 privilegiis
1572 4019 1738 4090 quoque,

241 4116 392 4192 indultis
419 4132 459 4192 et
486 4117 601 4192 literis
630 4116 861 4216 Apostolicis
888 4119 924 4191 in
952 4119 1178 4194 contrarium
1207 4119 1501 4215 praemissorum
1530 4119 1743 4214 quomodo·

238 4243 330 4319 libet
357 4243 555 4330 concessis,
587 4243 825 4330 confirmatis,
856 4259 896 4318 et
922 4243 1122 4331 innovatis;
1153 4245 1300 4339 quibus,
1321 4245 1493 4317 omnibus
1513 4259 1553 4318 et
1571 4244 1739 4342 singulis,

240 4367 385 4442 illorum
414 4383 565 4442 tenores
593 4368 856 4464 praesentibus
885 4392 954 4463 pro
973 4367 1084 4464 plene
1102 4383 1141 4441 et
1162 4367 1387 4443 sufficienter
1405 4370 1606 4463 expressis,
1629 4369 1739 4442 aede

240 4494 368 4577 verbu,
398 4492 447 4565 ad
474 4494 641 4578 verbum,
670 4493 819 4566 insertis
848 4493 1043 4570 habentes.
1063 4492 1132 4567 illis
1159 4494 1251 4568 alias
1271 4494 1305 4565 in
1327 4519 1395 4566 suo
1415 4494 1551 4566 robore
1570 4518 1739 4590 perman·

240 4617 347 4703 suris,
377 4617 426 4690 ad
453 4619 746 4713 praemissorum
788 4614 979 4704 effectum,
1003 4619 1072 4692 hac
1112 4619 1191 4692 vice
1228 4619 1436 4705 dumtaxat,
1466 4617 1679 4716 specialiter
1703 4637 1739 4692 et

238 4767 419 4838 expresse
448 4742 697 4841 derogamus;
728 4743 963 4838 caeterisque
992 4743 1187 4818 contrariis
1215 4744 1527 4840 quibuscumque.

322 4869 463 4941 Datum
502 4869 657 4954 Romae,
702 4869 804 4965 apud
840 4867 1016 4942 Sanctam
1054 4869 1212 4943 Mariam
1248 4869 1442 4954 Maiorem,
1481 4870 1551 4942 sub
1588 4870 1737 4943 Annulo

241 4993 449 5081 Piscatoris,
481 4993 542 5066 die
590 5017 633 5084 19
656 4994 869 5067 novembris
904 4999 1015 5086 1716,
1048 4993 1286 5068 Pontificatus
1308 4993 1424 5074 nostri
1445 4995 1557 5065 Anno
1576 4994 1738 5067 decimo·

240 5134 363 5193 sexto.

1221 5241 1261 5318 F.
1294 5237 1428 5315 Card¹is
1457 5240 1660 5320 Oliverius.
