3748 5914
697 433 700 440 Ι
778 357 887 416 Leone
907 355 940 416 X
1554 358 1609 417 259

105 543 370 640 Scriptoribus,
402 547 737 622 Abbreviatoribus
756 551 868 622 etiam
889 547 937 621 de
966 549 1095 628 maiori
1114 549 1355 646 presidentia,
1378 550 1605 638 Secretariis,

106 669 426 758 Sollicitatoribus,
458 673 676 768 plumbique
704 688 743 747 et
770 673 919 772 registri
940 675 1144 772 Magistris,
1166 700 1210 748 ac
1230 675 1502 750 Collectoribus
1522 692 1607 752 taxe

108 795 263 890 plumbi,
293 813 332 871 et
362 797 537 870 Brevium
564 798 858 894 apostolicorum
896 798 1157 894 Scriptoribus,
1190 825 1233 873 ac
1271 800 1605 900 Registratoribus,

105 917 266 1016 aliisque
295 919 527 996 Ca'ncellarie
555 920 760 1018 apostolice
789 947 832 996 ac
861 923 1033 996 Romane
1071 924 1173 997 curie
1212 901 1453 1010 Officialibus,
1489 925 1608 999 omni-

106 1045 257 1140 busque
284 1046 364 1118 aliis
391 1061 431 1118 et
457 1045 614 1144 singulis
641 1071 801 1141 quorum
829 1047 1007 1134 intererit,
1024 1063 1091 1120 aut
1118 1048 1303 1122 interesse
1322 1051 1470 1144 poterit,
1492 1075 1609 1146 quos·

106 1192 181 1262 que
220 1169 495 1266 infrascriptum
533 1172 655 1268 tangit
682 1173 890 1268 negocium,
926 1197 994 1245 sen
1032 1187 1190 1270 tangere
1224 1173 1363 1268 poterit
1397 1173 1608 1269 quomodo-

105 1293 198 1366 libet
226 1291 465 1380 infuturum,
497 1295 744 1368 communiter
770 1295 828 1369 vel
864 1294 1023 1380 divisim,
1062 1295 1362 1393 quibuscumque
1398 1299 1608 1371 nominibus

106 1434 334 1514 censeantur
360 1433 399 1491 et
426 1444 662 1516 quacumque
691 1418 930 1518 prefulgeant
957 1421 1151 1517 dignitate,
1182 1420 1342 1495 salutem
1370 1423 1406 1494 in
1431 1421 1620 1509 Domino,

104 1559 144 1615 et
172 1543 313 1616 nostris
340 1543 564 1630 huiusmodi,
597 1545 711 1618 immo
738 1546 864 1618 verius
892 1544 1121 1640 apostolicis,
1143 1545 1296 1619 firmiter
1323 1546 1483 1622 obedirew
1504 1571 1608 1620 man-

107 1667 219 1742 datis.

188 1779 352 1866 Litteras
382 1794 479 1867 S'smi
506 1793 542 1866 in
573 1792 725 1868 Christo
753 1795 873 1890 patris
900 1811 939 1868 et
966 1795 1106 1870 domini
1121 1777 1265 1882 bostri,
1297 1795 1435 1870 domini
1469 1797 1606 1870 Leonis

108 1917 248 1990 Divina
277 1918 510 2014 providentia
538 1944 637 2016 papa
665 1919 809 2004 decimi,
840 1921 921 1993 eius
949 1943 1038 1994 vera
1066 1919 1167 1995 bulla
1195 1920 1382 2017 plumbea,
1412 1947 1495 1995 cum
1538 1922 1608 1996 filis

107 2041 260 2116 sericeis
289 2043 393 2116 rubei
421 2043 618 2140 croceique
646 2041 824 2132 colorum,
856 2069 959 2118 more
988 2043 1159 2118 Romane
1178 2047 1278 2119 curie
1298 2045 1511 2142 impenditis
1530 2046 1608 2122 bul·

105 2167 214 2253 latas,
246 2191 358 2241 sanas
391 2167 576 2265 siquidem
608 2181 647 2242 et
678 2167 855 2266 integras,
891 2192 965 2242 non
997 2168 1157 2256 vitiatas,
1180 2193 1253 2242 non
1282 2169 1506 2244 cancellatas
1538 2196 1607 2244 nec

106 2293 143 2363 in
171 2291 298 2389 aliqua
326 2292 382 2365 sui
410 2308 518 2390 parte
546 2309 753 2389 suspectas,
784 2293 852 2366 sed
880 2295 979 2367 omni
1008 2319 1165 2389 prorsus
1192 2293 1283 2367 vitio
1315 2309 1354 2366 et
1396 2293 1606 2392 suspicione

109 2431 295 2501 carentes,
325 2432 438 2513 prout
465 2443 512 2492 ex
539 2417 709 2515 ipsismet
736 2418 868 2492 litteris
887 2420 1097 2515 apparebat
1124 2417 1243 2504 nobie,
1264 2444 1334 2515 pro
1362 2435 1469 2516 parte
1490 2420 1608 2495 Reve-

110 2541 311 2617 rendorum
326 2543 362 2615 in
378 2541 531 2617 Christo
550 2557 698 2640 patrum
719 2559 758 2616 et
777 2543 1023 2629 dominorum,
1041 2541 1198 2638 predicti
1218 2541 1450 2616 Sanctissimi
1470 2543 1609 2618 domini

110 2667 229 2740 nostri
258 2667 359 2763 Pape
387 2666 547 2766 Collegii
574 2684 614 2741 et
642 2666 962 2764 Cappellanorum
992 2683 1032 2741 et
1049 2692 1247 2741 causarum
1267 2667 1394 2763 palatii
1411 2668 1608 2764 apostolici

108 2793 349 2878 Auditorum,
379 2817 587 2889 eorumque
607 2792 928 2884 Locatenentium‚
949 2792 1218 2888 principalium,
1249 2791 1285 2864 in
1304 2791 1446 2866 eisdem
1474 2793 1608 2868 litteris

107 2915 327 3012 apostolicis
354 2917 603 3014 principaliter
622 2917 906 3004 nominatorum,
927 2940 1053 2991 coram
1084 2915 1241 2990 Notario
1261 2917 1409 3013 publico
1437 2931 1477 2990 et
1502 2918 1609 2992 testi-

108 3045 179 3116 bus
201 3041 451 3138 infrascriptis,
474 3059 721 3139 presentatus,
744 3041 836 3130 Nos,
857 3068 943 3118 cum
970 3067 1015 3116 ea
1034 3067 1109 3139 qua
1127 3041 1238 3115 decet
1258 3043 1476 3128 reverentia,
1499 3067 1609 3118 nove·

107 3166 187 3240 ritis
217 3166 415 3262 recepisse,
444 3166 656 3242 huiusmodi
685 3169 755 3242 sub
783 3183 935 3244 tenore:
1058 3228 1060 3234 .

1155 3391 1236 3466 1513,
1255 3392 1394 3454 octobn's
1414 3393 1455 3467 15,
1474 3393 1606 3454 Romae.

195 3537 313 3610 «Leo
342 3535 564 3633 Episcopus,
594 3560 725 3610 servus
754 3561 950 3609 servorum
977 3535 1061 3612 Dei.
1091 3538 1155 3610 Ad
1184 3554 1408 3633 perpetuam
1444 3538 1496 3610 rei
1534 3563 1607 3613 me-

109 3662 323 3736 ‹moriam
352 3659 457 3734 Sedis
483 3660 671 3759 apostolice
707 3660 949 3757 providentia,
984 3661 1188 3757 gratiarum
1232 3661 1335 3734 iuxta
1373 3661 1605 3760 singulorum

107 3785 388 3861 <conditiones
415 3800 454 3858 et
480 3785 612 3862 merita
640 3783 882 3871 distributrix,
905 3781 998 3868 illos,
1029 3801 1143 3882 prout
1160 3808 1301 3880 equum
1333 3801 1402 3871 est,
1425 3785 1607 3860 uberioris

107 3909 291 3986 <favoris
318 3909 440 4008 gratia
468 3923 507 3982 et
534 3907 726 4004 amplioris
753 3909 1007 3983 retributionis
1043 3909 1188 4006 premio
1224 3908 1382 3983 libenter
1415 3912 1606 4006 prosequi-

106 4054 224 4122 «tur,
254 4060 352 4132 quos
389 4032 597 4130 potioribus
634 4033 776 4108 meritis
813 4033 917 4107 novit
951 4033 1131 4122 adiuvari,
1170 4035 1311 4131 quique
1339 4049 1449 4132 grata
1490 4035 1606 4109 devo-

104 4161 263 4236 ‹tionis
291 4159 474 4254 obsequia
502 4158 570 4232 sibi
599 4158 804 4232 studiosius
831 4159 1025 4254 impedere
1053 4159 1310 4234 dinoscuntur.

194 4315 214 4356 c
233 4283 488 4360 Attendentes
516 4285 630 4383 igitur
647 4308 809 4380 operose
829 4282 1084 4358 sollicitudinis
1103 4285 1228 4357 studia
1247 4299 1287 4357 et
1305 4282 1479 4357 assiduos
1506 4282 1606 4358 labo-

103 4445 120 4484 «
143 4437 213 4486 res
233 4434 331 4508 quos
349 4409 472 4490 dilecti
491 4409 551 4483 filii
571 4407 794 4508 Collegium,
809 4425 849 4482 et
877 4407 1085 4506 cappellani
1108 4408 1227 4482 nostri
1254 4433 1451 4483 causarum
1480 4408 1606 4506 palatii

100 4535 349 4634 «apostolici
389 4535 596 4610 Auditores
633 4559 840 4630 eorumque
875 4533 1131 4609 locatenentes
1170 4558 1240 4629 pro
1273 4549 1403 4607 nostro
1442 4550 1481 4607 et
1508 4534 1606 4608 dicte

100 4661 264 4736 <Sedis
291 4659 434 4734 honore
471 4683 515 4732 ac
551 4659 691 4732 iustitia
724 4659 896 4753 personis
937 4660 986 4732 ad
1024 4659 1152 4731 sedem
1191 4659 1312 4754 ipsam
1353 4682 1401 4731 ex
1432 4657 1605 4731 omnibus

99 4821 119 4860 ι
140 4784 280 4860 mundi
309 4785 478 4880 partibus
506 4782 779 4857 confluentibus
806 4781 1048 4857 ministranda
1075 4783 1110 4856 in
1141 4782 1263 4856 causis
1290 4805 1417 4856 coram
1453 4783 1508 4856 eis
1536 4807 1606 4878 pro

99 4930 326 5007 <tempore
364 4910 597 4984 vertentibus
629 4908 767 5006 iugiter
803 4908 1007 5005 perferunt,
1044 4927 1083 4982 et
1120 4907 1220 4981 nulla
1256 4907 1390 4980 exinde
1419 4907 1606 5002 stipendia

99 5069 118 5108 κ
139 5062 221 5136 pro
249 5034 548 5109 incumbentibus
576 5033 657 5119 illis,
688 5033 791 5107 iuxta
827 5031 973 5107 illorum
1010 5049 1131 5106 status
1172 5030 1397 5116 decentiam,
1428 5032 1606 5107 oneribus

99 5161 294 5239 «facilius
321 5159 553 5257 perferendis
581 5159 798 5256 percipiunt,
827 5184 873 5233 ac
899 5174 1102 5256 propterea
1130 5155 1285 5254 dignum
1313 5173 1522 5244 censentes,
1551 5156 1605 5230 eis

20 5287 21 5294 '
99 5321 118 5365 c
138 5285 341 5390 gratiosos
361 5285 508 5358 favores
528 5300 567 5357 et
585 5301 798 5380 opportuna
817 5282 1092 5357 commoditatis
1110 5281 1246 5356 auxilia
1272 5283 1474 5378 impedere,
1496 5281 1604 5355 Motu
1628 5351 1632 5362 ,

100 5411 317 5513 ‹proprio,
349 5433 423 5484 non
451 5411 499 5482 ad
527 5408 693 5506 ipsorum
714 5408 940 5484 Auditorum
959 5424 1024 5482 aut
1042 5405 1332 5481 locatenentium
1360 5407 1420 5481 vel
1447 5405 1603 5480 aliorum
