3748 5914
755 327 921 387 crementa
942 327 1009 386 νη
1279 307 1285 317 ’
1572 327 1627 388 279

126 525 249 620 cipere
277 523 486 621 contigerit,
507 546 577 617 per
598 522 720 595 bonos
738 538 777 594 et
805 521 1030 595 sufficientes
1049 520 1229 608 Vicarios,
1251 523 1386 616 quibus
1405 522 1454 596 de
1481 547 1626 596 eorum·

125 647 494 722 dem'beneficiorum
509 646 766 741 proventibus,
789 647 1001 720 necessaria
1020 671 1186 744 congrue
1205 645 1461 720 ministrentur
1474 645 1626 744 diligen-

125 788 183 846 ter
196 789 426 856 exerceatur,
447 785 487 845 et
514 771 748 845 deserviatur
776 771 864 844 inibi
886 768 1120 844 laudabiliter
1138 771 1174 844 in
1193 771 1324 844 divinis
1353 797 1397 845 ac
1425 771 1626 870 Regularis

122 898 310 972 antedicta
339 915 378 971 et
404 898 476 970 sub
503 895 659 992 singulis
686 897 796 970 tectis
823 896 1104 970 consistentium
1130 895 1392 970 beneficiorum
1410 897 1622 970 huiusmodi

123 1037 305 1097 consueta
333 1045 447 1096 onera
474 1035 641 1118 congrue
669 1035 950 1116 supportentur.
990 1021 1048 1093 Ac
1084 1021 1188 1116 quod
1226 1021 1297 1116 ipsi
1333 1021 1549 1105 Auditores,
1588 1038 1627 1094 et

124 1148 400 1221 Locatenentes
427 1147 521 1219 inlra
549 1146 687 1219 dictum
715 1169 853 1218 annum
882 1144 978 1218 alter
1003 1169 1051 1218 ex
1079 1145 1227 1219 duobus
1257 1144 1559 1234 Canonicatibus,
1588 1163 1627 1220 et

124 1272 271 1347 duabus
300 1270 511 1368 prebendis,
540 1286 605 1344 aut
623 1271 781 1344 totidem
800 1269 1056 1367 dignitatibus,
1081 1268 1356 1356 Personatibus,
1377 1271 1628 1345 Administra-

124 1398 299 1482 tionibus,
329 1396 389 1470 vel
416 1395 546 1470 officiis
574 1397 645 1470 sub
672 1394 813 1468 eisdem
842 1395 952 1468 tectis
971 1394 1271 1482 consistentibus,
1293 1393 1505 1468 huiusmodi
1526 1420 1624 1490 quos

124 1520 321 1596 maluerint
348 1546 418 1618 pro
445 1521 519 1595 alio
547 1545 631 1594 curn
659 1520 814 1594 retentis
844 1519 1084 1606 Canonicatu,
1114 1535 1154 1594 et
1180 1519 1383 1615 prebenda,
1410 1546 1478 1594 seu
1507 1521 1627 1619 digni-

123 1663 213 1733 tate,
245 1647 462 1733 Personatu,
493 1645 837 1729 Administratione,
859 1644 917 1718 vel
946 1645 1068 1718 officio
1086 1644 1312 1741 compatibili
1330 1643 1520 1732 beneficio,
1546 1671 1627 1742 per·

124 1785 281 1856 mutare,
313 1769 476 1866 alioquin
505 1767 587 1843 illos
616 1793 663 1842 ex
691 1769 840 1843 duobus
870 1767 1171 1856 Canonicatibus,
1191 1782 1231 1841 et
1257 1767 1404 1842 duabus
1424 1769 1627 1864 prebendis

124 1920 169 1970 ac
198 1893 354 1969 totidem
383 1895 639 1992 dignitatibus,
669 1893 947 1990 personatibus,
982 1892 1378 1978 administrationibus,
1406 1892 1467 1967 vel
1498 1893 1627 1968 officiis

124 2022 196 2095 sub
223 2019 367 2094 eisdem
396 2020 504 2092 tectis
532 2018 823 2092 consistentibus
850 2017 1062 2091 huiusmodi
1089 2041 1187 2113 quos
1215 2018 1334 2114 primo
1362 2020 1526 2092 assecuti
1553 2019 1627 2092 sue·

123 2145 208 2230 rint,
238 2159 278 2218 et
305 2169 403 2240 quos
431 2169 479 2217 ex
506 2159 595 2216 tunc
622 2143 724 2217 dicto
751 2166 850 2216 anno
869 2140 999 2239 elapso
1017 2165 1151 2215 vacare
1174 2142 1419 2230 decernimus,
1440 2143 1627 2219 dimittere

124 2270 277 2344 omnino
304 2284 513 2344 teneantur.

205 2395 255 2468 Et
297 2419 354 2479 ne,
390 2393 493 2490 quod
534 2393 644 2481 absit,
687 2394 775 2469 dicti
816 2392 1032 2476 Auditores,
1076 2408 1115 2466 et
1156 2391 1431 2467 Locatenentes
1472 2409 1629 2490 propter

123 2518 337 2593 huiusmodi
363 2521 534 2616 gratiam,
563 2517 622 2592 vel
649 2518 928 2592 concessionem
949 2518 1111 2616 eligendi
1131 2517 1397 2592 Confessorem
1422 2519 1629 2591 reddantur

123 2645 367 2741 procliviores
393 2644 443 2717 ad
471 2643 594 2718 illicita
622 2643 658 2716 in
685 2659 881 2740 posterum
900 2643 1179 2729 committenda,
1199 2645 1311 2717 etiam
1331 2643 1505 2718 volumus
1525 2644 1627 2738 quod

125 2770 158 2842 si
184 2795 207 2843 a
236 2771 449 2843 sinceritate
483 2769 578 2854 fidei,
609 2770 752 2841 unitate
787 2769 885 2842 dicte
919 2767 1090 2841 Romane
1124 2767 1291 2852 ecclesie,
1321 2793 1364 2841 ac
1400 2768 1623 2853 obedientia,

123 2911 162 2969 et
190 2895 390 2968 devotione
418 2909 549 2968 nostra
576 2909 615 2968 et
642 2919 902 2968 successorum
938 2909 1152 2968 nostrorum
1190 2895 1447 2967 Rornanorum
1476 2891 1627 2967 Pontifi-

122 3045 208 3094 cum
236 3019 411 3092 canonice
437 3020 652 3092 intrantium
672 3017 895 3102 destiterint,
916 3035 982 3091 aut
999 3042 1047 3090 ex
1065 3016 1290 3092 confidentia
1308 3017 1477 3092 eiusdem
1497 3017 1627 3091 remis-

123 3144 240 3218 sionis
268 3143 326 3217 vel
354 3143 605 3216 concessionis
633 3142 759 3237 aliqua
777 3141 903 3215 forsan
922 3143 1186 3226 commiserint,
1216 3142 1420 3224 concessio,
1442 3156 1482 3214 et
1501 3139 1626 3215 remis-

123 3270 180 3342 sio
208 3282 248 3341 et
275 3269 402 3363 quoad
430 3267 513 3341 illos
541 3283 739 3364 presentes
766 3265 874 3340 litere
901 3268 956 3340 eis
984 3265 1195 3340 nullatenus
1223 3265 1485 3364 suffragentur.

204 3393 263 3466 Ac
290 3393 394 3487 quod
414 3391 558 3478 indulto
577 3391 799 3478 celebrandi,
818 3417 885 3466 seu
905 3390 1087 3466 celebrari
1105 3390 1261 3464 faciendi
1280 3407 1368 3464 ante
1387 3392 1496 3476 diem,
1513 3414 1626 3486 parce

123 3533 277 3592 utantur
304 3519 391 3612 quia
426 3541 509 3590 cum
548 3518 584 3589 in
621 3515 750 3589 altaris
787 3517 992 3590 ministerio
1029 3516 1240 3590 immoletur
1277 3515 1462 3589 Dominus
1497 3530 1627 3588 noster

122 3644 254 3717 lhesus
283 3641 458 3715 Christus
487 3641 561 3714 Dei
588 3641 693 3724 filius,
725 3641 789 3736 qui
817 3642 959 3716 candor
985 3657 1045 3714 est
1064 3641 1155 3714 lucis
1183 3657 1325 3725 eterne,
1354 3640 1527 3737 congruit
1553 3639 1624 3713 hoc

121 3791 198 3842 non
226 3768 346 3841 noctis
374 3765 541 3840 tenebris
569 3764 647 3840 fieri
676 3764 808 3839 sedin
836 3765 930 3840 luce.

203 3893 282 3964 Nec
310 3915 397 3978 non,
426 3891 531 3964 utin
559 3891 779 3964 eorumdem
807 3891 1142 3966 ecclesiasticorum
1172 3890 1418 3986 dispositione
1441 3891 1625 3965 bonorum

120 4019 224 4090 iuxta
250 4016 471 4112 qualitatem
499 4016 637 4089 residui
665 4038 757 4114 erga
785 4013 974 4100 ecclesias,
1004 4015 1189 4112 aquibus
1218 4015 1350 4088 eadem
1378 4015 1622 4112 perceperint,

120 4166 165 4216 se
192 4139 362 4215 liberales
380 4140 590 4226 exhibeant,
612 4156 726 4236 prout
745 4139 971 4214 conscientia
990 4141 1044 4214 eis
1064 4140 1270 4224 dictaverit,
1295 4156 1335 4214 et
1352 4141 1473 4214 anime
1494 4165 1623 4214 eorum

120 4265 233 4340 saluti
260 4265 420 4339 viderint
447 4264 638 4361 expedire.

201 4391 261 4465 Ac
288 4389 391 4506 quod
418 4389 508 4463 dum
536 4390 669 4463 divinis
697 4389 826 4464 officiis
854 4391 891 4464 in
919 4389 1104 4487 aliquibus
1132 4389 1298 4464 ecclesiis
1326 4389 1525 4488 contigerit
1556 4417 1624 4464 eos

118 4519 314 4602 interesse,
346 4515 446 4588 illum
483 4540 637 4603 morem,
678 4515 742 4612 qui
776 4515 813 4587 in
850 4517 992 4588 eisdem
1028 4515 1195 4588 ecclesiis
1232 4515 1493 4589 observabitur
1528 4515 1624 4589 circa

119 4639 334 4714 huiusmodi
361 4638 474 4713 horas
503 4638 713 4713 Canonicas
741 4638 918 4713 dicendas
947 4638 1126 4712 studeant
1152 4640 1368 4712 observare.

201 4763 393 4860 Quodque
421 4763 451 4836 si
480 4763 710 4861 singulorum
739 4764 1001 4838 beneficiorum
1030 4763 1282 4860 predictorum
1304 4787 1372 4859 per
1388 4787 1457 4838 eos
1485 4763 1625 4859 simpli-

119 4891 212 4964 citer
238 4887 560 4987 resignandorum,
590 4913 657 4962 seu
686 4913 846 4983 quorum
885 4888 1129 4962 Commendis
1165 4904 1232 4962 aut
1266 4887 1345 4974 iuri,
1375 4887 1434 4960 vel
1471 4914 1623 4963 conces-

119 5013 224 5098 sioni,
245 5011 427 5087 cesserint
452 5027 519 5086 aut
546 5012 672 5086 unioni
700 5011 956 5088 dissolutionis
975 5013 1243 5098 consenserint,
1265 5011 1416 5098 fructus,
1439 5013 1620 5099 redditus,

119 5154 160 5214 et
173 5153 380 5236 proventus
399 5135 694 5236 vigintiquatuor
712 5140 795 5212 duc.
812 5140 890 5211 auri
906 5137 953 5211 de
970 5137 1143 5226 Camera,
1160 5137 1364 5210 secundum
1384 5161 1619 5209 communem

119 5263 408 5350 estimationem,
451 5262 615 5337 valorem
657 5287 822 5336 annuum
865 5288 939 5336 non
979 5264 1165 5337 excedant
1205 5261 1450 5345 conserentes,
1482 5277 1521 5334 et
1560 5259 1619 5346 illi,

119 5389 257 5489 quibus
286 5387 532 5474 conferentur,
563 5389 633 5460 etsi
663 5413 710 5460 ex
738 5387 838 5460 dicta
856 5412 969 5461 causa
989 5385 1264 5483 resignationes
1290 5384 1502 5460 huiusmodi
1520 5384 1619 5466 fiant,
