3720 5916
239 312 295 372 366
864 309 1001 368 Saeculo
1018 307 1125 368 XVII

239 507 305 580 bo:
335 529 409 578 me:
433 503 585 579 Coccini
606 504 747 576 Decani
776 503 899 576 inveni
918 504 968 576 ad
987 527 1153 600 unguem
1173 517 1395 596 sequentem
1416 499 1557 574 Casum
1577 497 1742 594 descrip-

241 645 318 702 tum
346 673 373 684 —
402 629 474 702 Die
506 651 525 721 7
557 628 699 725 Aprilis
733 633 844 712 1606,
874 628 941 701 luit
969 625 1069 701 sacta
1104 626 1238 701 divisio
1274 627 1410 722 Agnus
1446 623 1518 697 Dei
1554 623 1592 696 in
1625 623 1740 702 Rota.

240 755 327 849 quia
364 752 504 826 SSmus
543 753 590 828 D.
627 752 673 828 N.
706 752 842 826 Paulus
881 751 914 822 V
943 751 1051 825 nobis
1078 751 1263 824 concessit
1299 775 1411 823 unam
1445 773 1608 844 capsam,
1639 748 1745 820 iuxta

241 879 392 952 solitum
421 902 493 950 non
530 877 597 950 fuit
632 878 729 950 facta
756 875 881 972 aliqua
917 876 1042 972 portio
1071 899 1140 970 pro
1169 875 1267 948 Rmo
1296 874 1384 947 Diio
1413 873 1556 948 Millino
1589 872 1745 945 Archie·

240 1003 397 1098 piscopo
425 1003 573 1076 Rodien
602 1002 744 1075 Nuntio
778 1001 1045 1096 Hispaniarum
1082 997 1308 1074 reclamante
1337 997 1386 1072 D.
1417 998 1555 1072 Poenia
1584 996 1747 1071 Decano

241 1145 280 1202 et
308 1153 368 1201 me
386 1127 499 1201 etiam
527 1153 572 1201 ac
592 1129 639 1202 D.
662 1127 819 1202 Sacrato
847 1143 885 1201 et
913 1126 1064 1200 inferius
1093 1142 1181 1222 post
1210 1125 1352 1220 aliquot
1380 1124 1461 1197 dies
1491 1124 1538 1198 D.
1562 1124 1745 1196 Decanus

240 1278 355 1350 aegre
383 1252 517 1339 ferens,
539 1253 642 1349 quod
664 1253 710 1326 D.
734 1251 899 1325 Millinus
918 1277 991 1324 non
1021 1251 1215 1326 habuisset
1243 1265 1390 1345 partem
1410 1274 1515 1322 suam
1535 1247 1582 1321 de
1604 1250 1748 1344 Agnus

242 1378 326 1460 Dei,
357 1377 456 1452 misit
485 1377 721 1450 Familiarem
750 1403 858 1450 suum
887 1375 947 1450 die
982 1399 1025 1469 ¹3
1055 1377 1104 1448 ad
1137 1378 1291 1450 domum
1320 1373 1559 1458 Auditorum,
1593 1387 1636 1444 ut
1661 1371 1745 1465 qui-

241 1501 331 1577 libet
359 1504 468 1576 daret
494 1527 609 1574 unum
638 1503 774 1600 Agnus
795 1500 867 1576 Dei
896 1527 943 1574 ex
972 1501 1178 1574 Maioribus
1206 1515 1245 1573 et
1269 1524 1335 1573 sex
1356 1523 1404 1571 ex
1431 1496 1605 1594 parvulis,
1627 1511 1747 1592 prout

241 1629 308 1700 suit
335 1627 485 1712 lactum,
514 1645 553 1701 et
580 1641 716 1723 postea
745 1626 843 1699 misit
871 1625 919 1700 ad
950 1626 1115 1698 Domum
1145 1626 1260 1721 ipsius
1288 1623 1483 1696 Auditoris
1509 1621 1691 1696 absentis.

328 1777 411 1826 100.
442 1751 532 1825 ldeo
559 1752 627 1825 suit
654 1765 805 1824 servata
832 1775 901 1824 sua
921 1750 1113 1847 portioD.
1137 1750 1363 1835 Dunozett0,
1384 1747 1471 1820 licet
1489 1746 1620 1820 sortior
1637 1763 1747 1818 esset

242 1901 352 1951 casus
373 1875 503 1949 Millini
523 1877 586 1972 qui
605 1875 848 1973 Reipublicae
876 1900 990 1949 causa
1010 1877 1157 1950 aberat:
1178 1874 1247 1947 sed
1268 1873 1504 1946 Dunozettus
1531 1888 1592 1944 est
1620 1871 1746 1944 Deca-

243 2027 324 2076 nus.
363 2001 444 2075 Nos
478 2001 676 2075 habuimus
705 2007 782 2075 600
815 2001 953 2098 Agnus
990 1999 1064 2074 Dei
1100 1999 1277 2095 parvulos
1314 2013 1353 2071 et
1389 2013 1468 2070 tres
1505 2019 1666 2094 magnos
1704 2013 1746 2069 et

245 2127 292 2202 D.
325 2127 533 2200 Ghislerius
568 2126 668 2200 misit
702 2151 817 2198 unum
854 2137 902 2200 ex
935 2125 1014 2199 suis
1049 2123 1306 2198 Familiaribus
1343 2121 1394 2194 ad
1427 2120 1580 2195 domurn
1613 2121 1748 2194 unius-

243 2255 424 2348 cuiusque
451 2251 659 2326 Auditoris.

945 2515 1036 2594 230.

247 2661 338 2734 Dies
355 2660 536 2735 dominica
563 2669 647 2733 erat
671 2659 790 2733 suedii
813 2659 901 2746 dies,
921 2667 956 2732 et
982 2659 1184 2731 Auditores
1205 2657 1363 2756 (apellis
1389 2683 1432 2729 ea
1450 2656 1508 2729 die
1535 2655 1751 2729 intererant

323 2786 523 2860 dumtaxat
546 2785 876 2860 extraordinariis.

322 2944 436 3017 (Aaou.
455 2943 542 3017 Ros„
566 2941 788 3001 ‹Extractum
807 2939 928 2998 Dr'arii
945 2939 1168 3012 Orthobanr'»).

637 3126 709 3198 Die
739 3125 936 3198 Dominica
963 3124 1082 3220 prima
1111 3121 1200 3196 Maii
1234 3128 1347 3214 1644.

329 3313 374 3362 10
380 3311 412 3380 3.
435 3287 521 3361 Fuit
540 3286 724 3384 Cappella
742 3285 930 3360 Pontificia
950 3286 985 3357 in
1006 3284 1147 3358 Palatio
1165 3280 1389 3379 Apostolico
1407 3281 1509 3378 apud
1529 3281 1567 3354 S.
1591 3280 1743 3354 Petrum

244 3412 280 3485 in
309 3411 492 3508 Cappella
521 3411 624 3496 Sixti
656 3427 696 3484 et
722 3410 810 3484 licet
835 3425 940 3483 esset
960 3409 1040 3482 dies
1068 3407 1200 3495 Studii,
1230 3429 1362 3482 omnes
1382 3405 1589 3480 Auditores
1608 3430 1743 3479 conve-

244 3553 379 3610 nerunt
406 3553 445 3609 et
473 3536 592 3610 Missa
620 3535 687 3609 suit
714 3534 842 3609 habita
874 3559 943 3630 pro
975 3533 1181 3631 gratiarum
1215 3532 1360 3606 actione
1397 3531 1447 3604 ob
1484 3528 1617 3604 Pacem
1644 3531 1744 3604 inter

243 3660 338 3733 hanc
357 3660 534 3734 Sanctam
552 3659 691 3733 Sedem
710 3676 749 3732 et
778 3658 965 3755 Principes
986 3658 1218 3730 Foederatos
1238 3656 1364 3730 ltaliae
1392 3656 1443 3728 ob
1466 3655 1744 3728 controversias

245 3786 362 3860 Ducis
378 3786 544 3860 Parmae.
557 3786 712 3859 Missam
729 3783 893 3858 cantavit
907 3781 1116 3857 Cardinalis
1133 3781 1296 3854 Faustus
1308 3780 1418 3854 Polus
1433 3795 1471 3854 et
1485 3795 1573 3876 post
1584 3779 1742 3852 Missam

245 3911 313 3982 luit
333 3926 521 3984 cantatum
536 3911 593 3984 Te
613 3910 750 3984 Deum.
768 3909 899 3982 Tubae
919 3923 1136 3990 sonuerunt,
1160 3922 1198 3979 et
1219 3905 1395 3979 Castrum
1424 3903 1462 3979 S.
1480 3901 1619 4002 Angeli
1640 3904 1745 3978 dedit

243 4034 386 4129 aliquot
413 4035 575 4108 laetitiae
604 4037 711 4133 signa
738 4031 976 4129 explodendo
1004 4032 1253 4116 bombardas;
1283 4030 1351 4102 hac
1370 4028 1430 4102 die
1448 4027 1560 4102 etiam
1580 4028 1743 4124 capitula

246 4159 351 4232 Pacis
379 4159 526 4232 suerunt
552 4161 740 4257 publicata
768 4159 952 4254 impressa
979 4182 1049 4253 per
1076 4155 1371 4253 Typographum
1403 4153 1650 4231 Cameralem.

949 4456 1038 4535 231.

248 4601 389 4677 Causae
415 4603 456 4675 iu
484 4603 581 4676 Rota
617 4631 634 4674 c
647 4615 720 4702 per
747 4603 1041 4701 compromissum
1060 4629 1078 4672 r
1100 4645 1125 4655 -
1144 4601 1251 4674 etaiam
1269 4601 1308 4672 iu
1327 4599 1373 4670 iis
1390 4597 1608 4671 seruabatur
1625 4595 1741 4694 stylus

324 4754 386 4800 eas
412 4753 484 4800 uon
511 4727 730 4827 expediendi
747 4737 833 4826 post
857 4753 970 4800 uuam
998 4736 1137 4799 merlam
1165 4723 1387 4799 decisionem.

324 4883 449 4956 (Aaou,
468 4883 544 4943 Rar.
570 4882 792 4943 ‹Extractum
811 4881 931 4941 De'arie'
947 4881 1168 4955 otthoboni-»l

802 5066 874 5139 Die
902 5089 925 5156 9
956 5064 1045 5138 Maii
1079 5071 1190 5158 1644.

332 5250 417 5317 104.
438 5225 479 5298 ln
507 5250 621 5300 causa
649 5226 908 5300 Ravennaten.
931 5224 1042 5299 Dotis
1069 5249 1196 5298 coram
1225 5223 1273 5299 D.
1296 5222 1469 5298 Corrado
1499 5221 1676 5296 Heredes
1695 5221 1744 5294 de

244 5349 471 5424 Monaldinis
490 5352 670 5448 petebant
687 5349 965 5446 expeditionem
983 5375 1131 5435 causae,
1153 5349 1238 5424 licet
1257 5349 1441 5424 haberent
1468 5349 1614 5421 unicam
1636 5345 1743 5421 Deci·
