3686 5916
713 279 892 342 Benedicta
907 280 965 342 'XI
970 281 999 342 V
1545 283 1600 343 553

104 497 132 570 3
161 474 248 550 iulii
274 495 369 571 1750
396 502 469 554 cor.
500 475 601 575 de.
642 475 810 551 Canillac
836 475 873 550 in
901 475 959 550 cui
992 476 1027 552 al
1054 475 1133 574 §4⁰
1162 504 1185 551 e
1215 475 1253 572 5⁰
1278 477 1540 552 diffusamente
1567 476 1599 552 si

105 601 222 674 ferma
248 600 565 698 l'incompetenza
593 600 630 674 di
668 602 787 677 simile
818 603 1057 688 ricusazione‚
1090 628 1163 678 non
1205 627 1316 677 meno
1357 601 1453 677 nelle
1488 629 1602 678 cause

106 721 242 810 Rotali‚
272 725 340 798 che
369 724 572 812 Prelatizie,
602 751 670 822 per
697 725 734 799 la
762 741 886 799 stessa
913 725 1074 802 identica
1102 727 1259 826 ragione
1286 726 1355 802 che
1392 725 1553 802 nell’una
1580 753 1602 800 e

107 845 289 922 nell'altra
317 849 441 944 specie
469 850 618 924 devono
660 849 726 948 (gli
763 848 913 924 Uditori
954 847 1131 954 Ponenti)
1158 851 1350 950 giudicarc
1383 849 1549 927 secondo
1576 849 1600 923 il

104 955 193 1045 voto
221 971 280 1046 de'
311 973 393 1048 suoi
421 973 709 1072 Corresponsali
736 1033 949 1054 ......
979 953 1162 1073 persuaso
1191 976 1415 1074 Monsignor
1442 975 1602 1050 Uditore

104 1093 203 1170 della
231 1096 442 1195 Segnatura
471 1158 479 1176 .
513 1159 520 1176 .
552 1157 561 1174 .
592 1157 600 1185 ,
630 1101 679 1175 ha
706 1101 879 1176 ordinato
907 1101 975 1176 che
1004 1101 1034 1174 si
1055 1115 1239 1199 sostenga
1270 1101 1306 1175 la
1326 1099 1601 1176 Commissione

105 1221 241 1295 diretta
268 1247 292 1296 a
319 1223 553 1321 Monsignor¹
570 1225 781 1301 Paracciani
808 1227 867 1300 nti
891 1225 1078 1314 Praelato,
1101 1251 1208 1302 come
1235 1250 1304 1322 per
1330 1225 1484 1300 decreto
1503 1250 1602 1300 ema-

103 1362 192 1420 nato
220 1363 323 1422 sotto
350 1347 376 1422 li
406 1355 455 1422 26
483 1353 647 1448 germaio
674 1375 768 1428 corr.
799 1352 836 1425 la
864 1351 900 1425 di
928 1353 986 1426 cui
1015 1353 1124 1448 copia
1150 1351 1339 1426 autentica
1358 1351 1389 1425 si
1408 1375 1601 1450 consegna

102 1497 125 1544 a
154 1470 379 1572 Monsignor
406 1472 510 1549 lllmo
539 1476 637 1549 Rmo
667 1474 919 1574 Camerlengo
948 1477 1102 1552 insieme
1131 1503 1200 1552 con
1242 1476 1339 1552 altra
1377 1475 1485 1572 copia
1522 1475 1603 1550 del-

103 1595 276 1672 l'addotti
303 1597 374 1672 dne
401 1601 439 1696 ἐξ
466 1598 565 1674 della
597 1601 789 1674 Decisione
816 1603 946 1676 avanti
961 1602 1185 1698 Monessgmr
1205 1600 1371 1676 Cane'llac
1385 1626 1453 1697 per
1471 1625 1602 1674 norma

106 1720 165 1794 de'
189 1722 265 1796 casi
292 1722 417 1808 futuri,
447 1749 523 1799 ecc.

802 1938 893 2017 443.

105 2074 255 2151 Decani
286 2088 371 2152 erat
393 2081 486 2153 vices
516 2106 649 2176 gerere
680 2081 841 2156 omnium
863 2078 1097 2178 Collegarnm
1123 2080 1322 2156 absentem
1339 2081 1398 2155 nel
1420 2081 1461 2156 in
1478 2061 1604 2156 eornm

186 2203 303 2277 locum
329 2230 434 2301 qnem
457 2205 583 2280 mallet
606 2206 818 2304 subrogare.

185 2341 300 2414 (Anca.
319 2341 407 2416 Ron,
430 2341 619 2402 «Dianium
640 2341 864 2415 Camerale»).

630 2487 723 2563 Lun.
757 2511 802 2562 22
834 2487 957 2562 martii
989 2493 1100 2582 1756.

189 2735 279 2810 Post
307 2737 445 2811 Rotam
474 2738 520 2812 R.
551 2738 589 2813 P.
620 2737 669 2812 D.
699 2738 857 2813 Stadion
875 2753 1132 2835 conquaestus
1150 2737 1220 2812 fuit
1247 2761 1312 2811 cur
1340 2737 1409 2810 sibi
1437 2736 1603 2811 delatum

107 2885 183 2934 non
211 2860 344 2935 suisset
371 2887 507 2936 munus
537 2862 753 2951 Camerarii,
789 2864 892 2961 quod
920 2862 1023 2937 iuxta
1050 2861 1174 2962 legem
1202 2861 1320 2936 Turni
1348 2863 1418 2937 sibi
1436 2863 1602 2936 deferen-

105 2984 198 3060 dum
241 3011 326 3061 esse
362 2989 569 3072 asserebat,
607 3005 698 3086 post
738 2990 947 3063 discessum
985 2987 1030 3063 R.
1062 2989 1099 3063 P.
1132 2988 1181 3062 D.
1222 2987 1422 3086 Figueroa‚
1456 3003 1603 3063 attento

105 3112 330 3206 praesertim
345 3112 475 3187 ultimo
490 3127 604 3200 statu,
625 3114 728 3210 quod
748 3115 825 3188 suis
844 3113 984 3188 iuribus
1004 3111 1129 3186 favere
1147 3113 1408 3188 arbitrabatur.
1431 3112 1605 3208 Respon-

106 3259 192 3309 sum
219 3234 296 3323 suit,
326 3235 539 3311 huiusmodi
566 3262 702 3311 munus
730 3238 919 3335 pertinere
938 3238 986 3312 ad
1006 3237 1052 3320 R.
1074 3236 1113 3314 P.
1135 3238 1182 3312 D.
1206 3235 1381 3311 Bussium
1411 3253 1604 3334 tamquam

106 3358 375 3447 Prodecanum,
406 3387 480 3434 non
510 3362 631 3436 minus
659 3387 707 3434 ex
734 3364 942 3437 inveterato
970 3387 1075 3437 more
1103 3361 1325 3449 Tribunaiis,
1350 3386 1464 3458 quam
1492 3362 1606 3436 etiam

106 3487 252 3559 ratione
279 3486 368 3560 iuris
395 3487 481 3560 inde
509 3501 767 3584 promanante,
787 3488 892 3583 quod
921 3488 1026 3560 sicuti
1045 3488 1094 3562 ad
1114 3486 1309 3560 Decanum
1339 3503 1487 3583 spectat
1505 3487 1605 3561 vices

104 3634 242 3708 gerere
279 3612 443 3686 omnium
481 3610 723 3710 Collegarum
759 3612 983 3698 absentium,
1012 3612 1071 3686 vel
1113 3611 1150 3686 in
1187 3636 1318 3686 eorum
1355 3610 1479 3686 locum
1517 3613 1607 3686 sub-
1739 3673 1745 3682 .

104 3758 243 3834 rogare
271 3760 385 3832 quem
413 3735 494 3832 ipse
523 3734 705 3824 maluerit,
735 3737 786 3810 ita
813 3738 894 3810 iure
920 3737 1065 3832 optimo
1096 3761 1292 3812 assumere
1330 3737 1401 3812 iste
1437 3736 1607 3832 potuerit

105 3860 270 3935 officium
299 3860 579 3936 Camerariatus
598 3886 721 3958 eoque
753 3861 858 3961 iungi
877 3860 1000 3936 valeat
1019 3860 1140 3938 donec
1158 3862 1291 3959 elapso
1310 3861 1458 3937 biennio
1479 3859 1607 3936 Rotali

105 3986 300 4082 aperiatur
314 3985 503 4060 successio
523 3987 649 4061 favore
668 3985 774 4074 itlius,
792 3989 850 4062 cui
869 3988 972 4060 iuxta
990 3988 1158 4062 ordinem
1174 3988 1290 4061 Turni
1305 3987 1510 4061 deserenda
1524 3986 1604 4062 erit.

812 4271 903 4352 444.

105 4417 248 4492 Reneno
280 4415 481 4490 cardinali
507 4413 722 4492 Camerare'o
743 4417 808 4490 sub
825 4425 1027 4515 praetextu
1044 4415 1144 4513 quod
1159 4415 1263 4488 nulla
1282 4415 1423 4488 adesset
1437 4437 1549 4486 cansa
1567 4413 1607 4485 in

191 4520 348 4616 Camere
378 4539 588 4627 redeunda,
618 4540 792 4614 abnuenti
815 4541 1009 4614 [emnam
1035 4565 1273 4638 congregare,
1303 4549 1346 4612 nt
1374 4537 1608 4612 Roccleettnm

187 4668 388 4764 znpnuret
398 4666 615 4740 novoRotae
624 4665 812 4746 Andilon'.
823 4666 980 4740 mandat
991 4665 1209 4738 Benedictus
1220 4663 1288 4737 XI
1295 4665 1331 4738 V
1333 4663 1488 4736 utnulla
1498 4664 1608 4736 inter·

180 4794 305 4892 posita
322 4791 552 4866 excusatione
569 4815 677 4864 snum
696 4800 905 4865 convocaret
928 4789 966 4863 Τ
961 4790 1114 4864 n'bunal
1121 4801 1197 4888 pro
1208 4789 1339 4888 prima
1357 4788 1416 4861 die
1433 4787 1605 4862 inn'cle'ca.

188 4930 304 5002 (Atreu.
322 4927 411 5003 Rom,
434 4927 623 4988 «Debeium
642 4926 817 4988 Camerale
829 4933 865 5006 v).

593 5076 728 5150 Martis
760 5099 807 5169 23
838 5075 963 5149 Martii
999 5079 1109 5169 1756.
1140 5038 1143 5044 ¹

193 5223 238 5298 R.
270 5220 308 5296 P.
340 5219 389 5296 D.
411 5219 600 5294 Olivatius
620 5217 689 5292 hac
717 5243 827 5292 mane
845 5216 975 5292 habuit
994 5217 1159 5316 privatas
1179 5216 1450 5290 Conclusiones
1482 5239 1609 5290 coram

105 5348 209 5422 Emo
230 5345 373 5422 Card.li
390 5342 715 5420 Vicecancellario.
737 5339 882 5418 Omnes
901 5342 1135 5417 interfuimus
1153 5356 1304 5438 praeter
1323 5341 1405 5418 RR.
1428 5340 1495 5416 PP.
1519 5339 1607 5422 DD.
