3708 5918
256 284 293 343 96
854 283 992 342 soeculo
1012 281 1066 341 XI
1072 281 1186 342 V-XV

336 479 440 564 Item,
470 494 511 551 ut
538 479 818 553 conservatoria
846 478 901 552 eis
933 493 1129 552 eteorum
1167 478 1316 552 cuilibet
1351 501 1422 574 pro
1460 476 1648 554 beneficiis
1685 500 1757 572 que

257 603 430 678 obtinent
456 619 495 679 et
521 603 744 677 obtinebunt
781 604 1037 699 imposterum,
1066 603 1275 677 concedere
1309 600 1513 698 dignemini
1550 601 1652 675 iuxta
1684 599 1758 674 lor-

258 752 357 802 mam
385 727 528 802 concilii
543 728 766 802 Viennensis
793 743 832 802 et
860 728 1003 802 litteras
1032 729 1236 824 superbiis
1265 727 1483 815 concedere,
1505 742 1546 800 ut
1574 726 1757 800 informa.

258 853 349 925 Ficn
373 853 428 925 ud
451 851 655 926 triennium
683 853 729 928 P.

343 976 485 1052 Datum
513 977 723 1062 Avenione,
755 999 820 1048 xvr
850 975 934 1053 Kal.
966 977 1066 1060 Maii,
1096 1000 1195 1050 anno
1223 991 1371 1073 quarto.

985 1313 1049 1391 59.

264 1491 485 1576 Bonisocins
516 1492 585 1566 IX
613 1493 766 1565 ordinat
798 1518 871 1566 isse
898 1491 1055 1566 dominis
1091 1489 1354 1565 cardinalatus
1394 1489 1594 1563 dumtaxat
1631 1515 1764 1563 causas

342 1613 570 1689 Auditorum
595 1623 666 1688 ant
689 1637 818 1690 contra
846 1616 1057 1702 Auditores,
1078 1623 1113 1688 ct
1129 1615 1379 1688 Notariorum
1406 1613 1464 1688 vel
1487 1623 1613 1687 contra
1642 1614 1766 1687 Noto·

342 1740 419 1812 rios
446 1741 575 1826 Rotae,
607 1741 886 1827 committendas,
916 1766 989 1814 non
1016 1749 1137 1814 anum
1164 1740 1282 1813 Rotae
1310 1737 1564 1812 Auditm'bus.

349 1915 376 1984 (‹
388 1913 541 1986 Regulae
563 1913 793 1973 Cancellarine
811 1938 822 1964 ι
843 1921 905 1988 per
923 1913 1141 1980 Orrnaurnu,
1160 1913 1181 1971 l.
1199 1917 1243 1981 c.).

1531 2019 1609 2091 1394,
1628 2019 1707 2076 maii
1724 2019 1765 2077 15.

642 2117 789 2214 Regulo
819 2115 958 2190 domini
986 2114 1158 2189 Bonifatii
1184 2137 1283 2211 pape
1320 2113 1385 2190 lX.

344 2388 405 2456 49.
436 2366 540 2452 ltem,
563 2365 748 2439 ordinavit
766 2381 805 2439 et
827 2365 946 2439 voluit
973 2363 1071 2438 idem
1099 2363 1273 2438 dominus
1301 2377 1439 2450 noster,
1461 2363 1636 2438 dominus
1656 2362 1766 2436 Boni·

258 2487 378 2564 lacius
415 2511 514 2586 papa
550 2489 616 2577 IX,
655 2488 721 2588 id„
742 2490 828 2564 maii
861 2506 966 2588 pont.
997 2491 1053 2563 sui
1089 2511 1189 2563 anno
1217 2487 1263 2577 V,
1298 2489 1401 2584 quod
1439 2488 1615 2586 deinceps
1650 2512 1767 2561 cause

263 2637 358 2711 quas
400 2613 514 2712 aliqui
551 2639 602 2689 ex
646 2616 879 2690 auditoribus
927 2639 1124 2690 causarum
1166 2613 1292 2710 palatii
1328 2613 1524 2711 apostolici
1560 2615 1768 2688 movebunt

258 2754 393 2813 contra
422 2763 693 2836 quoscumque,
725 2739 784 2813 vel
822 2741 1049 2836 quicumque
1076 2755 1207 2814 contra
1234 2763 1314 2826 eos,
1343 2737 1402 2812 vel
1430 2763 1561 2812 eorum
1588 2737 1766 2836 aliquem,

257 2862 363 2937 nullo
391 2864 505 2938 modo
532 2865 813 2968 committantur
838 2864 956 2952 alicui,
978 2863 1038 2939 vel
1066 2864 1262 2962 aliquibus,
1284 2889 1331 2937 ex
1357 2865 1499 2938 eisdem
1519 2863 1766 2947 auditoribus,

263 2988 332 3062 sed
360 2989 523 3063 debeant
550 2991 729 3064 committi
758 2989 919 3064 dominis
947 2990 1215 3078 cardinalibus;
1249 3005 1290 3063 et
1321 2988 1420 3062 idem
1457 2987 1573 3063 voluit
1599 3004 1639 3062 et
1666 2987 1768 3064 ordi-

264 3115 365 3188 navit
393 3113 441 3187 de
469 3116 591 3188 causis
618 3139 714 3209 quas
741 3114 855 3211 aliqui
881 3115 929 3188 de
957 3115 1111 3189 notariis
1139 3113 1374 3189 dominorum
1402 3113 1613 3188 auditorum
1642 3136 1768 3187 move-

261 3241 359 3313 bunt
385 3255 516 3313 contra
543 3237 690 3334 aliquos
719 3239 779 3313 vel
807 3239 920 3336 aliqui
949 3256 1080 3315 contra
1107 3240 1222 3337 ipsos

990 3575 1054 3654 60.

266 3735 448 3810 Iohannes
475 3737 635 3811 XXIII
657 3733 917 3840 (1410-1415)
939 3736 1173 3834 Apostolicae
1192 3735 1297 3811 Sedis
1317 3737 1541 3835 Capellonos,
1566 3711 1769 3812 Auditires

346 3886 547 3936 causarum
565 3859 678 3936 Sacri
701 3862 848 3935 Palatii
868 3860 1078 3961 Apostolici,
1099 3862 1139 3934 in
1167 3861 1311 3938 datiom
1324 3863 1474 3959 gratioe
1491 3862 1536 3936 ab
1559 3863 1767 3962 Apostolico

347 3983 439 4059 Sede
456 4011 638 4059 concessae
664 3985 723 4059 uel
746 3986 996 4070 concedendae,
1017 4011 1091 4059 esse
1110 3987 1225 4060 cuivis
1243 3988 1484 4085 procucatori
1499 3987 1769 4086 praeferendos

347 4109 516 4197 decernit,
546 4135 590 4184 ac
616 4109 748 4184 eudem
775 4109 988 4184 huiusmodi
1010 4111 1070 4183 ins
1096 4111 1261 4186 concidit.

346 4282 461 4353 (Ancn.
480 4281 566 4354 Ron,
591 4281 807 4354 ‹Priotlegia
821 4307 847 4355 ι,
867 4288 943 4341 tom.
962 4281 990 4354 I,
1005 4289 1094 4357 part.
1116 4280 1143 4354 I,
1166 4299 1199 4341 n.
1217 4282 1273 4354 II).

1342 4409 1419 4481 1410,
1439 4409 1516 4466 maii
1533 4407 1578 4480 25,
1597 4409 1770 4468 Bononiae.

350 4588 534 4664 lohannes
566 4592 777 4688 episcopus,
800 4616 934 4666 servus
952 4615 1148 4667 servorum
1169 4591 1251 4668 Dei.
1274 4591 1338 4666 Ad
1355 4591 1518 4666 loturam
1545 4592 1599 4666 rei
1626 4619 1769 4668 memo-

270 4713 373 4788 riam.
405 4715 561 4789 Rationi
583 4716 755 4812 congruit
780 4732 819 4788 et
856 4717 1029 4790 convenit
1057 4717 1264 4791 honestati·
1279 4732 1320 4790 ut
1356 4741 1402 4789 ea
1429 4740 1503 4812 que
1531 4716 1579 4791 de
1608 4716 1771 4792 Romani

268 4837 459 4914 Pontificis
485 4840 717 4935 providentia
742 4858 1018 4936 processerunt,
1040 4840 1126 4917 licet
1152 4841 1233 4916 eius
1262 4841 1548 4937 superveniente
1575 4841 1678 4916 obitu
1711 4843 1771 4916 lit-

272 4979 353 5038 tere
392 4965 598 5061 apostolice
630 4991 745 5062 super
771 4965 841 5040 illis
873 4967 1042 5041 confecte
1070 4991 1146 5040 non
1174 4968 1317 5052 fuerint,
1350 4993 1458 5040 suum
1492 4983 1772 5063 consequantur

268 5086 457 5164 eflectum.

353 5212 506 5286 Dudum
533 5214 564 5286 si
591 5214 744 5309 quidem
771 5213 886 5289 felicis
913 5213 1180 5290 recordationis
1207 5213 1424 5290 Alexander
1456 5215 1520 5313 Pp.
1557 5213 1601 5302 V,
1634 5217 1773 5314 prede·

269 5363 400 5412 cessor
435 5355 575 5424 noster,
613 5353 758 5413 attenta
794 5340 1093 5415 consideratione
1128 5339 1383 5442 premeditans
1425 5339 1532 5414 valde
1565 5341 1771 5416 absurdum
