3748 5914
588 330 748 402 Gregorio
766 329 852 390 XIV
867 363 884 374 -
904 331 1070 392 Clemente
1091 331 1174 392 VIII
1572 331 1627 392 317

127 523 239 598 Haec
264 524 332 598 suit
360 547 435 598 una
462 523 510 598 de
537 525 666 620 primis
693 522 903 598 actionibus
931 523 1109 622 Gregorii
1127 522 1218 596 XIV
1247 549 1346 621 quae
1375 525 1531 598 multum
1551 524 1626 620 pla·

123 647 203 720 cuit
231 647 346 722 Bonis
373 649 547 722 omnibus
566 663 605 722 et
625 647 777 721 Curiam
806 647 914 722 valde
942 645 1172 736 exhilaravit,
1202 673 1286 722 cum
1315 649 1438 724 Rotae
1465 647 1626 723 tribunal

125 773 165 846 in
194 797 333 870 magna
360 796 512 870 semper
538 775 779 847 veneratione
807 771 917 846 fixerit
944 772 1122 858 habitum,
1148 773 1206 847 cui
1234 772 1362 848 Sixtus
1382 772 1427 858 V,
1449 797 1532 846 curn
1553 797 1627 848 non

125 913 232 972 esset
260 896 353 972 satis
380 899 477 972 bene
505 896 661 971 affectus
689 921 737 971 eo
765 897 868 993 quod
897 898 974 972 suis
1002 898 1197 972 desideriis
1225 921 1340 994 saepe
1373 923 1448 972 non
1480 897 1591 972 satist
1610 940 1628 952 ·

124 1023 252 1108 risset,
284 1047 416 1118 parum
444 1022 597 1098 honoris
625 1047 777 1118 semper
803 1021 980 1098 exhibuit.

776 1353 779 1362 .
842 1305 928 1384 179.

127 1445 332 1543 Collegium
359 1446 563 1520 Doctorum
591 1448 864 1522 Medtoloneme
878 1449 1097 1544 facultatem
1125 1447 1253 1520 tabuit
1277 1473 1301 1518 o
1328 1443 1437 1519 Sixto
1463 1449 1499 1521 V
1511 1449 1625 1520 nomi-

210 1573 330 1646 nandi
354 1599 469 1648 unum
496 1573 614 1648 Rotae
642 1575 862 1648 Auditorem
881 1617 899 1632 -
917 1573 1105 1648 Promott‘o
1125 1573 1250 1674 premi
1265 1573 1463 1647 Amoris
1481 1573 1626 1647 Medio-

209 1697 371 1772 tamt
399 1679 461 1770 'ae
495 1697 789 1774 cardamatem.
809 1743 836 1754 -
855 1700 902 1773 ln
939 1699 1093 1773 nunu
1117 1697 1363 1798 permoneas
1400 1697 1626 1771 Amatorem

209 1822 484 1897 annotabontur
509 1823 551 1896 ob
578 1821 750 1896 honorem
777 1823 985 1899 tm'bunolis.

209 1976 328 2049 (Atreu.
348 1976 435 2049 Ros..
458 2001 471 2028 ‹
484 1976 682 2037 Extractum
702 1978 823 2038 Dt'arti
837 1977 954 2038 Petrae
966 1981 1001 2052 »).

611 2161 798 2249 Mercurii,
830 2167 853 2236 6
882 2163 1005 2238 martii
1039 2185 1149 2257 1591.

190 2345 249 2416 13.
280 2321 490 2420 Gregorius
510 2319 601 2394 XIV
629 2320 715 2394 fecit
733 2319 937 2395 secundam
957 2319 1212 2396 Cardinalium
1230 2321 1519 2409 ordinationem
1541 2344 1626 2394 nam

129 2447 167 2519 in
186 2447 317 2544 prima,
348 2473 431 2521 cum
460 2447 621 2545 primum
650 2445 747 2520 soret
763 2462 994 2541 assumptus,
1015 2445 1137 2520 solum
1157 2447 1298 2522 creavit
1317 2445 1366 2522 D.
1389 2443 1625 2520 Cardinalem

130 2570 372 2646 Ssondratum
401 2598 449 2645 ex
478 2571 611 2645 Fratre
639 2569 849 2670 Nepotem:
878 2589 917 2645 et
944 2572 980 2644 in
1008 2570 1078 2645 hac
1107 2571 1342 2668 promotione
1370 2572 1510 2645 creavit
1537 2595 1626 2666 qua·

128 2713 217 2771 tuor
244 2695 478 2784 Cardinales,
509 2697 557 2770 D.
587 2695 810 2770 Odoardum
840 2695 1060 2772 Farnesium
1092 2696 1205 2770 filium
1235 2697 1352 2771 Ducis
1381 2697 1547 2783 Parmae,
1588 2711 1627 2768 et

131 2823 180 2898 D.
212 2821 473 2896 Pallavicinum
503 2820 733 2919 Episcopum
752 2820 1059 2908 Alexandrinum,
1081 2821 1267 2896 Nuncium
1285 2823 1387 2918 apud
1416 2821 1623 2904 Helvetios,

130 2963 169 3020 et
199 2947 247 3022 D.
279 2946 502 3020 Flaminium
531 2945 693 3022 Plattum
721 2946 845 3020 Rotae
873 2946 1097 3020 Auditorem
1125 2947 1240 3042 quia
1268 2945 1375 3021 Sixto
1403 2947 1438 3018 V
1475 2946 1542 3020 suit
1577 2946 1627 3019 ad

130 3073 398 3146 Auditoratum
428 3087 638 3170 promotus,
668 3071 881 3146 nominatus
908 3097 931 3144 a
960 3069 1131 3170 Collegio
1160 3072 1410 3147 Mediolanen.
1440 3071 1543 3168 quod
1579 3093 1627 3144 ex

129 3196 328 3294 privilegio
355 3197 579 3292 Apostolico
608 3195 723 3271 habet
749 3195 963 3270 facultatem
993 3197 1208 3271 nominandi
1235 3223 1350 3272 unum
1371 3197 1494 3271 Rotae
1513 3196 1627 3271 Audi·

128 3337 264 3406 torem,
294 3336 333 3395 et
361 3320 408 3394 D.
439 3322 709 3417 Aequavivam,
731 3319 1050 3406 Referendarium
1072 3318 1186 3394 filium
1207 3321 1325 3396 Ducis
1352 3321 1453 3396 Actii
1481 3321 1629 3418 Neapo-

128 3445 297 3519 litanum.
329 3443 453 3519 Huius
481 3446 728 3542 promotionis
764 3444 850 3519 ideo
878 3446 914 3520 in
942 3446 999 3520 his
1028 3443 1237 3520 Annalibus
1271 3446 1497 3520 mentionem
1534 3445 1627 3520 facio

128 3571 219 3665 quia
248 3569 393 3643 Plattus
428 3570 637 3644 Coauditor
671 3587 800 3644 noster
836 3586 986 3644 creatus
1020 3571 1087 3644 suit
1120 3569 1330 3644 Cardinalis
1366 3572 1416 3643 ob
1447 3570 1626 3644 honorem

130 3695 251 3766 nostri
280 3693 450 3792 Collegii.

212 3818 287 3893 Iste
317 3821 364 3896 D.
398 3821 540 3894 Plattus
568 3837 651 3894 erat
677 3819 834 3894 multum
862 3821 1003 3894 anricus
1032 3845 1185 3896 meus...
1206 3834 1277 3896 etc.

844 4102 928 4180 180.

132 4243 313 4320 Clemente
340 4245 445 4320 VIII
465 4248 721 4342 (1592-1605)
748 4247 951 4322 Aule'tores
967 4274 1062 4324 roro
1088 4242 1136 4322 ιε’
1161 4249 1202 4322 in
1229 4248 1329 4324 Roto
1355 4249 1626 4346 congregaban-

212 4378 288 4456 tur,
317 4378 435 4468 utpote
462 4371 593 4468 quiin
619 4371 744 4445 mutu
772 4384 922 4471 operam
948 4399 1055 4448 suom
1081 4374 1269 4448 nauobont
1286 4387 1361 4474 pro
1387 4373 1569 4448 Eccleszoe
1595 4384 1629 4447 et

213 4495 379 4568 Romani
403 4494 596 4579 Pontifices
621 4497 778 4572 servito

211 4649 331 4724 (Auen
349 4649 437 4722 Rau,
461 4649 685 4712 ‹Extractum
703 4649 824 4712 Dt'arit
838 4652 954 4712 Portae
966 4678 992 4724 ι,
1002 4653 1068 4725 fot.
1086 4655 1107 4712 9
1126 4657 1163 4712 tn
1181 4655 1358 4726 margine).

562 4832 734 4920 Veneris,
770 4861 815 4928 14
844 4836 1052 4910 decembris
1085 4859 1197 4930 1595.

217 4991 345 5067 Hodie
374 5018 550 5068 reversus
578 4993 628 5072 D.
665 4996 890 5092 Arrigonius
924 4998 972 5070 de
1000 4996 1124 5072 multis
1162 4996 1254 5070 locis
1290 5011 1413 5069 status
1442 4995 1626 5070 Ecclesia-

131 5119 213 5192 stici
242 5118 291 5192 ad
319 5142 418 5214 quae
446 5119 564 5193 iverat
593 5119 640 5192 de
678 5119 808 5194 ordine
835 5121 875 5196 S.
914 5121 962 5196 D.
1003 5121 1048 5196 N.
1088 5147 1158 5219 pro
1196 5121 1467 5218 componendis
1503 5119 1626 5194 litibus

130 5243 224 5318 ortis
253 5267 366 5338 super
393 5243 598 5326 territoriis.
621 5270 688 5320 seu
708 5245 896 5321 limitibus
917 5245 1086 5320 Interfuit
1105 5247 1228 5322 Rotae
1247 5261 1285 5319 et
1303 5245 1439 5318 suimus
1464 5271 1505 5318 12
1528 5246 1627 5318 audi-

132 5385 235 5442 tores
256 5365 383 5442 simul:
404 5367 507 5464 quod
535 5391 610 5442 non
638 5369 759 5442 fuerat
787 5395 855 5466 per
883 5369 1068 5443 Dominos
1096 5385 1184 5444 ante
1219 5395 1258 5444 11
1292 5392 1412 5444 annos
1440 5370 1570 5444 visum.
