3684 5920
235 241 291 301 648
876 239 1014 300 soeculo
1031 238 1114 298 XIX

247 339 1730 385 -ι----------------

232 434 336 520 ravit,
368 433 532 528 undique
561 448 720 507 mortem
748 431 907 506 afferens
935 446 1050 526 atque
1080 447 1272 505 terrorem.
1295 426 1370 522 Qui
1399 431 1496 502 enim
1524 429 1662 502 misere
1689 432 1732 502 ab

231 582 279 630 eo
306 559 589 655 aggrediuntur,
620 557 841 632 brevissimo
860 557 1036 630 horarum
1056 556 1180 651 spatio
1199 553 1414 651 frigescunt,
1437 555 1593 651 cuprino
1614 578 1731 626 macu-

230 683 355 757 lantur
381 685 517 769 colore,
547 683 817 758 contrahuntur
846 682 947 755 nervi
974 697 1013 754 et
1041 678 1192 755 dolores
1220 682 1470 753 obmoventur
1487 680 1686 776 asperrimi
1702 681 1732 751 in

232 825 364 881 ventre
391 823 432 882 et
459 807 664 895 stomach0,
695 809 833 905 quibus
860 805 1037 909 citissima
1065 805 1219 879 tandem
1247 830 1349 878 mors
1378 805 1554 878 succedit.
1595 802 1733 896 Quam·

232 933 287 1005 vis
314 959 337 1006 a
365 934 581 1008 cultioribus
610 933 786 1029 Europae
814 931 965 1028 populis
994 928 1042 1004 nil
1070 931 1294 1003 intentatum
1314 929 1484 1003 relictum
1504 929 1553 1002 sit
1573 944 1615 1000 ut
1637 927 1732 1000 salus

230 1057 514 1156 aegrotantibus
544 1059 816 1144 restitueretur,
848 1057 884 1128 in
913 1057 1054 1130 irritum
1084 1069 1210 1128 tamen
1229 1055 1419 1150 usquead
1438 1078 1620 1148 praesens
1641 1078 1734 1126 sem·

233 1207 300 1278 per
327 1209 475 1257 cessere
503 1207 633 1256 eorum
663 1184 776 1257 nisus.
808 1181 888 1255 Nec
917 1181 1054 1279 Igheae
1082 1179 1286 1254 cultoribus
1314 1178 1444 1252 datum
1464 1179 1531 1250 luit
1550 1176 1734 1274 peculiare

231 1309 348 1404 ipsius
376 1309 495 1383 morbi
523 1309 751 1383 constituere
779 1307 941 1381 indolem
969 1321 1084 1402 atque
1113 1319 1295 1378 naturam.
1316 1348 1342 1359 -
1361 1305 1561 1402 Ingressus
1586 1303 1733 1376 tandem

232 1433 384 1521 ltaliam,
416 1433 589 1506 Genuam
618 1457 711 1529 prae
739 1432 880 1528 primis,
900 1449 938 1504 et
958 1431 1093 1505 deinde
1114 1431 1335 1514 Labrouem,
1359 1429 1568 1527 Vinegiam,
1593 1427 1735 1500 Medio-

231 1558 368 1645 lanum,
386 1558 659 1654 nonnullasque
672 1557 865 1631 afflictavit
883 1557 1063 1638 civitates,
1081 1571 1315 1649 postremum
1330 1556 1527 1627 Anconam
1545 1569 1586 1627 et
1603 1552 1735 1627 deinde

232 1683 442 1780 Neapolim.
473 1682 568 1755 Cum
599 1683 764 1778 undique
790 1680 1020 1756 circumdata
1047 1679 1239 1752 videretur
1268 1678 1380 1764 Urbs,
1402 1677 1528 1751 sentiit
1556 1679 1736 1750 Sacratis-

233 1809 349 1882 simus
379 1809 554 1906 Princeps
591 1810 855 1880 necessitatem
896 1804 1057 1881 leniendi
1098 1803 1187 1877 iram
1234 1803 1418 1888 Divinam,
1450 1827 1496 1876 ne
1538 1803 1735 1898 praecipue

234 1934 434 2008 Civitatem
463 1933 667 2008 imminenti
695 1931 844 2031 flagello
872 1931 1051 2005 visitaret.
1082 1929 1311 2003 Miraculosa
1337 1928 1473 2003 idcirco
1493 1927 1638 2001 Mariae
1657 1925 1735 1999 Vir·

233 2060 328 2156 ginis
356 2059 454 2142 lcon,
486 2083 584 2154 quae
617 2059 653 2130 in
692 2057 953 2154 Borghesiano
991 2053 1138 2128 Sacello
1180 2055 1216 2128 in
1258 2053 1506 2127 Sacrosancta
1544 2051 1736 2126 Liberiana

236 2183 393 2257 Basilica
421 2183 653 2268 adservatur,
684 2181 744 2254 die
770 2203 812 2275 15
844 2179 1071 2276 septembris
1099 2179 1238 2252 devota
1256 2178 1510 2273 processione,
1531 2201 1736 2274 permagno

235 2308 398 2404 stipante
426 2305 554 2404 populi
583 2332 764 2380 concursu
793 2307 930 2390 delata,
959 2330 1003 2378 ac
1031 2302 1116 2376 dein
1146 2305 1332 2389 restituta,
1363 2318 1403 2375 ut
1430 2302 1602 2399 publicae
1631 2300 1737 2374 Fide-

234 2432 322 2505 lium
351 2431 557 2528 iperduliae
586 2432 758 2527 exposita
787 2445 1007 2503 remaneret.

316 2556 413 2632 Cum
446 2556 662 2654 Religiosae
698 2579 830 2629 omues
869 2552 1164 2648 Corporationes
1199 2577 1241 2626 se
1278 2552 1501 2626 contulerint
1537 2553 1588 2624 ad
1624 2552 1735 2647 ipsius

237 2684 369 2758 Ssr‘r'rae
397 2681 562 2781 Virginis
590 2681 860 2766 adorationem,
891 2704 1020 2752 eorum
1049 2678 1261 2774 exemplum
1299 2676 1542 2752 libentissime
1579 2674 1736 2748 emulata

238 2829 324 2882 sunt
352 2807 423 2880 alia
452 2831 604 2902 quoque
634 2805 749 2879 Urbis
776 2803 945 2902 collegia.

320 2933 434 3005 Hisce
476 2931 689 3027 exemplum
731 2956 822 3028 prae
864 2929 991 3024 primis
1028 2927 1132 3000 dedit
1169 2926 1206 3002 S.
1238 2926 1380 3000 Noster
1408 2927 1528 3010 Ordo,
1558 2926 1621 3021 qui
1649 2947 1735 3020 prae

238 3057 365 3156 primis
393 3057 586 3132 constituit
613 3056 769 3130 solemni
799 3056 912 3130 modo
944 3052 993 3126 ad
1030 3052 1147 3150 ipsius
1181 3051 1221 3128 S.
1251 3052 1372 3126 lconis
1407 3051 1660 3125 adorationem
1695 3073 1736 3122 se
1829 3141 1830 3144 Ἴ

240 3184 419 3258 conferre.

320 3308 438 3381 Acciti
465 3307 602 3381 idcirco
630 3308 733 3380 suere
761 3332 903 3391 omnes,
931 3305 994 3401 qui
1014 3305 1050 3376 in
1071 3303 1212 3376 Studiis
1231 3304 1458 3377 Auditorum
1478 3327 1584 3375 suam
1605 3313 1735 3373 navant
1829 3351 1830 3384 ,

128 3477 131 3484 =
239 3457 393 3528 operam
423 3457 565 3506 necnon
595 3430 787 3506 Officiales
815 3429 1034 3502 Officiorum
1063 3427 1263 3501 Rotalium.
1295 3427 1490 3500 Processio
1518 3427 1607 3499 exiit
1641 3423 1737 3496 horis

240 3573 402 3651 quatuor
437 3576 525 3630 ante
567 3556 757 3628 meridiem
799 3555 848 3628 ab
885 3553 1056 3627 Aedibus
1094 3547 1368 3642 Quirinalibus:
1399 3550 1599 3624 Incedebat
1627 3547 1733 3628 Crux,

240 3707 354 3779 quam
383 3683 526 3756 ferebat
554 3680 673 3754 Rriius
704 3680 891 3764 DecanuS,
923 3678 971 3751 ad
999 3675 1103 3749 cuius
1131 3677 1251 3750 latera
1269 3676 1491 3750 incedebant
1509 3699 1593 3747 cum
1614 3671 1735 3745 Cereis

241 3808 317 3880 duo
347 3807 521 3880 Seniores
550 3827 597 3877 ex
625 3804 664 3878 S.
695 3802 880 3877 Auditorii
909 3803 992 3876 RR.
1024 3801 1090 3871 PP.
1122 3801 1209 3876 DD.
1249 3800 1495 3874 Praesulibus.
1537 3797 1736 3870 Veniebaut
1829 3849 1830 3888 ,

241 3931 376 4005 deinde
405 3931 544 4005 coeteri
573 3931 797 4016 Auditores;
828 3927 963 4003 deinde
1000 3928 1022 4002 ii
1059 3929 1173 4025 quia
1210 3926 1351 4000 Studiis
1381 3940 1479 4010 sunt,
1508 3940 1547 3996 et
1584 3923 1734 4015 denique

243 4056 432 4130 Rotalium
461 4055 680 4128 Officiorum
711 4055 855 4128 Notarii
882 4079 926 4128 ac
954 4054 1094 4128 coeteri
1123 4051 1294 4126 Ministri.
1327 4052 1426 4124 Dum
1456 4051 1593 4122 devote
1619 4063 1683 4120 etc.
1754 4055 1762 4066 '

946 4387 1036 4466 544.

247 4532 402 4606 Cholera
430 4535 553 4607 morbo
587 4533 719 4608 Urbem
745 4533 951 4628 afflictantc,
983 4533 1101 4605 Rotae
1128 4530 1297 4604 trz'bunal
1310 4530 1355 4603 ab
1373 4529 1546 4602 exercit-rb
1567 4526 1732 4599 irrdr'catus

324 4659 468 4734 destitit.

325 4813 441 4886 (Ancu.
461 4814 548 4885 Ros,
572 4811 697 4872 «Liber
716 4811 748 4869 S.
767 4811 882 4882 Rotae,
900 4827 933 4870 n.
952 4812 976 4869 4
992 4835 1015 4884 »,
1031 4817 1109 4884 pag.
1122 4807 1299 4880 322-323).

754 5014 825 5087 Die
861 5017 904 5086 18
936 5013 1101 5109 Augusti
1138 5016 1247 5104 1837.

328 5175 603 5250 infensissimus
631 5175 785 5248 morbus
813 5173 1026 5248 Cholera...
1060 5173 1256 5268 ingressus
1289 5169 1439 5244 tandem
1472 5169 1507 5240 in
1542 5162 1728 5242 Pontificias

249 5299 433 5384 Ditiones,
463 5300 638 5374 finitimos
669 5299 843 5397 Oppidos
876 5298 1051 5396 caprano,
1082 5297 1168 5388 Pofi
1195 5313 1234 5371 et
1251 5295 1378 5369 Monte
1397 5293 1436 5368 S.
1461 5281 1725 5368 Gz‘ovanniaffli·
