3718 5918
731 313 923 372 Innocentio
942 311 996 372 XI
1554 309 1610 370 447

112 510 248 584 deinde
276 531 325 583 ex
353 510 548 594 Auditore,
582 509 620 582 S.
650 508 695 583 R.
726 507 769 582 E.
801 504 1021 582 Cardinalis.
1063 505 1129 580 Vir
1171 507 1316 582 subtilis
1350 508 1418 582 sed
1454 509 1610 606 inquieti

112 635 261 734 ingenii,
291 635 356 731 qui
383 633 471 708 dum
501 649 635 706 cuncta
661 632 711 705 ad
739 657 910 708 normam
937 633 996 706 sui
1014 631 1169 705 Theatri
1197 632 1394 708 efformare
1422 650 1462 708 et
1497 636 1610 710 reior-

112 783 215 835 mare
243 758 352 832 nimis
379 760 555 834 ardenter
584 757 738 844 studuit,
759 759 794 830 in
822 756 906 854 ipso
925 755 1143 832 efformandi
1162 773 1202 830 et
1228 757 1452 832 reformandi
1474 762 1610 835 ardore

113 883 338 979 implanetus
366 883 553 959 decessit:
583 882 722 957 felicior
749 883 781 954 si
807 882 856 955 ad
885 897 1027 956 tantam
1047 883 1267 980 dignitatem
1292 910 1494 979 numquam
1523 911 1611 961 eve-

114 1024 197 1084 ctus
225 1008 369 1085 luisset.

823 1254 913 1335 358.

114 1401 348 1474 Innooantnr
375 1401 493 1474 Rotae
520 1398 662 1473 decreto
680 1400 720 1472 in
738 1399 859 1473 canst's
882 1400 1052 1473 videndis
1071 1402 1119 1474 ab
1139 1400 1312 1475 omnibus
1339 1402 1398 1475 vel
1410 1428 1435 1475 o
1454 1404 1614 1480 Ponente

196 1550 276 1598 cnm
303 1550 329 1622 4
359 1521 712 1623 Corresponsalz'bns,
741 1523 871 1620 quibus
898 1548 1030 1597 novum
1056 1524 1213 1598 additur
1244 1525 1284 1598 in
1318 1528 1438 1600 conen
1473 1530 1614 1627 aliquo-

197 1649 263 1724 ties
298 1651 337 1723 in
373 1657 486 1724 turno
513 1649 715 1748 propositos
749 1658 785 1722 et
816 1674 888 1722 non
928 1648 1097 1722 resolutis
1133 1659 1176 1722 nt
1209 1651 1358 1726 ot'deont
1396 1653 1545 1750 quintus
1580 1667 1616 1730 et

196 1783 333 1849 sextus.

200 1931 315 2002 (Anca.
334 1929 421 2004 Ros,
445 1929 630 1989 «Diorium
650 1928 956 2003 Iacobe'Emert'x»).

520 2113 650 2188 Lunae
679 2115 701 2186 8
733 2113 924 2186 Februarii
952 2114 1039 2186 dicti
1066 2115 1210 2211 (1683).

201 2278 288 2369 328.
319 2275 426 2348 quta
454 2274 623 2348 ordinem
652 2273 688 2346 in
716 2270 846 2346 ultima
864 2271 1068 2347 Audientia
1095 2273 1183 2348 mihi
1202 2275 1343 2362 datum,
1365 2277 1482 2352 detuli
1504 2276 1616 2352 hodie

117 2425 265 2475 mecum
292 2402 342 2474 ad
380 2401 517 2473 Rotam
557 2398 724 2472 Diarium
768 2423 905 2483 meum,
945 2413 984 2472 et
1019 2396 1096 2497 legi
1133 2398 1298 2474 Decreta
1335 2399 1427 2475 alias
1454 2401 1552 2476 lacta
1579 2402 1615 2476 in

119 2524 256 2600 Causis
283 2549 382 2622 quae
410 2540 498 2598 sunt
524 2519 708 2596 videndae
735 2523 784 2598 ab
811 2525 985 2596 omnibus
1005 2523 1187 2610 Dominis,
1209 2525 1267 2598 vel
1294 2549 1318 2598 a
1347 2527 1513 2600 Ponente
1532 2553 1616 2601 cum

118 2665 282 2745 quatuor
310 2647 680 2746 Corresponsalibus,
710 2661 750 2720 et
778 2647 929 2721 Domini
947 2647 1008 2720 illa
1036 2648 1171 2722 iterum
1190 2651 1448 2745 approbarunt
1466 2667 1507 2725 et
1531 2677 1620 2727 una-

120 2776 241 2848 nimes
268 2773 532 2850 concluserunt
559 2774 662 2870 quod
689 2797 713 2846 a
742 2772 899 2847 Decano
927 2772 1184 2848 suscribantur
1219 2790 1258 2848 et
1295 2775 1545 2874 registrentur
1582 2779 1617 2851 in

121 2899 234 2973 Libro
260 2897 418 2972 aliorum
448 2899 698 2972 Decretorum
727 2895 854 2994 quiin
884 2897 1022 2971 nostris
1052 2896 1240 2971 Cubiculis
1270 2899 1468 2974 Rotalibus
1495 2926 1619 2976 asser-

122 3042 244 3099 vatur.

203 3174 291 3243 329.
323 3149 382 3222 Ne
399 3165 526 3223 autem
555 3173 623 3245 per
651 3147 863 3222 huiusmodi
891 3146 1039 3222 Causas
1058 3171 1157 3244 quae
1176 3149 1225 3223 ab
1241 3149 1386 3246 aliquot
1413 3151 1520 3225 annis
1539 3152 1618 3248 plu·

121 3274 254 3350 rimunr
295 3272 595 3371 multiplicantur,
636 3272 787 3347 Domini
829 3271 1008 3369 paulatim
1051 3272 1203 3346 nimium
1239 3291 1539 3373 praegraventur
1579 3295 1619 3353 et

118 3400 316 3475 laudabilis
336 3399 431 3473 ordo
451 3397 663 3473 Turnorum
683 3396 932 3472 confundatur
950 3423 995 3472 ac
1014 3423 1129 3496 saepe
1151 3398 1323 3473 Partibus
1350 3401 1464 3476 etiam
1497 3403 1619 3478 invitis

121 3523 340 3598 beneficium
368 3521 631 3619 appellationis
659 3522 768 3618 quasi
796 3520 926 3596 inutile
954 3522 1136 3597 reddatur
1163 3548 1211 3597 ex
1240 3548 1318 3619 quo
1337 3523 1488 3599 Causae
1504 3527 1621 3602 semel

120 3651 157 3723 in
187 3649 288 3723 Rota
315 3648 465 3723 decisae
490 3647 528 3721 in
556 3649 689 3722 eadem
718 3663 808 3721 sunt
833 3647 968 3721 iterum
1005 3648 1306 3736 committendae,
1345 3651 1486 3746 pariter
1521 3651 1622 3726 ordi-

122 3790 253 3848 natum
281 3788 351 3860 est,
383 3789 426 3846 ut
452 3773 572 3846 donec
609 3773 717 3847 aliter
744 3772 792 3847 de
820 3771 968 3846 licentia
996 3773 1095 3846 Ssriii
1127 3789 1326 3861 statuatur,
1356 3774 1392 3847 in
1425 3793 1620 3873 posterum

122 3902 159 3973 in
189 3899 324 3973 Causis
352 3898 466 3972 etiam
493 3896 691 3994 aliquoties
709 3897 747 3971 in
761 3897 891 3971 Turno
919 3899 999 3971 sine
1018 3896 1246 3973 resolutione
1265 3900 1471 3995 propositis
1489 3903 1623 3976 rescri-

90 4035 100 4056 '
123 4025 236 4099 batur
264 4039 305 4097 ut
331 4023 483 4096 videant
513 4029 568 4117 5¹¹⁸
590 4037 630 4096 et
659 4028 715 4095 6¹¹³
738 4039 942 4120 antequam
972 4024 1220 4097 demandetur
1247 4039 1291 4096 ut
1316 4047 1450 4098 omnes
1471 4025 1622 4100 Domini

123 4149 286 4234 videant,
315 4161 356 4220 et
391 4146 495 4243 quod
523 4147 558 4219 in
588 4147 754 4221 Decreto
782 4162 824 4221 ut
852 4172 967 4244 supra
995 4148 1234 4246 registrando
1261 4161 1301 4221 et
1328 4173 1398 4245 per
1426 4149 1622 4224 Decanum

125 4273 406 4361 subscribend0,
437 4270 509 4346 hoc
537 4272 708 4347 addatur.

824 4537 915 4616 359.

523 4697 616 4774 Ven.
653 4723 697 4791 19
728 4699 920 4773 Februarii
949 4698 1037 4771 dicti
1065 4699 1211 4798 (1683).

209 4885 297 4957 333.
327 4861 537 4946 Decretum,
567 4861 684 4934 latum
711 4860 820 4934 iuxta
846 4860 1012 4933 ortionem
1047 4861 1208 4934 relatum
1234 4860 1363 4934 subn.
1391 4883 1480 4960 329.
1510 4862 1558 4936 In
1585 4889 1624 4935 eo

126 4987 279 5090 spen'ale
305 4995 359 5061 est
384 4980 484 5084 qnod
506 4997 673 5061 servetur
699 4985 790 5059 ordo
826 4987 955 5084 Papae
990 4987 1085 5060 anni
1117 4985 1223 5081 1677,
1253 4998 1398 5086 nempe:
1435 4987 1470 5060 in
1507 4988 1627 5084 prima

127 5113 386 5211 propositione
415 5111 726 5209 (Causarum)
757 5134 833 5186 non
860 5111 1029 5207 capiatur
1056 5110 1235 5185 resolutio
1272 5136 1354 5185 cum
1392 5111 1628 5208 praeponde-

128 5241 249 5313 rantia
279 5237 387 5310 unius
428 5237 543 5312 solius
572 5235 736 5335 suffragii
755 5235 876 5310 donec
894 5235 1003 5308 aliter
1021 5235 1069 5309 de
1088 5236 1245 5335 (Papae)
1265 5235 1412 5310 licentia
1440 5251 1629 5311 statuatur

132 5363 176 5468 (e
190 5363 373 5437 Dterinm
392 5361 515 5436 Iacobi
531 5361 691 5435 Emerix
709 5363 758 5459 n).
