3686 5916
225 306 280 366 588
836 305 974 364 Socculo
992 304 1118 366 XVIII

223 515 349 572 mento
380 498 493 572 Fides
522 499 688 573 exhiberi
717 497 868 572 debebit
895 496 1063 570 eiusdem
1094 495 1245 570 Causae
1276 497 1442 584 Ponenti,
1472 498 1564 570 alias
1593 499 1717 572 dubio-

223 650 305 697 rum
334 625 560 720 subscriptio
591 623 860 716 suspendenda
888 621 969 696 erit.

302 748 341 820 ln
370 751 492 822 causis
522 749 662 844 pariter
691 748 832 844 primae
861 747 1071 832 instantiae,
1093 770 1192 842 quae
1215 746 1273 820 vel
1293 773 1341 822 ex
1360 749 1623 822 commissione
1642 775 1717 843 spe·

224 873 316 958 ciali,
354 874 414 947 vel
452 899 499 946 ex
536 898 721 948 consensu
763 872 934 958 Partium,
966 872 1023 944 vel
1062 897 1302 969 quocumque
1338 873 1411 945 alio
1444 877 1570 959 mod0,
1602 876 1720 948 eidem

224 997 422 1072 Auditorio
451 999 573 1073 Rotae
605 999 895 1082 committentur,
926 997 975 1070 ad
1003 997 1202 1071 dubiorum
1233 997 1545 1092 subscriptionem
1575 999 1721 1072 minime

225 1125 273 1196 sit
299 1125 592 1219 procedendum,
621 1125 691 1198 nisi
720 1123 822 1217 prius
851 1123 1099 1219 praecesserit
1126 1125 1271 1197 citatio:
1300 1123 1570 1197 addicendum
1598 1135 1724 1198 contra

228 1247 528 1336 Commz'ssionem,
555 1257 591 1323 el
615 1249 670 1322 ad
693 1247 884 1322 dicendum
911 1256 1040 1320 contra
1069 1247 1174 1334 lura,
1215 1264 1254 1321 et
1292 1249 1492 1344 productio
1521 1251 1726 1323 documen·

225 1387 361 1456 torum,
382 1389 421 1446 et
450 1375 722 1468 Scripturarum
753 1372 872 1454 Partis
900 1373 995 1446 illius
1023 1397 1121 1468 quae
1155 1373 1307 1447 instabit
1336 1399 1405 1468 pro
1433 1375 1725 1448 concordatione

225 1523 269 1571 ac
298 1498 569 1594 subscriptione
601 1498 712 1572 Dubii
740 1523 806 1572 seu
838 1497 1058 1582 Dubiorum,
1085 1513 1245 1593 excepto
1273 1513 1419 1572 tantum
1448 1523 1537 1572 casu
1572 1523 1650 1594 quo
1678 1501 1726 1572 ab

225 1623 359 1697 eadem
388 1624 488 1696 Rota
525 1623 712 1697 definitive
750 1647 823 1696 non
860 1622 908 1695 sit
943 1623 1275 1716 pronunciandum,
1308 1622 1376 1696 sed
1413 1648 1522 1695 suum
1560 1641 1725 1698 tantum-

227 1751 340 1831 modo
383 1750 618 1822 tribuendum
655 1748 797 1822 Votum
834 1748 955 1823 alieno
990 1749 1114 1830 ludici,
1146 1748 1204 1821 vel
1241 1747 1445 1832 Tribunali,
1484 1773 1612 1822 coram
1651 1775 1725 1844 quo

226 1873 334 1960 laeta,
365 1871 424 1946 vel
455 1872 624 1946 facienda
651 1871 757 1958 soret,
783 1889 999 1968 opportuna
1026 1873 1236 1967 productio,
1258 1889 1296 1944 et
1325 1873 1558 1946 necessariae
1587 1875 1726 1947 citatio

228 2024 296 2071 nes
324 1999 612 2074 intercesserint.

306 2126 427 2198 Nono.
449 2122 607 2196 Videtur
634 2125 787 2217 insuper
813 2123 1002 2218 expedire,
1025 2123 1340 2196 Renunciationes
1370 2121 1581 2195 Causarum
1611 2125 1723 2196 Rota·

227 2248 326 2329 lium,
357 2265 445 2344 post
472 2247 696 2343 publicatam
727 2245 976 2330 Decisionem,
1007 2272 1073 2320 seu
1104 2247 1324 2332 decisiones,
1344 2269 1467 2340 eoque
1495 2247 1620 2344 magis
1641 2265 1727 2342 post

229 2389 441 2446 emanatam
461 2372 697 2458 sententiam,
718 2373 868 2444 omnino
893 2369 969 2444 fieri
988 2371 1128 2443 debere
1147 2370 1183 2443 in
1202 2371 1295 2442 actis
1316 2371 1524 2456 Rotalibus‚
1542 2390 1582 2444 et
1601 2395 1725 2444 coram

228 2499 361 2572 eodem
392 2499 557 2572 Ponente
586 2515 628 2571 ut
655 2514 787 2592 pateat
812 2496 936 2570 exitus
965 2495 1113 2570 Causae
1142 2496 1363 2592 derogando
1390 2495 1517 2578 etiam,
1538 2513 1725 2590 quatenus

229 2649 326 2718 opus
356 2623 413 2708 sit,
446 2621 699 2695 constitutioni
737 2620 928 2694 Benedicti
966 2620 1052 2694 x111
1089 2645 1187 2715 quae
1222 2620 1367 2716 incipit:
1401 2621 1525 2708 Quum
1561 2629 1726 2693 nostrum

228 2749 269 2821 in
289 2747 428 2845 primis
454 2750 473 2844 ᾗ
495 2745 542 2820 Si
565 2771 676 2819 causo
705 2747 902 2820 terminata
924 2745 1067 2836 fuerit:
1093 2759 1291 2818 emanatae
1311 2744 1370 2818 die
1393 2748 1439 2818 28
1459 2743 1587 2840 aprilis
1614 2749 1722 2836 1728.
1838 2797 1839 2844 3

229 2872 394 2966 Ideoque
422 2871 664 2944 statuendum
683 2895 780 2951 esse,
803 2870 905 2964 quod
925 2869 965 2961 ‚si
995 2868 1292 2940 renunciationes
1311 2867 1562 2941 diversimode
1582 2868 1723 2952 fierent,

227 3025 249 3072 a
281 2999 390 3070 Parte
418 2997 566 3070 victrice
594 2995 709 3070 libere
737 2995 890 3090 procedi
909 2995 1030 3090 possit
1049 2993 1098 3094 ad
1117 2994 1395 3089 expeditionem
1415 3017 1551 3068 causae
1572 2995 1725 3089 perinde

228 3149 272 3196 ac
300 3123 331 3195 si
359 3121 586 3195 renunciatio
614 3120 712 3192 lacta
741 3144 814 3193 non
842 3119 983 3203 fuisset,
1014 3144 1058 3191 ac
1086 3122 1294 3215 respective
1322 3119 1472 3214 plenum
1501 3119 1563 3192 lus
1593 3121 1726 3193 habeat

230 3246 424 3344 repetendi
461 3269 649 3340 expensas
681 3243 940 3341 expeditionis,
970 3242 1029 3316 vel
1061 3245 1183 3318 eidem
1221 3243 1320 3318 Parti
1348 3245 1485 3318 victrici
1514 3244 1654 3318 licitum
1683 3244 1727 3316 sit

230 3397 299 3468 pro
328 3397 397 3445 suo
424 3369 587 3454 arbitrio,
619 3369 934 3454 Renunciationis,
966 3384 1073 3442 extra
1101 3383 1185 3441 acta
1213 3366 1365 3442 Rotalia
1390 3366 1522 3450 factae,
1541 3371 1727 3464 probatio-

230 3523 313 3570 nem
352 3499 387 3568 in
424 3495 556 3568 iisdem
597 3493 690 3566 actis
733 3494 942 3588 producere
984 3517 1108 3566 coram
1152 3518 1289 3566 causae
1330 3509 1504 3588 ponente,
1545 3493 1728 3566 solvendo

228 3639 351 3698 tamen
380 3621 685 3700 emolumentum,
706 3635 819 3714 prout
838 3619 873 3691 in
893 3617 992 3690 dicta
1012 3617 1290 3692 Constitutione
1311 3617 1501 3691 Benedicti
1528 3616 1616 3690 XIII
1645 3619 1725 3690 loco

230 3751 343 3821 citato
370 3746 646 3841 praescribitur.
668 3741 778 3836 Quae
806 3744 957 3838 quidem
978 3742 1114 3816 solutio
1134 3744 1205 3816 erit
1224 3744 1427 3838 repetenda
1447 3742 1538 3815 infra
1559 3759 1726 3816 caeteras

228 3897 427 3969 expensas,
457 3871 636 3963 cuiusque
665 3869 921 3964 productionis
949 3867 1089 3964 vigore,
1121 3869 1401 3963 procedendum
1431 3869 1502 3941 erit
1528 3868 1564 3940 in
1594 3868 1726 3941 eadem
1838 3865 1839 3868 ’

232 3999 341 4079 Rota,
373 3996 421 4067 ad
456 3993 599 4064 Taxam
635 4017 896 4088 expensarum,
927 4017 993 4064 seu
1029 3991 1290 4065 mandatorum
1328 3991 1608 4074 relaxationem,
1638 3994 1727 4064 alio-

232 4145 390 4215 rumque
427 4131 596 4192 actorum
633 4119 907 4196 executionem:
951 4116 1086 4212 Neque
1129 4115 1344 4190 earumdem
1388 4117 1725 4190 Renunciationum

229 4249 360 4343 vigore
388 4269 410 4316 a
438 4240 629 4315 Tribunali
659 4241 851 4316 Auditoris
881 4241 1064 4314 Camerae
1092 4240 1151 4313 vel
1180 4265 1202 4313 a
1230 4241 1353 4314 Iudice
1373 4241 1525 4337 primae,
1547 4241 1607 4314 vel
1627 4242 1727 4314 Alte·

232 4375 307 4447 rius
335 4369 532 4442 instantiae
560 4367 608 4439 ad
637 4368 780 4440 Taxam
800 4391 1060 4462 expensarum,
1083 4393 1148 4440 seu
1169 4368 1431 4440 mandatorum
1450 4367 1725 4462 expeditionem

231 4495 382 4594 procedi
410 4495 541 4589 possit,
573 4494 643 4566 sub
671 4517 794 4588 poena
823 4492 1015 4578 nullitatis;
1046 4517 1196 4588 semper
1227 4494 1326 4565 enim
1364 4490 1631 4565 recurrendum
1660 4493 1728 4564 erit

231 4622 280 4696 ad
307 4622 481 4694 eumdem
510 4619 683 4701 Iudicem,
714 4619 771 4690 cui
799 4635 886 4690 ante
915 4617 1233 4691 renunciationem
1268 4643 1381 4690 causa
1416 4633 1499 4689 erat
1536 4617 1724 4690 devoluta.

232 4745 502 4841 iniungendum
532 4759 656 4816 tamen
685 4745 853 4815 eiusdem
884 4743 1006 4815 Rotae
1036 4742 1212 4824 Notariis‚
1244 4765 1291 4814 ne
1318 4741 1416 4813 forte
1452 4741 1618 4813 audeant
1655 4741 1726 4812 ullo

232 4893 410 4965 umquam
451 4884 622 4964 tempore
668 4867 920 4962 receptionem
962 4867 1144 4940 dictarum
1188 4865 1525 4939 Renunciationum
1568 4865 1723 4943 differre,

232 4995 298 5067 sed
318 5019 395 5076 eas,
417 4994 447 5064 si
466 4990 632 5090 legitime
651 4992 837 5065 exhibitae
867 4994 950 5076 sint,
973 4989 1068 5064 illico
1098 4991 1344 5064 transcribere
1372 4991 1545 5074 debeant,
1567 4990 1727 5084 alioquin

235 5140 495 5215 transgressus
524 5118 736 5190 huiusmodi
759 5117 879 5212 possit
899 5118 1092 5202 removeri,
1115 5117 1265 5211 quoties
1285 5113 1441 5188 Decano
1461 5138 1635 5188 recursus
1654 5113 1726 5187 fiet.

314 5243 466 5329 Verum,
489 5269 571 5315 cum
600 5267 648 5315 ex
675 5242 717 5316 iis
746 5243 827 5337 ipsa
855 5243 1101 5339 congregatio
1129 5242 1301 5314 omnibus
1321 5241 1413 5314 satis
1433 5241 1624 5335 provisum
1644 5263 1726 5312 esse

232 5370 382 5442 minime
409 5367 663 5454 arbitraretur,
694 5383 734 5441 et
761 5367 795 5439 in
827 5365 1105 5463 Congressibus
1133 5365 1269 5439 habitis
1297 5363 1435 5460 pluries
1469 5363 1580 5436 luerit
1611 5365 1726 5436 dedu-
