3688 5924
751 359 928 434 Praefatio
945 361 991 419 ad
1009 362 1162 420 tectorem

907 745 925 840 t
953 743 994 817 n.

317 895 519 982 Quaenam
543 899 791 978 documenta,
815 905 909 966 ante
932 898 1095 966 Martini
1120 899 1152 966 V
1176 900 1457 984 pontificatum
1480 903 1599 984 edita,

754 1005 841 1073 heic
865 1007 1031 1074 collecta
1055 1007 1149 1075 sint.

285 1209 319 1276 6.
350 1246 365 1256 -
396 1201 567 1274 Profecto
596 1227 669 1276 non
698 1228 821 1300 aeque
849 1204 973 1276 omnia
1009 1221 1104 1299 quot
1141 1204 1262 1277 adhuc
1305 1205 1435 1278 rotalia
1478 1206 1702 1282 documenta

204 1345 406 1421 supersunt
434 1328 600 1399 eiusdem
630 1327 800 1399 utilitatis
828 1352 924 1412 esse,
955 1328 1080 1401 animo
1100 1327 1204 1401 sacile
1225 1330 1410 1404 hauritur:
1432 1329 1516 1401 ideo
1542 1330 1702 1404 indiscri-

201 1453 367 1524 minatim
396 1454 518 1524 omnia
547 1467 586 1523 et
614 1452 761 1548 singula
790 1452 824 1522 in
854 1478 968 1524 unum
998 1453 1126 1549 legere
1154 1470 1193 1525 et
1221 1452 1376 1550 vulgare
1405 1477 1479 1526 non
1512 1457 1694 1550 oportuit;

203 1578 270 1649 sed
300 1577 495 1648 dumtaxat
523 1600 621 1672 quae
650 1577 862 1650 necessaria
890 1593 956 1649 aut
983 1603 1071 1649 vere
1101 1577 1202 1649 utilia
1231 1579 1399 1651 instituto
1428 1577 1508 1650 visa
1537 1597 1635 1652 sunt.

286 1725 317 1793 7.
349 1744 374 1754 -
404 1700 533 1795 Opere
562 1725 652 1773 vero
681 1701 751 1773 hoc
780 1702 815 1772 in
835 1701 1072 1797 perficiendo,
1095 1701 1131 1774 id
1153 1701 1240 1774 mihi
1268 1745 1285 1756 -
1313 1703 1366 1774 rei
1394 1703 1451 1775 vel
1472 1703 1555 1798 ipsa
1576 1730 1699 1778 neces-

201 1826 364 1898 situdine
392 1822 656 1920 expostulante
685 1870 702 1880 -
730 1826 972 1898 constitutum
1003 1840 1073 1913 est,
1105 1843 1145 1898 ut
1164 1852 1233 1922 per
1262 1827 1394 1900 idaevi
1416 1828 1577 1923 spatium
1599 1831 1701 1924 quod

199 1952 248 2023 ab
277 1949 419 2045 origine
450 1949 642 2025 tribunalis
671 1951 790 2023 nostri
822 1951 870 2022 ad
890 1950 1146 2046 pontificatum
1168 1976 1288 2047 usque
1309 1951 1460 2024 Martini
1479 1951 1513 2022 V
1534 1953 1699 2038 defluxit,

200 2100 283 2148 cum
314 2075 475 2170 speciale
509 2076 778 2170 propriumque
811 2075 1012 2148 archivium
1048 2076 1217 2163 deluerit,
1249 2102 1294 2149 ea
1326 2079 1588 2151 tantummodo
1616 2079 1701 2150 huic

201 2224 307 2273 meae
345 2200 551 2273 collectioni
589 2201 813 2272 documenta
852 2201 1064 2285 insererem,
1100 2202 1236 2298 quibus
1269 2203 1361 2274 satis
1400 2203 1517 2300 orig0,
1553 2219 1696 2287 natura,

199 2327 441 2420 potioresque
461 2326 659 2398 historicae
681 2323 872 2398 tribunalis
891 2324 1127 2400 evolutiones
1147 2327 1496 2423 vicissitudinesque
1524 2328 1697 2424 ostende-

200 2467 329 2523 rentur
356 2467 395 2522 et
423 2451 774 2545 comprobarentur:
805 2451 835 2522 si
855 2467 953 2546 quae
974 2451 1329 2548 superaddidissem,
1351 2452 1528 2525 collector
1546 2452 1698 2525 fuissem

202 2577 358 2650 otiosus.
1351 2583 1353 2586 ’

280 2705 314 2773 8.
345 2743 371 2754 -
402 2701 507 2773 Haec
536 2701 689 2798 quidem
726 2702 973 2797 quaeritanda
1013 2718 1120 2775 erant
1156 2701 1227 2773 huc
1255 2701 1427 2797 illucque,
1459 2701 1522 2774 ubi
1559 2703 1699 2775 scilicet

199 2827 363 2922 genuina
390 2827 622 2921 apostolicae
653 2825 904 2899 Cancellariae
932 2828 1043 2899 -cui
1078 2827 1238 2899 tribunal
1277 2843 1446 2899 nostrum
1484 2842 1571 2899 tunc
1605 2846 1699 2900 tem-

199 2951 314 3046 poris,
343 2953 395 3023 uti
425 2977 512 3046 pars
541 2951 698 3046 corpori,
729 2953 888 3024 maxime
915 2952 1088 3025 adhaesit
1113 2995 1130 3006 -
1158 2952 1312 3024 inveniri
1341 2953 1566 3025 documenta
1590 2969 1697 3046 pote-

199 3093 294 3148 rant.
324 3076 414 3149 ldeo
442 3077 477 3148 in
509 3077 705 3172 Regestris
733 3077 815 3148 RR.
847 3076 1074 3161 Pontificum,
1106 3075 1241 3171 quibus
1271 3076 1339 3172 (uti
1368 3079 1402 3148 in
1427 3077 1547 3170 prima
1571 3079 1697 3172 operis

199 3215 308 3295 parte
346 3201 514 3294 ostendi)
551 3226 596 3273 ea
634 3201 729 3273 sacri
766 3201 958 3274 tribunalis
995 3218 1079 3272 acta
1116 3201 1228 3273 inseri
1255 3200 1433 3273 solemne
1476 3201 1542 3273 luit
1584 3225 1692 3295 quae,

200 3325 290 3398 data
316 3326 611 3420 opportunitate,
642 3327 716 3396 vim
745 3327 930 3422 generalis
959 3326 1052 3423 legis
1082 3325 1243 3398 nancisci
1277 3341 1445 3420 possent.
1476 3369 1491 3380 -
1522 3325 1571 3397 Et
1598 3325 1696 3398 sacto

199 3474 246 3521 ex
273 3449 403 3523 iisdem
434 3450 630 3546 Regestris
658 3449 740 3521 heic
770 3451 908 3522 tradita
937 3450 1162 3523 documenta
1190 3449 1382 3545 exscripsi.

893 3823 911 3917 ᾗ
940 3820 996 3894 lll.

778 3975 835 4044 De
859 3976 1129 4044 citationibus.

280 4199 313 4267 9.
337 4219 362 4231 -
381 4177 457 4248 Ista
487 4175 562 4248 lere
590 4177 715 4248 omnia
743 4176 878 4271 publici
906 4176 995 4248 iuris
1023 4174 1159 4248 iamdiu
1189 4175 1287 4248 sacta
1320 4173 1454 4270 reperii
1478 4173 1555 4246 sive
1578 4197 1694 4269 opera

197 4301 397 4397 praecipue
417 4300 572 4374 celebris
590 4301 734 4386 Balutii',
754 4301 832 4372 sive
847 4300 1058 4373 scholarum
1073 4296 1340 4396 gallicanarum
1357 4299 1512 4383 Romae,
1530 4299 1695 4370 Athena·

198 4452 279 4498 rum
309 4442 393 4512 etc,
423 4425 480 4496 vel
510 4424 786 4498 Germanorum
806 4439 896 4499 etc:
926 4438 986 4497 ast
1014 4425 1137 4497 omnia
1157 4449 1240 4496 cum
1259 4423 1429 4521 originali
1448 4423 1554 4495 litera
1572 4449 1693 4495 exem-

197 4551 367 4645 plarium,
398 4551 509 4623 hodie
547 4549 722 4624 Archivio
765 4547 947 4622 Vaticano
989 4548 1229 4632 manentium,
1261 4547 1400 4620 contuli
1441 4562 1481 4620 et
1521 4549 1695 4644 religiose

198 4675 420 4748 auscultavi:
452 4699 549 4770 quae
578 4701 625 4746 ne
662 4677 852 4771 legentem
889 4672 1059 4757 laterent,
1097 4672 1293 4768 unicuique
1330 4697 1436 4746 meae
1468 4671 1696 4746 collectionis

197 4801 423 4873 documento
452 4817 540 4896 post
568 4800 825 4895 praepositum
857 4797 1006 4870 brevius
1035 4815 1310 4894 argumentum,
1334 4795 1537 4893 praeposui
1556 4796 1694 4869 citatio·

198 4949 302 4999 nem:
334 4926 459 4996 Axon.
482 4923 587 5009 Vnt,
607 4922 802 5020 indigitata
822 4921 917 4995 illius
936 4923 1083 4995 archivii
1104 4921 1254 5018 speciali
1272 4938 1388 5017 atque
1408 4921 1579 5017 specifica
1602 4922 1694 4996 eius·

199 5049 284 5121 dem
314 5047 527 5120 documenti
557 5047 659 5121 sede.

284 5197 339 5246 10.
370 5215 396 5226 -
429 5171 524 5244 Huic
552 5171 662 5244 aliam
691 5171 748 5244 vel
776 5171 867 5243 alias
896 5172 1091 5243 citationes
1120 5170 1314 5256 subnexui,
1344 5169 1438 5243 illins
1467 5193 1600 5267 nempe
1638 5170 1694 5242 vel

198 5298 341 5369 illorum
370 5321 526 5390 opernm
556 5296 690 5390 quibus
721 5294 865 5366 fidelius
893 5295 1158 5367 documentum
1187 5293 1222 5364 in
1257 5295 1377 5366 lucem
1414 5293 1562 5388 prodiit.
1594 5291 1695 5365 Con-

196 5421 295 5492 sulto
325 5421 451 5516 plures
480 5437 624 5491 ceteras
653 5419 849 5491 citationes
883 5445 980 5513 quae
1010 5421 1194 5492 interdum
1233 5418 1308 5490 lieri
1348 5437 1535 5513 poterant,
1567 5417 1692 5492 omisi:
