3718 5918
261 299 316 358 438
891 305 1028 365 Soeruto
1046 307 1152 366 XVII

258 508 297 566 et
326 494 389 569 ubi
416 494 543 572 lavore
573 498 750 596 Episcopi
778 501 943 575 resoluta
972 501 1103 588 luerat,
1134 501 1235 574 nolui
1263 500 1364 575 aliud
1393 500 1624 596 respondere
1641 526 1744 596 quam

257 621 361 715 quod
391 622 492 696 Rota
520 649 670 720 semper
697 640 914 698 reverenter
947 625 1103 722 suscipit
1135 625 1386 700 resolutiones
1421 624 1618 700 Sacrarum
1655 624 1745 698 Con·

258 746 534 842 gregationum
564 747 717 844 quando
744 749 795 822 ad
822 745 920 824 illam
949 749 1187 838 deteruntur;
1221 774 1269 822 an
1302 767 1430 823 autem
1462 749 1498 821 in
1530 750 1603 822 ista
1631 747 1745 822 Causa

260 869 297 944 S.
330 869 587 970 Congregatio
616 891 717 947 recte
745 875 943 961 censuerit,
973 874 1087 948 modo
1114 899 1239 948 meum
1260 874 1432 948 iudicium
1454 899 1527 946 non
1547 900 1642 948 esse.
1664 871 1745 946 Cae·

259 1009 381 1068 terum
396 1019 600 1093 numquam
615 998 753 1072 Rotam
773 999 956 1074 tenaciter
974 999 1180 1073 adhaerere
1201 999 1278 1072 suis
1294 998 1556 1074 Decisionibus
1575 1016 1615 1071 et
1632 999 1744 1071 lorsan
1825 991 1826 994 '

258 1120 293 1192 in
322 1119 493 1194 eamdem
523 1124 762 1197 transituram
791 1122 916 1211 luisse,
948 1124 979 1198 si
1009 1123 1135 1198 Causa
1163 1125 1198 1197 in
1228 1149 1273 1197 ea
1301 1126 1538 1221 reproposita
1566 1141 1607 1197 et
1637 1146 1744 1196 novae

259 1247 423 1320 rationes
451 1246 636 1321 adductae
663 1265 729 1322 aut
755 1249 933 1344 antiquae
962 1246 1094 1323 melius
1121 1247 1346 1323 dilucidatae
1374 1249 1541 1322 fuissent.
1825 1275 1826 1322 1

965 1565 1055 1644 337.

259 1709 305 1782 In
327 1709 457 1806 prima
487 1709 585 1782 Rata
612 1733 685 1781 nou
711 1708 872 1782 solebant
886 1709 963 1806 lagi
979 1709 1230 1786 Memorzalr'a.
1253 1754 1270 1767 -
1290 1712 1445 1784 Ioannes
1460 1709 1634 1809 Baptista
1656 1710 1747 1783 Com·

331 1835 457 1931 pugni
480 1833 661 1906 licentiam
697 1859 721 1906 a
759 1833 856 1906 Rota
887 1836 983 1932 petit
1006 1834 1187 1928 seligendi
1213 1844 1249 1911 ct
1278 1837 1373 1936 typis
1400 1836 1645 1909 committendi
1660 1847 1747 1935 par-

340 1967 408 2031 tem
427 1959 474 2032 X
482 1959 585 2032 VIII
604 1957 839 2032 Decisionum
867 1960 1135 2035 Recentr'orum.

335 2116 451 2188 (Anca.
470 2115 557 2188 Rom,
582 2115 771 2174 «Dianium
790 2115 902 2175 Iacobi
918 2115 1058 2174 Emarr‘x
1071 2119 1104 2191 r).

733 2315 863 2389 Lunae
895 2340 914 2409 3
946 2313 1124 2390 Octobris
1160 2318 1272 2409 1678.

346 2483 429 2571 163.
460 2475 686 2572 Equitarunt
700 2534 815 2552 .....
845 2478 895 2550 ad
925 2475 1104 2551 Palatium
1134 2474 1356 2550 Vaticanum
1373 2536 1488 2552 .....
1519 2477 1580 2550 ubi
1689 2475 1747 2548 luit

259 2603 306 2675 de
333 2627 439 2676 more
466 2619 600 2698 aperta
629 2601 739 2675 Rota.
1825 2671 1826 2676 ,

344 2733 428 2820 164.
459 2726 509 2799 Et
535 2725 621 2799 licet
648 2727 752 2799 iuxta
780 2725 915 2822 stylum
945 2751 1019 2799 non
1048 2724 1195 2799 soleant
1223 2725 1259 2797 in
1287 2726 1357 2799 hac
1386 2727 1485 2800 Rota
1512 2723 1594 2822 legi
1608 2725 1746 2796 Memo-
1825 2707 1826 2752 ³

258 2851 371 2937 rialia,
402 2853 519 2927 voluit
546 2868 671 2925 tamen
699 2849 747 2925 D.
781 2850 958 2924 Decanus
985 2851 1113 2948 legere
1142 2877 1255 2924 unum
1275 2849 1324 2923 illi
1344 2866 1557 2946 porrectum
1576 2877 1598 2923 a
1617 2849 1747 2924 Ioanne

258 2978 430 3074 Baptista
460 2977 673 3074 Compagni
699 2976 764 3072 qui
792 2979 946 3073 petebat
975 2976 1044 3050 sibi
1073 2975 1253 3071 impartiri
1282 2975 1468 3048 licentiam
1506 2975 1688 3074 seligendi
1713 2989 1747 3045 et

258 3102 357 3200 typis
385 3101 641 3176 committendi
660 3116 807 3197 partem
827 3100 951 3173 XVlll
973 3100 1214 3174 Decisionum
1236 3099 1500 3173 Recentiorum
1505 3156 1723 3175 .........
1736 3095 1744 3130 ¹

968 3415 1058 3492 338.

256 3561 443 3634 Dominus
471 3559 696 3657 Beailacqua
725 3558 842 3633 Rotae
868 3561 1021 3633 nunciat
1036 3559 1293 3633 conclusionem
1304 3561 1412 3658 pacis
1428 3561 1610 3659 adquam
1627 3562 1747 3634 deam·

336 3696 412 3758 tum
438 3685 516 3774 fuit
540 3685 599 3757 dio
625 3706 672 3780 17
698 3684 908 3782 septembris
932 3685 1026 3757 anni
1051 3684 1147 3778 1678
1176 3685 1368 3782 Neomagi.

335 3841 450 3915 (Accu.
469 3841 556 3916 Rom,
580 3841 768 3901 «Dianium
787 3840 899 3899 Iacoor'
915 3839 1055 3900 Emerix
1067 3841 1103 3912 »).

748 4022 852 4099 Ven:
885 4045 905 4117 7
937 4023 1115 4098 Octobris
1150 4029 1260 4117 1678.

342 4298 425 4386 167.
467 4293 578 4390 Legit
612 4316 766 4390 quoque
800 4292 900 4367 idem
939 4293 987 4368 D.
1024 4293 1203 4366 Decanus
1240 4293 1446 4389 Epistulam
1486 4295 1571 4369 Rmi
1608 4294 1746 4369 Bevila-
1825 4267 1826 4336 l

254 4441 373 4514 cquae
403 4417 638 4490 Patriarchae
666 4417 909 4491 Alexandrini
937 4435 977 4491 et
1004 4417 1136 4491 Nuncii
1164 4419 1375 4514 Apostolici
1404 4419 1587 4518 Collegae
1623 4421 1744 4504 nostri,
1825 4443 1826 4532 }

254 4567 331 4639 qua
358 4539 544 4640 significat
572 4541 745 4639 Collegio
774 4541 917 4616 Nostro
955 4567 1085 4638 pacem
1123 4541 1308 4641 Neomagi
1337 4541 1550 4618 conclusam
1588 4565 1628 4618 et
1663 4547 1745 4618 sub·

254 4668 430 4762 scriptam
459 4692 482 4741 a
510 4665 847 4762 Plenipotentiariis
876 4669 1071 4763 utriusque
1100 4667 1218 4765 Regis
1247 4667 1318 4742 sub
1346 4667 1406 4742 die
1444 4689 1488 4762 17
1528 4671 1745 4767 septembris
1825 4691 1826 4728 1

253 4791 421 4888 proxime
449 4793 654 4887 praeteriti,
683 4808 722 4865 et
750 4792 849 4865 Rota
877 4791 1062 4865 ordinavit
1092 4792 1137 4867 D.
1159 4792 1317 4868 Decano
1336 4807 1388 4879 ut,
1411 4795 1560 4868 nomine
1581 4792 1743 4892 Collegii,
1825 4821 1826 4830 ¹

252 4933 388 5013 ageret
413 4917 483 5014 ipsi
512 4916 658 4991 debitas
686 4917 838 5016 gratias,
868 4933 909 4991 et
936 4917 1145 5014 Epistolam
1176 4919 1305 5015 reponi
1334 4937 1482 4993 curaret
1505 4921 1541 4994 in
1562 4919 1741 4994 Archivio.

334 5129 340 5160 ¹
362 5126 554 5187 Huiusmodi
584 5128 713 5186 licentia
738 5129 799 5187 sub
824 5128 884 5186 hac
908 5128 961 5187 die
985 5128 1153 5204 denegata,
1177 5143 1330 5188 concessa
1355 5129 1506 5202 deinceps
1532 5128 1590 5188 fuit
1613 5131 1672 5189 sub
1693 5127 1743 5186 die

252 5216 286 5275 10
304 5216 443 5276 octobris
462 5216 608 5274 eiusdem
626 5217 712 5289 anni,
732 5233 795 5292 quo
813 5217 915 5276 Rotae
934 5217 1046 5276 datum
1064 5218 1122 5276 luit
1147 5218 1337 5277 Memoriale
1361 5233 1435 5276 cum
1457 5217 1627 5294 Rescripto
1651 5216 1741 5278 Ssmi:
1825 5277 1826 5286 χ

255 5305 359 5452 ‹Igllta
378 5305 463 5452 Rot’a
482 5305 542 5362 che
559 5304 656 5363 abbia
674 5308 753 5378 quet
771 5305 934 5378 rr'guardo
951 5307 1012 5365 che
1030 5307 1171 5365 str'mera
1189 5309 1402 5367 conveniente
1419 5309 1456 5366 at
1474 5307 1555 5367 bene
1570 5307 1736 5383 pubblr'co»
1825 5363 1826 5386 ἔ

251 5397 261 5467 (
301 5395 323 5467 r',
342 5412 374 5452 u.
393 5397 432 5453 16
456 5397 473 5466 ).
1398 5415 1403 5426 ·
