<?xml version="1.0" encoding="UTF-8"?>
<!DOCTYPE html PUBLIC "-//W3C//DTD XHTML 1.0 Transitional//EN"
    "http://www.w3.org/TR/xhtml1/DTD/xhtml1-transitional.dtd">
<html xmlns="http://www.w3.org/1999/xhtml" xml:lang="en" lang="en">
 <head>
  <title>
</title>
<meta http-equiv="Content-Type" content="text/html;charset=utf-8" />
  <meta name='ocr-system' content='tesseract 3.04.00' />
  <meta name='ocr-capabilities' content='ocr_page ocr_carea ocr_par ocr_line ocrx_word'/>
</head>
<body>
  <div class='ocr_page' id='page_1' title='image "./capellanipapaee00cercgoog_0441.png"; bbox 0 0 3720 5916; ppageno 0'>
   <div class='ocr_carea' id='block_1_1' title="bbox 740 358 1018 421">
    <p class='ocr_par' dir='ltr' id='par_1_1' title="bbox 740 358 1018 421">
     <span class='ocr_line' id='line_1_1' title="bbox 740 358 1018 421; baseline -0.011 0"><span class='ocrx_word' id='word_1_1' title='bbox 740 359 932 421; x_wconf 79' lang='lat' dir='ltr'>Alexandro</span> <span class='ocrx_word' id='word_1_2' title='bbox 953 358 1018 419; x_wconf 90' lang='lat' dir='ltr'>VII</span> 
     </span>
    </p>
   </div>
   <div class='ocr_carea' id='block_1_2' title="bbox 835 690 924 770">
    <p class='ocr_par' dir='ltr' id='par_1_2' title="bbox 835 690 924 770">
     <span class='ocr_line' id='line_1_2' title="bbox 835 690 924 770; baseline 0 0"><span class='ocrx_word' id='word_1_3' title='bbox 835 690 924 770; x_wconf 85' lang='lat'><strong>282.</strong></span> 
     </span>
    </p>
   </div>
   <div class='ocr_carea' id='block_1_3' title="bbox 133 849 1631 1077">
    <p class='ocr_par' dir='ltr' id='par_1_3' title="bbox 133 849 1631 1077">
     <span class='ocr_line' id='line_1_3' title="bbox 133 849 1631 956; baseline -0.006 -23"><span class='ocrx_word' id='word_1_4' title='bbox 133 856 373 933; x_wconf 81' lang='lat' dir='ltr'><em>Camerarius</em></span> <span class='ocrx_word' id='word_1_5' title='bbox 400 859 527 941; x_wconf 81' lang='lat' dir='ltr'>Ratae,</span> <span class='ocrx_word' id='word_1_6' title='bbox 557 864 675 956; x_wconf 74' lang='lat' dir='ltr'>utpote</span> <span class='ocrx_word' id='word_1_7' title='bbox 701 863 817 930; x_wconf 81' lang='lat' dir='ltr'>castos</span> <span class='ocrx_word' id='word_1_8' title='bbox 844 853 1065 938; x_wconf 73' lang='lat' dir='ltr'>palliarum,</span> <span class='ocrx_word' id='word_1_9' title='bbox 1087 851 1215 950; x_wconf 61' lang='lat' dir='ltr'>pizino</span> <span class='ocrx_word' id='word_1_10' title='bbox 1243 849 1410 924; x_wconf 81' lang='lat' dir='ltr'>Otacaao</span> <span class='ocrx_word' id='word_1_11' title='bbox 1430 849 1631 925; x_wconf 72' lang='lat' dir='ltr'><em>cardinali</em></span> 
     </span>
     <span class='ocr_line' id='line_1_4' title="bbox 208 977 1069 1077; baseline -0.007 -21"><span class='ocrx_word' id='word_1_12' title='bbox 208 983 349 1058; x_wconf 66' lang='lat' dir='ltr'>assistit</span> <span class='ocrx_word' id='word_1_13' title='bbox 373 981 539 1056; x_wconf 78' lang='lat' dir='ltr'><em>tradenti</em></span> <span class='ocrx_word' id='word_1_14' title='bbox 562 979 691 1054; x_wconf 76' lang='lat' dir='ltr'>Pallia</span> <span class='ocrx_word' id='word_1_15' title='bbox 720 977 1021 1077; x_wconf 76' lang='lat' dir='ltr'>Arclriapisaopis.</span> <span class='ocrx_word' id='word_1_16' title='bbox 1065 1009 1069 1017; x_wconf 94' lang='lat'>·</span> 
     </span>
    </p>
   </div>
   <div class='ocr_carea' id='block_1_4' title="bbox 208 1137 805 1214">
    <p class='ocr_par' dir='ltr' id='par_1_4' title="bbox 208 1137 805 1214">
     <span class='ocr_line' id='line_1_5' title="bbox 208 1137 805 1214; baseline -0.007 -14"><span class='ocrx_word' id='word_1_17' title='bbox 208 1139 325 1214; x_wconf 81' lang='lat' dir='ltr'>(Atreu.</span> <span class='ocrx_word' id='word_1_18' title='bbox 344 1139 435 1208; x_wconf 70' lang='lat' dir='ltr'>Ros,</span> <span class='ocrx_word' id='word_1_19' title='bbox 458 1138 649 1198; x_wconf 77' lang='lat' dir='ltr'>‹Drarium</span> <span class='ocrx_word' id='word_1_20' title='bbox 670 1137 805 1210; x_wconf 57' lang='grc' dir='ltr'>δοιώ).</span> 
     </span>
    </p>
   </div>
   <div class='ocr_carea' id='block_1_5' title="bbox 557 1337 1201 1432">
    <p class='ocr_par' dir='ltr' id='par_1_5' title="bbox 557 1337 1201 1432">
     <span class='ocr_line' id='line_1_6' title="bbox 557 1337 1201 1432; baseline 0 -19"><span class='ocrx_word' id='word_1_21' title='bbox 557 1339 629 1414; x_wconf 89' lang='lat' dir='ltr'>Die</span> <span class='ocrx_word' id='word_1_22' title='bbox 658 1338 832 1414; x_wconf 87' lang='lat' dir='ltr'>Mercurii</span> <span class='ocrx_word' id='word_1_23' title='bbox 862 1363 908 1412; x_wconf 86' lang='lat'>22</span> <span class='ocrx_word' id='word_1_24' title='bbox 940 1337 1066 1412; x_wconf 92' lang='lat' dir='ltr'>Martii</span> <span class='ocrx_word' id='word_1_25' title='bbox 1091 1342 1201 1432; x_wconf 84' lang='lat'><strong>1656.</strong></span> 
     </span>
    </p>
   </div>
   <div class='ocr_carea' id='block_1_6' title="bbox 128 1495 1629 1974">
    <p class='ocr_par' dir='ltr' id='par_1_6' title="bbox 128 1495 1629 1974">
     <span class='ocr_line' id='line_1_7' title="bbox 208 1495 1627 1602; baseline -0.006 -24"><span class='ocrx_word' id='word_1_26' title='bbox 208 1559 275 1578; x_wconf 90' lang='grc'><strong>.....</strong></span> <span class='ocrx_word' id='word_1_27' title='bbox 300 1503 385 1602; x_wconf 83' lang='lat' dir='ltr'>Ego</span> <span class='ocrx_word' id='word_1_28' title='bbox 413 1500 586 1602; x_wconf 82' lang='lat' dir='ltr'><strong>Angelus</strong></span> <span class='ocrx_word' id='word_1_29' title='bbox 615 1497 779 1575; x_wconf 89' lang='lat' dir='ltr'>Celsus¹</span> <span class='ocrx_word' id='word_1_30' title='bbox 809 1499 967 1573; x_wconf 78' lang='lat' dir='ltr'>discessi</span> <span class='ocrx_word' id='word_1_31' title='bbox 993 1516 1081 1575; x_wconf 92' lang='lat' dir='ltr'>ante</span> <span class='ocrx_word' id='word_1_32' title='bbox 1109 1497 1221 1574; x_wconf 88' lang='lat' dir='ltr'>finem</span> <span class='ocrx_word' id='word_1_33' title='bbox 1248 1500 1373 1574; x_wconf 89' lang='lat' dir='ltr'>Rotae</span> <span class='ocrx_word' id='word_1_34' title='bbox 1401 1500 1488 1594; x_wconf 90' lang='lat' dir='ltr'>quia</span> <span class='ocrx_word' id='word_1_35' title='bbox 1516 1495 1627 1572; x_wconf 92' lang='lat' dir='ltr'>debui</span> 
     </span>
     <span class='ocr_line' id='line_1_8' title="bbox 128 1609 1629 1724; baseline -0.003 -24"><span class='ocrx_word' id='word_1_36' title='bbox 128 1609 275 1702; x_wconf 82' lang='lat' dir='ltr'>delerle</span> <span class='ocrx_word' id='word_1_37' title='bbox 301 1627 427 1702; x_wconf 91' lang='lat' dir='ltr'>omnia</span> <span class='ocrx_word' id='word_1_38' title='bbox 455 1623 568 1700; x_wconf 87' lang='lat' dir='ltr'>Pallia</span> <span class='ocrx_word' id='word_1_39' title='bbox 593 1626 643 1699; x_wconf 89' lang='lat' dir='ltr'>ad</span> <span class='ocrx_word' id='word_1_40' title='bbox 671 1626 825 1699; x_wconf 92' lang='lat' dir='ltr'>domum</span> <span class='ocrx_word' id='word_1_41' title='bbox 854 1623 937 1698; x_wconf 74' lang='lat' dir='ltr'>Emi</span> <span class='ocrx_word' id='word_1_42' title='bbox 966 1622 1167 1724; x_wconf 85' lang='lat' dir='ltr'>Costaguti</span> <span class='ocrx_word' id='word_1_43' title='bbox 1185 1623 1292 1720; x_wconf 89' lang='lat' dir='ltr'>primi</span> <span class='ocrx_word' id='word_1_44' title='bbox 1313 1620 1521 1696; x_wconf 89' lang='lat' dir='ltr'>Cardinalis</span> <span class='ocrx_word' id='word_1_45' title='bbox 1541 1621 1629 1696; x_wconf 92' lang='lat' dir='ltr'>Dia·</span> 
     </span>
     <span class='ocr_line' id='line_1_9' title="bbox 128 1745 1628 1847; baseline -0.004 -21"><span class='ocrx_word' id='word_1_46' title='bbox 128 1751 221 1839; x_wconf 88' lang='lat' dir='ltr'>coni,</span> <span class='ocrx_word' id='word_1_47' title='bbox 253 1766 293 1826; x_wconf 89' lang='lat' dir='ltr'>et</span> <span class='ocrx_word' id='word_1_48' title='bbox 318 1751 510 1837; x_wconf 81' lang='lat' dir='ltr'>assistere,</span> <span class='ocrx_word' id='word_1_49' title='bbox 535 1765 648 1847; x_wconf 91' lang='lat' dir='ltr'>prout</span> <span class='ocrx_word' id='word_1_50' title='bbox 675 1749 757 1838; x_wconf 82' lang='lat' dir='ltr'>leci,</span> <span class='ocrx_word' id='word_1_51' title='bbox 778 1749 931 1846; x_wconf 90' lang='lat' dir='ltr'>quando</span> <span class='ocrx_word' id='word_1_52' title='bbox 958 1747 1021 1823; x_wconf 89' lang='lat' dir='ltr'>illa</span> <span class='ocrx_word' id='word_1_53' title='bbox 1048 1748 1197 1822; x_wconf 81' lang='lat' dir='ltr'>fuerant</span> <span class='ocrx_word' id='word_1_54' title='bbox 1224 1745 1364 1824; x_wconf 88' lang='lat' dir='ltr'>tradita</span> <span class='ocrx_word' id='word_1_55' title='bbox 1392 1771 1460 1846; x_wconf 90' lang='lat' dir='ltr'>per</span> <span class='ocrx_word' id='word_1_56' title='bbox 1487 1746 1628 1820; x_wconf 91' lang='lat' dir='ltr'>dictum</span> 
     </span>
     <span class='ocr_line' id='line_1_10' title="bbox 130 1875 890 1974; baseline -0.001 -22"><span class='ocrx_word' id='word_1_57' title='bbox 130 1877 369 1954; x_wconf 88' lang='lat' dir='ltr'>Cardinalem</span> <span class='ocrx_word' id='word_1_58' title='bbox 396 1878 546 1952; x_wconf 89' lang='lat' dir='ltr'>duobus</span> <span class='ocrx_word' id='word_1_59' title='bbox 574 1875 890 1974; x_wconf 79' lang='lat' dir='ltr'>Archiepiscopis.</span> 
     </span>
    </p>
   </div>
   <div class='ocr_carea' id='block_1_7' title="bbox 576 2190 1191 2429">
    <p class='ocr_par' dir='ltr' id='par_1_7' title="bbox 576 2190 1191 2429">
     <span class='ocr_line' id='line_1_11' title="bbox 841 2190 931 2271; baseline 0.011 -1"><span class='ocrx_word' id='word_1_60' title='bbox 841 2190 931 2271; x_wconf 84' lang='lat'><strong>283.</strong></span> 
     </span>
     <span class='ocr_line' id='line_1_12' title="bbox 576 2351 1191 2429; baseline 0.002 -1"><span class='ocrx_word' id='word_1_61' title='bbox 576 2355 675 2428; x_wconf 82' lang='lat' dir='ltr'>Rata</span> <span class='ocrx_word' id='word_1_62' title='bbox 701 2379 825 2427; x_wconf 87' lang='lat' dir='ltr'>caram</span> <span class='ocrx_word' id='word_1_63' title='bbox 854 2352 1078 2428; x_wconf 78' lang='lat' dir='ltr'>Alexandro</span> <span class='ocrx_word' id='word_1_64' title='bbox 1105 2351 1191 2429; x_wconf 88' lang='lat' dir='ltr'><em>VII.</em></span> 
     </span>
    </p>
   </div>
   <div class='ocr_carea' id='block_1_8' title="bbox 209 2506 804 2584">
    <p class='ocr_par' dir='ltr' id='par_1_8' title="bbox 209 2506 804 2584">
     <span class='ocr_line' id='line_1_13' title="bbox 209 2506 804 2584; baseline -0.005 -13"><span class='ocrx_word' id='word_1_65' title='bbox 209 2511 326 2584; x_wconf 73' lang='lat' dir='ltr'>(Auca</span> <span class='ocrx_word' id='word_1_66' title='bbox 346 2510 433 2582; x_wconf 70' lang='lat' dir='ltr'>Ros„</span> <span class='ocrx_word' id='word_1_67' title='bbox 457 2508 649 2568; x_wconf 82' lang='lat' dir='ltr'>‹Dt&#39;arium</span> <span class='ocrx_word' id='word_1_68' title='bbox 669 2506 804 2582; x_wconf 60' lang='lat' dir='ltr'>cusin.</span> 
     </span>
    </p>
   </div>
   <div class='ocr_carea' id='block_1_9' title="bbox 129 2709 1638 5307">
    <p class='ocr_par' dir='ltr' id='par_1_9' title="bbox 129 2709 1634 3684">
     <span class='ocr_line' id='line_1_14' title="bbox 209 2709 1630 2808; baseline -0.002 -21"><span class='ocrx_word' id='word_1_69' title='bbox 209 2713 313 2788; x_wconf 92' lang='lat' dir='ltr'>Rota</span> <span class='ocrx_word' id='word_1_70' title='bbox 340 2736 466 2787; x_wconf 89' lang='lat' dir='ltr'>coram</span> <span class='ocrx_word' id='word_1_71' title='bbox 487 2709 674 2798; x_wconf 88' lang='lat' dir='ltr'>Pontifice‚</span> <span class='ocrx_word' id='word_1_72' title='bbox 696 2710 962 2808; x_wconf 88' lang='lat' dir='ltr'>praesentibus</span> <span class='ocrx_word' id='word_1_73' title='bbox 981 2711 1243 2785; x_wconf 92' lang='lat' dir='ltr'>tantummodo</span> <span class='ocrx_word' id='word_1_74' title='bbox 1264 2713 1286 2785; x_wconf 94' lang='lat'>8</span> <span class='ocrx_word' id='word_1_75' title='bbox 1307 2710 1523 2799; x_wconf 86' lang='lat' dir='ltr'>Auditores‚</span> <span class='ocrx_word' id='word_1_76' title='bbox 1545 2735 1630 2784; x_wconf 89' lang='lat' dir='ltr'>nam</span> 
     </span>
     <span class='ocr_line' id='line_1_15' title="bbox 131 2834 1632 2935; baseline -0.001 -24"><span class='ocrx_word' id='word_1_77' title='bbox 131 2836 392 2935; x_wconf 86' lang='lat' dir='ltr'>Peutingerius</span> <span class='ocrx_word' id='word_1_78' title='bbox 419 2861 468 2910; x_wconf 88' lang='lat' dir='ltr'>ex</span> <span class='ocrx_word' id='word_1_79' title='bbox 486 2859 556 2910; x_wconf 89' lang='lat' dir='ltr'>sua</span> <span class='ocrx_word' id='word_1_80' title='bbox 574 2836 685 2911; x_wconf 89' lang='lat' dir='ltr'>solita</span> <span class='ocrx_word' id='word_1_81' title='bbox 704 2834 896 2911; x_wconf 89' lang='lat' dir='ltr'>incurabili</span> <span class='ocrx_word' id='word_1_82' title='bbox 916 2835 1204 2934; x_wconf 89' lang='lat' dir='ltr'>indispositione</span> <span class='ocrx_word' id='word_1_83' title='bbox 1224 2851 1265 2910; x_wconf 88' lang='lat' dir='ltr'>et</span> <span class='ocrx_word' id='word_1_84' title='bbox 1284 2836 1433 2910; x_wconf 91' lang='lat' dir='ltr'>Bichius</span> <span class='ocrx_word' id='word_1_85' title='bbox 1452 2852 1492 2912; x_wconf 90' lang='lat' dir='ltr'>et</span> <span class='ocrx_word' id='word_1_86' title='bbox 1510 2836 1632 2910; x_wconf 91' lang='lat' dir='ltr'>Vero·</span> 
     </span>
     <span class='ocr_line' id='line_1_16' title="bbox 129 2959 1632 3061; baseline -0.001 -23"><span class='ocrx_word' id='word_1_87' title='bbox 129 2964 235 3060; x_wconf 88' lang='lat' dir='ltr'>spius</span> <span class='ocrx_word' id='word_1_88' title='bbox 264 2962 405 3061; x_wconf 89' lang='lat' dir='ltr'>pariter</span> <span class='ocrx_word' id='word_1_89' title='bbox 433 2962 483 3036; x_wconf 94' lang='lat' dir='ltr'>ob</span> <span class='ocrx_word' id='word_1_90' title='bbox 510 2985 584 3036; x_wconf 94' lang='lat' dir='ltr'>non</span> <span class='ocrx_word' id='word_1_91' title='bbox 613 2976 754 3036; x_wconf 89' lang='lat' dir='ltr'>rectam</span> <span class='ocrx_word' id='word_1_92' title='bbox 783 2959 1038 3036; x_wconf 89' lang='lat' dir='ltr'>valetudinem</span> <span class='ocrx_word' id='word_1_93' title='bbox 1074 2985 1150 3036; x_wconf 91' lang='lat' dir='ltr'>non</span> <span class='ocrx_word' id='word_1_94' title='bbox 1187 2961 1480 3038; x_wconf 89' lang='lat' dir='ltr'>intervenerunt.</span> <span class='ocrx_word' id='word_1_95' title='bbox 1512 2962 1632 3036; x_wconf 79' lang='lat' dir='ltr'>Rr&#39;nus</span> 
     </span>
     <span class='ocr_line' id='line_1_17' title="bbox 131 3085 1633 3173; baseline 0 -11"><span class='ocrx_word' id='word_1_96' title='bbox 131 3089 311 3164; x_wconf 89' lang='lat' dir='ltr'>Decanus</span> <span class='ocrx_word' id='word_1_97' title='bbox 338 3085 407 3160; x_wconf 88' lang='lat' dir='ltr'>suit</span> <span class='ocrx_word' id='word_1_98' title='bbox 432 3087 656 3161; x_wconf 86' lang='lat' dir='ltr'>certioratus</span> <span class='ocrx_word' id='word_1_99' title='bbox 684 3085 745 3160; x_wconf 91' lang='lat' dir='ltr'>die</span> <span class='ocrx_word' id='word_1_100' title='bbox 770 3087 1009 3161; x_wconf 84' lang='lat' dir='ltr'>antecedenti</span> <span class='ocrx_word' id='word_1_101' title='bbox 1037 3088 1086 3161; x_wconf 91' lang='lat' dir='ltr'>de</span> <span class='ocrx_word' id='word_1_102' title='bbox 1114 3111 1213 3173; x_wconf 84' lang='lat' dir='ltr'>sero,</span> <span class='ocrx_word' id='word_1_103' title='bbox 1233 3086 1327 3162; x_wconf 88' lang='lat' dir='ltr'>hora</span> <span class='ocrx_word' id='word_1_104' title='bbox 1355 3087 1500 3162; x_wconf 84' lang='lat' dir='ltr'>circiter</span> <span class='ocrx_word' id='word_1_105' title='bbox 1523 3087 1633 3162; x_wconf 89' lang='lat' dir='ltr'>tertia</span> 
     </span>
     <span class='ocr_line' id='line_1_18' title="bbox 132 3209 1633 3310; baseline -0.001 -22"><span class='ocrx_word' id='word_1_106' title='bbox 132 3212 297 3290; x_wconf 88' lang='lat' dir='ltr'>noctis...</span> <span class='ocrx_word' id='word_1_107' title='bbox 320 3210 424 3307; x_wconf 92' lang='lat' dir='ltr'>quod</span> <span class='ocrx_word' id='word_1_108' title='bbox 453 3210 554 3284; x_wconf 90' lang='lat' dir='ltr'>Rota</span> <span class='ocrx_word' id='word_1_109' title='bbox 572 3211 729 3285; x_wconf 88' lang='lat' dir='ltr'>deberet</span> <span class='ocrx_word' id='word_1_110' title='bbox 747 3209 826 3284; x_wconf 88' lang='lat' dir='ltr'>fieri</span> <span class='ocrx_word' id='word_1_111' title='bbox 844 3235 971 3285; x_wconf 86' lang='lat' dir='ltr'>coram</span> <span class='ocrx_word' id='word_1_112' title='bbox 995 3211 1183 3299; x_wconf 85' lang='lat' dir='ltr'>Pontifice‚</span> <span class='ocrx_word' id='word_1_113' title='bbox 1204 3213 1273 3286; x_wconf 89' lang='lat' dir='ltr'>sed</span> <span class='ocrx_word' id='word_1_114' title='bbox 1291 3211 1351 3286; x_wconf 90' lang='lat' dir='ltr'>alii</span> <span class='ocrx_word' id='word_1_115' title='bbox 1371 3211 1510 3286; x_wconf 90' lang='lat' dir='ltr'>nullam</span> <span class='ocrx_word' id='word_1_116' title='bbox 1527 3212 1633 3310; x_wconf 89' lang='lat' dir='ltr'>peni·</span> 
     </span>
     <span class='ocr_line' id='line_1_19' title="bbox 132 3335 1633 3433; baseline -0.001 -20"><span class='ocrx_word' id='word_1_117' title='bbox 132 3354 193 3413; x_wconf 89' lang='lat' dir='ltr'>tus</span> <span class='ocrx_word' id='word_1_118' title='bbox 213 3336 383 3412; x_wconf 88' lang='lat' dir='ltr'>notitiam</span> <span class='ocrx_word' id='word_1_119' title='bbox 412 3336 631 3419; x_wconf 85' lang='lat' dir='ltr'>habuerant.</span> <span class='ocrx_word' id='word_1_120' title='bbox 654 3335 722 3409; x_wconf 89' lang='lat' dir='ltr'>nisi</span> <span class='ocrx_word' id='word_1_121' title='bbox 750 3335 964 3410; x_wconf 90' lang='lat' dir='ltr'>eademmet</span> <span class='ocrx_word' id='word_1_122' title='bbox 982 3335 1075 3410; x_wconf 86' lang='lat' dir='ltr'>hora</span> <span class='ocrx_word' id='word_1_123' title='bbox 1094 3360 1170 3433; x_wconf 93' lang='lat' dir='ltr'>qua</span> <span class='ocrx_word' id='word_1_124' title='bbox 1188 3351 1432 3411; x_wconf 87' lang='lat' dir='ltr'>accesserunt</span> <span class='ocrx_word' id='word_1_125' title='bbox 1457 3338 1507 3411; x_wconf 95' lang='lat' dir='ltr'>ad</span> <span class='ocrx_word' id='word_1_126' title='bbox 1526 3337 1633 3411; x_wconf 89' lang='lat' dir='ltr'>Vati·</span> 
     </span>
     <span class='ocr_line' id='line_1_20' title="bbox 130 3459 1634 3559; baseline -0.001 -22"><span class='ocrx_word' id='word_1_127' title='bbox 130 3486 266 3538; x_wconf 91' lang='lat' dir='ltr'>canum</span> <span class='ocrx_word' id='word_1_128' title='bbox 281 3484 351 3558; x_wconf 91' lang='lat' dir='ltr'>pro</span> <span class='ocrx_word' id='word_1_129' title='bbox 365 3459 590 3537; x_wconf 90' lang='lat' dir='ltr'>celebranda</span> <span class='ocrx_word' id='word_1_130' title='bbox 601 3460 701 3534; x_wconf 90' lang='lat' dir='ltr'>Rota</span> <span class='ocrx_word' id='word_1_131' title='bbox 716 3461 751 3533; x_wconf 90' lang='lat' dir='ltr'>in</span> <span class='ocrx_word' id='word_1_132' title='bbox 763 3460 882 3535; x_wconf 92' lang='lat' dir='ltr'>solitis</span> <span class='ocrx_word' id='word_1_133' title='bbox 897 3459 1154 3536; x_wconf 89' lang='lat' dir='ltr'>mansionibus</span> <span class='ocrx_word' id='word_1_134' title='bbox 1168 3474 1208 3535; x_wconf 91' lang='lat' dir='ltr'>et</span> <span class='ocrx_word' id='word_1_135' title='bbox 1221 3476 1426 3558; x_wconf 89' lang='lat' dir='ltr'>propterea</span> <span class='ocrx_word' id='word_1_136' title='bbox 1436 3461 1634 3559; x_wconf 83' lang='lat' dir='ltr'>conquesti</span> 
     </span>
     <span class='ocr_line' id='line_1_21' title="bbox 131 3583 1573 3684; baseline -0.001 -22"><span class='ocrx_word' id='word_1_137' title='bbox 131 3588 283 3662; x_wconf 86' lang='lat' dir='ltr'>suerunt</span> <span class='ocrx_word' id='word_1_138' title='bbox 310 3585 446 3661; x_wconf 89' lang='lat' dir='ltr'>acriter</span> <span class='ocrx_word' id='word_1_139' title='bbox 472 3586 576 3682; x_wconf 92' lang='lat' dir='ltr'>quod</span> <span class='ocrx_word' id='word_1_140' title='bbox 606 3583 783 3659; x_wconf 90' lang='lat' dir='ltr'>Decanus</span> <span class='ocrx_word' id='word_1_141' title='bbox 812 3585 990 3684; x_wconf 85' lang='lat' dir='ltr'>dignatus</span> <span class='ocrx_word' id='word_1_142' title='bbox 1020 3609 1094 3659; x_wconf 92' lang='lat' dir='ltr'>non</span> <span class='ocrx_word' id='word_1_143' title='bbox 1122 3583 1234 3660; x_wconf 84' lang='lat' dir='ltr'>fuerit</span> <span class='ocrx_word' id='word_1_144' title='bbox 1260 3611 1328 3660; x_wconf 89' lang='lat' dir='ltr'>eos</span> <span class='ocrx_word' id='word_1_145' title='bbox 1357 3585 1573 3663; x_wconf 87' lang='lat' dir='ltr'>certiorare.</span> 
     </span>
    </p>

    <p class='ocr_par' dir='ltr' id='par_1_10' title="bbox 132 3707 1638 5307">
     <span class='ocr_line' id='line_1_22' title="bbox 214 3707 1635 3806; baseline 0.001 -20"><span class='ocrx_word' id='word_1_146' title='bbox 214 3709 415 3786; x_wconf 86' lang='lat' dir='ltr'>Celebrata</span> <span class='ocrx_word' id='word_1_147' title='bbox 443 3709 511 3784; x_wconf 87' lang='lat' dir='ltr'>suit</span> <span class='ocrx_word' id='word_1_148' title='bbox 540 3709 658 3784; x_wconf 88' lang='lat' dir='ltr'>Missa</span> <span class='ocrx_word' id='word_1_149' title='bbox 685 3709 722 3783; x_wconf 91' lang='lat' dir='ltr'>in</span> <span class='ocrx_word' id='word_1_150' title='bbox 752 3707 898 3784; x_wconf 85' lang='lat' dir='ltr'>Stantia</span> <span class='ocrx_word' id='word_1_151' title='bbox 926 3709 1098 3806; x_wconf 87' lang='lat' dir='ltr'>proxima</span> <span class='ocrx_word' id='word_1_152' title='bbox 1124 3707 1232 3784; x_wconf 88' lang='lat' dir='ltr'>aulae</span> <span class='ocrx_word' id='word_1_153' title='bbox 1269 3709 1332 3785; x_wconf 91' lang='lat' dir='ltr'>ubi</span> <span class='ocrx_word' id='word_1_154' title='bbox 1366 3709 1408 3784; x_wconf 90' lang='lat' dir='ltr'>fit</span> <span class='ocrx_word' id='word_1_155' title='bbox 1437 3709 1635 3788; x_wconf 91' lang='lat' dir='ltr'>Consisto·</span> 
     </span>
     <span class='ocr_line' id='line_1_23' title="bbox 132 3833 1635 3932; baseline 0.001 -22"><span class='ocrx_word' id='word_1_156' title='bbox 132 3837 240 3913; x_wconf 88' lang='lat' dir='ltr'>n&#39;um.</span> <span class='ocrx_word' id='word_1_157' title='bbox 263 3835 364 3932; x_wconf 92' lang='lat' dir='ltr'>Papa</span> <span class='ocrx_word' id='word_1_158' title='bbox 392 3834 550 3908; x_wconf 86' lang='lat' dir='ltr'>sedebat</span> <span class='ocrx_word' id='word_1_159' title='bbox 566 3834 603 3908; x_wconf 92' lang='lat' dir='ltr'>in</span> <span class='ocrx_word' id='word_1_160' title='bbox 623 3833 716 3908; x_wconf 87' lang='lat' dir='ltr'>sede</span> <span class='ocrx_word' id='word_1_161' title='bbox 744 3859 812 3908; x_wconf 89' lang='lat' dir='ltr'>sua</span> <span class='ocrx_word' id='word_1_162' title='bbox 840 3833 952 3908; x_wconf 89' lang='lat' dir='ltr'>solita</span> <span class='ocrx_word' id='word_1_163' title='bbox 979 3859 1099 3932; x_wconf 90' lang='lat' dir='ltr'>prope</span> <span class='ocrx_word' id='word_1_164' title='bbox 1127 3835 1321 3931; x_wconf 89' lang='lat' dir='ltr'>parietem,</span> <span class='ocrx_word' id='word_1_165' title='bbox 1344 3834 1378 3908; x_wconf 92' lang='lat' dir='ltr'>in</span> <span class='ocrx_word' id='word_1_166' title='bbox 1398 3833 1525 3910; x_wconf 85' lang='lat' dir='ltr'>medio</span> <span class='ocrx_word' id='word_1_167' title='bbox 1543 3861 1635 3911; x_wconf 90' lang='lat' dir='ltr'>vero</span> 
     </span>
     <span class='ocr_line' id='line_1_24' title="bbox 133 3957 1635 4058; baseline -0.001 -21"><span class='ocrx_word' id='word_1_168' title='bbox 133 3959 294 4037; x_wconf 88' lang='lat' dir='ltr'>stantiae</span> <span class='ocrx_word' id='word_1_169' title='bbox 323 3960 455 4034; x_wconf 89' lang='lat' dir='ltr'>aderat</span> <span class='ocrx_word' id='word_1_170' title='bbox 473 3958 600 4034; x_wconf 87' lang='lat' dir='ltr'>tabula</span> <span class='ocrx_word' id='word_1_171' title='bbox 628 3959 663 4033; x_wconf 88' lang='lat' dir='ltr'>in</span> <span class='ocrx_word' id='word_1_172' title='bbox 692 3982 769 4055; x_wconf 93' lang='lat' dir='ltr'>qua</span> <span class='ocrx_word' id='word_1_173' title='bbox 789 3957 995 4032; x_wconf 86' lang='lat' dir='ltr'>Auditores</span> <span class='ocrx_word' id='word_1_174' title='bbox 1023 3972 1231 4056; x_wconf 87' lang='lat' dir='ltr'>posuerant</span> <span class='ocrx_word' id='word_1_175' title='bbox 1257 3959 1474 4058; x_wconf 82' lang='lat' dir='ltr'>scripturas,</span> <span class='ocrx_word' id='word_1_176' title='bbox 1495 3975 1535 4036; x_wconf 87' lang='lat' dir='ltr'>et</span> <span class='ocrx_word' id='word_1_177' title='bbox 1557 3976 1635 4035; x_wconf 90' lang='lat' dir='ltr'>sta-</span> 
     </span>
     <span class='ocr_line' id='line_1_25' title="bbox 132 4082 1636 4180; baseline 0 -20"><span class='ocrx_word' id='word_1_178' title='bbox 132 4089 197 4160; x_wconf 92' lang='lat' dir='ltr'>tim</span> <span class='ocrx_word' id='word_1_179' title='bbox 227 4109 271 4159; x_wconf 89' lang='lat' dir='ltr'>ac</span> <span class='ocrx_word' id='word_1_180' title='bbox 300 4083 403 4180; x_wconf 91' lang='lat' dir='ltr'>Papa</span> <span class='ocrx_word' id='word_1_181' title='bbox 430 4084 541 4168; x_wconf 86' lang='lat' dir='ltr'>venit,</span> <span class='ocrx_word' id='word_1_182' title='bbox 565 4083 612 4160; x_wconf 91' lang='lat' dir='ltr'>D.</span> <span class='ocrx_word' id='word_1_183' title='bbox 635 4082 778 4158; x_wconf 89' lang='lat' dir='ltr'>Cerrus</span> <span class='ocrx_word' id='word_1_184' title='bbox 804 4084 869 4180; x_wconf 91' lang='lat' dir='ltr'>qui</span> <span class='ocrx_word' id='word_1_185' title='bbox 897 4083 1060 4158; x_wconf 89' lang='lat' dir='ltr'>debebat</span> <span class='ocrx_word' id='word_1_186' title='bbox 1083 4083 1242 4158; x_wconf 88' lang='lat' dir='ltr'>recitare</span> <span class='ocrx_word' id='word_1_187' title='bbox 1261 4086 1486 4161; x_wconf 91' lang='lat' dir='ltr'>orationem:</span> <span class='ocrx_word' id='word_1_188' title='bbox 1508 4085 1636 4160; x_wconf 81' lang='lat' dir='ltr'>Adsu-</span> 
     </span>
     <span class='ocr_line' id='line_1_26' title="bbox 133 4205 1635 4308; baseline 0 -25"><span class='ocrx_word' id='word_1_189' title='bbox 133 4233 226 4294; x_wconf 86' lang='lat' dir='ltr'>mas,</span> <span class='ocrx_word' id='word_1_190' title='bbox 257 4205 416 4281; x_wconf 74' lang='lat' dir='ltr'>Danista</span> <span class='ocrx_word' id='word_1_191' title='bbox 443 4205 481 4284; x_wconf 88' lang='lat' dir='ltr'>S.</span> <span class='ocrx_word' id='word_1_192' title='bbox 503 4205 669 4304; x_wconf 81' lang='lat' dir='ltr'>Spiritus</span> <span class='ocrx_word' id='word_1_193' title='bbox 695 4225 780 4294; x_wconf 66' lang='lat' dir='ltr'>etc„</span> <span class='ocrx_word' id='word_1_194' title='bbox 801 4206 900 4280; x_wconf 91' lang='lat' dir='ltr'>illam</span> <span class='ocrx_word' id='word_1_195' title='bbox 928 4207 1149 4306; x_wconf 88' lang='lat' dir='ltr'>genuflexus</span> <span class='ocrx_word' id='word_1_196' title='bbox 1177 4207 1279 4306; x_wconf 83' lang='lat' dir='ltr'>legit,</span> <span class='ocrx_word' id='word_1_197' title='bbox 1301 4209 1488 4284; x_wconf 90' lang='lat' dir='ltr'>stantibus</span> <span class='ocrx_word' id='word_1_198' title='bbox 1516 4234 1635 4308; x_wconf 85' lang='lat' dir='ltr'>genu-</span> 
     </span>
     <span class='ocr_line' id='line_1_27' title="bbox 134 4331 1636 4418; baseline 0.001 -10"><span class='ocrx_word' id='word_1_199' title='bbox 134 4333 241 4408; x_wconf 85' lang='lat' dir='ltr'>flexis</span> <span class='ocrx_word' id='word_1_200' title='bbox 268 4333 442 4406; x_wconf 91' lang='lat' dir='ltr'>omnibus</span> <span class='ocrx_word' id='word_1_201' title='bbox 469 4331 550 4406; x_wconf 87' lang='lat' dir='ltr'>aliis</span> <span class='ocrx_word' id='word_1_202' title='bbox 579 4331 839 4418; x_wconf 89' lang='lat' dir='ltr'>Auditoribus‚</span> <span class='ocrx_word' id='word_1_203' title='bbox 870 4347 910 4406; x_wconf 91' lang='lat' dir='ltr'>et</span> <span class='ocrx_word' id='word_1_204' title='bbox 945 4355 992 4405; x_wconf 91' lang='lat' dir='ltr'>ea</span> <span class='ocrx_word' id='word_1_205' title='bbox 1028 4331 1130 4406; x_wconf 88' lang='lat' dir='ltr'>finita</span> <span class='ocrx_word' id='word_1_206' title='bbox 1167 4334 1261 4406; x_wconf 78' lang='lat' dir='ltr'>Rrirs</span> <span class='ocrx_word' id='word_1_207' title='bbox 1299 4333 1478 4409; x_wconf 90' lang='lat' dir='ltr'>Decanus</span> <span class='ocrx_word' id='word_1_208' title='bbox 1513 4333 1636 4410; x_wconf 88' lang='lat' dir='ltr'>adhuc</span> 
     </span>
     <span class='ocr_line' id='line_1_28' title="bbox 134 4455 1633 4559; baseline -0.001 -24"><span class='ocrx_word' id='word_1_209' title='bbox 134 4459 355 4559; x_wconf 86' lang='lat' dir='ltr'>genuflexus</span> <span class='ocrx_word' id='word_1_210' title='bbox 384 4473 577 4555; x_wconf 88' lang='lat' dir='ltr'>tamquam</span> <span class='ocrx_word' id='word_1_211' title='bbox 611 4455 831 4532; x_wconf 82' lang='lat' dir='ltr'>informatus</span> <span class='ocrx_word' id='word_1_212' title='bbox 867 4458 971 4554; x_wconf 92' lang='lat' dir='ltr'>quod</span> <span class='ocrx_word' id='word_1_213' title='bbox 1010 4456 1112 4555; x_wconf 91' lang='lat' dir='ltr'>Papa</span> <span class='ocrx_word' id='word_1_214' title='bbox 1147 4458 1300 4532; x_wconf 88' lang='lat' dir='ltr'>volebat</span> <span class='ocrx_word' id='word_1_215' title='bbox 1333 4457 1382 4533; x_wconf 90' lang='lat' dir='ltr'>ad</span> <span class='ocrx_word' id='word_1_216' title='bbox 1418 4485 1459 4534; x_wconf 91' lang='lat' dir='ltr'>se</span> <span class='ocrx_word' id='word_1_217' title='bbox 1497 4460 1633 4534; x_wconf 86' lang='lat' dir='ltr'>Rotam</span> 
     </span>
     <span class='ocr_line' id='line_1_29' title="bbox 135 4580 1636 4684; baseline 0.001 -27"><span class='ocrx_word' id='word_1_218' title='bbox 135 4607 273 4660; x_wconf 89' lang='lat' dir='ltr'>vocare</span> <span class='ocrx_word' id='word_1_219' title='bbox 300 4582 386 4658; x_wconf 90' lang='lat' dir='ltr'>lecit</span> <span class='ocrx_word' id='word_1_220' title='bbox 413 4583 565 4657; x_wconf 86' lang='lat' dir='ltr'>brevem</span> <span class='ocrx_word' id='word_1_221' title='bbox 592 4583 801 4656; x_wconf 89' lang='lat' dir='ltr'>orationem</span> <span class='ocrx_word' id='word_1_222' title='bbox 838 4580 991 4658; x_wconf 89' lang='lat' dir='ltr'>latinam</span> <span class='ocrx_word' id='word_1_223' title='bbox 1020 4581 1088 4658; x_wconf 90' lang='lat' dir='ltr'>sed</span> <span class='ocrx_word' id='word_1_224' title='bbox 1119 4583 1334 4682; x_wconf 86' lang='lat' dir='ltr'>elegantem</span> <span class='ocrx_word' id='word_1_225' title='bbox 1368 4609 1462 4684; x_wconf 82' lang='lat' dir='ltr'>erga</span> <span class='ocrx_word' id='word_1_226' title='bbox 1490 4583 1636 4659; x_wconf 86' lang='lat' dir='ltr'>Pontifi-</span> 
     </span>
     <span class='ocr_line' id='line_1_30' title="bbox 136 4705 1636 4806; baseline 0.001 -23"><span class='ocrx_word' id='word_1_227' title='bbox 136 4735 230 4794; x_wconf 86' lang='lat' dir='ltr'>cem,</span> <span class='ocrx_word' id='word_1_228' title='bbox 252 4709 322 4783; x_wconf 87' lang='lat' dir='ltr'>sed</span> <span class='ocrx_word' id='word_1_229' title='bbox 350 4706 519 4781; x_wconf 83' lang='lat' dir='ltr'>Pontifex</span> <span class='ocrx_word' id='word_1_230' title='bbox 545 4732 593 4782; x_wconf 83' lang='lat' dir='ltr'>ex</span> <span class='ocrx_word' id='word_1_231' title='bbox 621 4705 825 4806; x_wconf 89' lang='lat' dir='ltr'>improviso</span> <span class='ocrx_word' id='word_1_232' title='bbox 854 4707 1049 4804; x_wconf 86' lang='lat' dir='ltr'>respondit</span> <span class='ocrx_word' id='word_1_233' title='bbox 1077 4708 1189 4783; x_wconf 88' lang='lat' dir='ltr'>etiam</span> <span class='ocrx_word' id='word_1_234' title='bbox 1218 4709 1331 4784; x_wconf 88' lang='lat' dir='ltr'>latine</span> <span class='ocrx_word' id='word_1_235' title='bbox 1353 4725 1393 4782; x_wconf 89' lang='lat' dir='ltr'>et</span> <span class='ocrx_word' id='word_1_236' title='bbox 1410 4709 1462 4784; x_wconf 85' lang='lat' dir='ltr'>ita</span> <span class='ocrx_word' id='word_1_237' title='bbox 1480 4709 1530 4784; x_wconf 92' lang='lat' dir='ltr'>ad</span> <span class='ocrx_word' id='word_1_238' title='bbox 1548 4734 1636 4806; x_wconf 92' lang='lat' dir='ltr'>pro·</span> 
     </span>
     <span class='ocr_line' id='line_1_31' title="bbox 136 4833 1634 4930; baseline 0.003 -22"><span class='ocrx_word' id='word_1_239' title='bbox 136 4835 312 4930; x_wconf 90' lang='lat' dir='ltr'>positum,</span> <span class='ocrx_word' id='word_1_240' title='bbox 334 4848 377 4906; x_wconf 94' lang='lat' dir='ltr'>ut</span> <span class='ocrx_word' id='word_1_241' title='bbox 394 4833 586 4907; x_wconf 87' lang='lat' dir='ltr'>meliorem</span> <span class='ocrx_word' id='word_1_242' title='bbox 615 4854 689 4907; x_wconf 92' lang='lat' dir='ltr'>non</span> <span class='ocrx_word' id='word_1_243' title='bbox 712 4833 900 4930; x_wconf 89' lang='lat' dir='ltr'>potuisset</span> <span class='ocrx_word' id='word_1_244' title='bbox 919 4833 1059 4907; x_wconf 85' lang='lat' dir='ltr'>babere</span> <span class='ocrx_word' id='word_1_245' title='bbox 1078 4833 1109 4907; x_wconf 92' lang='lat' dir='ltr'>si</span> <span class='ocrx_word' id='word_1_246' title='bbox 1128 4849 1337 4930; x_wconf 87' lang='lat' dir='ltr'>appensate</span> <span class='ocrx_word' id='word_1_247' title='bbox 1355 4834 1454 4909; x_wconf 89' lang='lat' dir='ltr'>illam</span> <span class='ocrx_word' id='word_1_248' title='bbox 1473 4835 1634 4912; x_wconf 84' lang='lat' dir='ltr'>iecisset.</span> 
     </span>
     <span class='ocr_line' id='line_1_32' title="bbox 135 4957 1637 5056; baseline 0.001 -24"><span class='ocrx_word' id='word_1_249' title='bbox 135 4959 351 5034; x_wconf 89' lang='lat' dir='ltr'>Tenninata</span> <span class='ocrx_word' id='word_1_250' title='bbox 374 4957 474 5032; x_wconf 89' lang='lat' dir='ltr'>dicta</span> <span class='ocrx_word' id='word_1_251' title='bbox 493 4957 673 5042; x_wconf 90' lang='lat' dir='ltr'>oratione,</span> <span class='ocrx_word' id='word_1_252' title='bbox 694 4957 824 5030; x_wconf 90' lang='lat' dir='ltr'>annuit</span> <span class='ocrx_word' id='word_1_253' title='bbox 844 4957 944 5054; x_wconf 88' lang='lat' dir='ltr'>Papa</span> <span class='ocrx_word' id='word_1_254' title='bbox 964 4974 1006 5031; x_wconf 92' lang='lat' dir='ltr'>ut</span> <span class='ocrx_word' id='word_1_255' title='bbox 1023 4975 1234 5056; x_wconf 87' lang='lat' dir='ltr'>surgerent,</span> <span class='ocrx_word' id='word_1_256' title='bbox 1256 4975 1371 5056; x_wconf 89' lang='lat' dir='ltr'>prout</span> <span class='ocrx_word' id='word_1_257' title='bbox 1390 4976 1637 5034; x_wconf 86' lang='lat' dir='ltr'>surrexerunt</span> 
     </span>
     <span class='ocr_line' id='line_1_33' title="bbox 137 5079 1638 5180; baseline 0 -22"><span class='ocrx_word' id='word_1_258' title='bbox 137 5100 284 5158; x_wconf 89' lang='lat' dir='ltr'>stantes</span> <span class='ocrx_word' id='word_1_259' title='bbox 321 5107 440 5180; x_wconf 91' lang='lat' dir='ltr'>prope</span> <span class='ocrx_word' id='word_1_260' title='bbox 476 5083 649 5156; x_wconf 91' lang='lat' dir='ltr'>eamdem</span> <span class='ocrx_word' id='word_1_261' title='bbox 677 5079 872 5158; x_wconf 86' lang='lat' dir='ltr'>Tabulam.</span> <span class='ocrx_word' id='word_1_262' title='bbox 905 5081 1071 5157; x_wconf 87' lang='lat' dir='ltr'>Fuerunt</span> <span class='ocrx_word' id='word_1_263' title='bbox 1106 5083 1325 5179; x_wconf 88' lang='lat' dir='ltr'>propositae</span> <span class='ocrx_word' id='word_1_264' title='bbox 1362 5107 1498 5158; x_wconf 90' lang='lat' dir='ltr'>causae</span> <span class='ocrx_word' id='word_1_265' title='bbox 1534 5083 1638 5158; x_wconf 86' lang='lat' dir='ltr'>iuxta</span> 
     </span>
     <span class='ocr_line' id='line_1_34' title="bbox 139 5204 1638 5307; baseline 0.001 -25"><span class='ocrx_word' id='word_1_266' title='bbox 139 5207 276 5305; x_wconf 85' lang='lat' dir='ltr'>stylum</span> <span class='ocrx_word' id='word_1_267' title='bbox 304 5205 446 5282; x_wconf 86' lang='lat' dir='ltr'>servari</span> <span class='ocrx_word' id='word_1_268' title='bbox 474 5205 625 5281; x_wconf 91' lang='lat' dir='ltr'>solitum</span> <span class='ocrx_word' id='word_1_269' title='bbox 644 5207 680 5279; x_wconf 93' lang='lat' dir='ltr'>in</span> <span class='ocrx_word' id='word_1_270' title='bbox 701 5207 812 5292; x_wconf 92' lang='lat' dir='ltr'>Rota,</span> <span class='ocrx_word' id='word_1_271' title='bbox 834 5223 873 5281; x_wconf 87' lang='lat' dir='ltr'>et</span> <span class='ocrx_word' id='word_1_272' title='bbox 901 5207 936 5280; x_wconf 92' lang='lat' dir='ltr'>in</span> <span class='ocrx_word' id='word_1_273' title='bbox 965 5204 1133 5305; x_wconf 90' lang='lat' dir='ltr'>pluribus</span> <span class='ocrx_word' id='word_1_274' title='bbox 1163 5208 1264 5306; x_wconf 91' lang='lat' dir='ltr'>Papa</span> <span class='ocrx_word' id='word_1_275' title='bbox 1291 5206 1470 5307; x_wconf 90' lang='lat' dir='ltr'>loquutus</span> <span class='ocrx_word' id='word_1_276' title='bbox 1499 5210 1576 5292; x_wconf 82' lang='lat' dir='ltr'>luit,</span> <span class='ocrx_word' id='word_1_277' title='bbox 1598 5225 1638 5283; x_wconf 88' lang='lat' dir='ltr'>et</span> 
     </span>
    </p>
   </div>
   <div class='ocr_carea' id='block_1_10' title="bbox 220 5449 646 5526">
    <p class='ocr_par' dir='ltr' id='par_1_11' title="bbox 220 5449 646 5526">
     <span class='ocr_line' id='line_1_35' title="bbox 220 5449 646 5526; baseline -0.007 -14"><span class='ocrx_word' id='word_1_278' title='bbox 220 5451 228 5486; x_wconf 92' lang='lat'>¹</span> <span class='ocrx_word' id='word_1_279' title='bbox 247 5451 474 5512; x_wconf 77' lang='lat' dir='ltr'>camerarium</span> <span class='ocrx_word' id='word_1_280' title='bbox 493 5449 618 5526; x_wconf 86' lang='lat' dir='ltr'>agebat.</span> <span class='ocrx_word' id='word_1_281' title='bbox 643 5457 646 5464; x_wconf 56' lang='lat'><strong>⁴</strong></span> 
     </span>
    </p>
   </div>
   <div class='ocr_carea' id='block_1_11' title="bbox 0 0 1877 5916">
    <p class='ocr_par' dir='ltr' id='par_1_12' title="bbox 0 0 1877 5916">
     <span class='ocr_line' id='line_1_36' title="bbox 0 0 1877 5916; baseline 0 0"><span class='ocrx_word' id='word_1_282' title='bbox 0 0 1877 5916; x_wconf 95' lang='lat' dir='ltr'> </span> 
     </span>
    </p>
   </div>
  </div>
 </body>
</html>
