3686 5916
692 315 873 376 Benedicta
894 315 982 377 XIV
1529 317 1585 378 529

166 512 312 588 Causas
340 529 468 588 autem
496 513 619 586 minus
646 537 794 610 graves,
825 511 999 608 adeoque
1029 509 1272 597 Praelatitias,
1304 527 1344 586 et
1371 537 1445 586 non
1474 514 1588 588 Rota·

85 641 148 724 les,
169 653 212 710 ut
240 661 365 734 supra,
388 635 598 710 censendas
625 661 713 710 esse
732 653 770 710 et
790 636 868 710 lore
897 635 1133 709 decernimus
1151 662 1284 710 omnes
1305 635 1454 712 Causas
1472 663 1586 736 pecu-

85 762 217 836 niarias
245 777 312 836 aut
338 760 529 858 profanas,
559 785 718 857 quarum
746 759 852 836 valor
879 760 938 834 vel
966 759 1189 846 aestimatio,
1221 761 1348 858 quoad
1378 761 1585 836 Citramon-

84 902 200 972 tanas,
240 911 427 962 summam
469 886 762 985 quingentorum
801 900 992 959 scutorum
1034 910 1246 970 aureorum,
1287 911 1363 980 quo
1404 910 1495 960 vero
1536 885 1586 958 ad

85 1011 230 1086 Causas
258 1011 306 1084 de
335 1010 506 1084 Partibus
535 1007 632 1083 ultra
662 1011 823 1095 Montes,
846 1009 949 1084 mille'
974 1025 1166 1083 scutorum
1186 1012 1266 1084 auri
1287 1011 1459 1084 similium
1489 1037 1587 1084 sum-

83 1161 182 1210 mam
201 1159 274 1209 non
302 1136 485 1234 attingat;
515 1133 647 1208 ltidem
668 1132 818 1208 Causae
839 1131 1092 1220 BeneficialeS,
1116 1150 1182 1208 aut
1206 1160 1321 1232 super
1341 1135 1585 1209 Pensionibus

85 1259 366 1346 Ecclesiasticis,
397 1283 464 1334 seu
494 1259 811 1334 reservationibus
838 1259 1025 1332 fructuum
1056 1259 1326 1334 Beneficiorum
1354 1258 1586 1334 Ecclesiasti-

82 1411 222 1473 corum,
253 1386 315 1462 ubi
343 1384 448 1460 valor
475 1409 621 1460 annuus
652 1383 837 1469 Beneficii,
866 1400 933 1458 aut
964 1407 1088 1458 annua
1126 1385 1271 1472 Pensio,
1300 1385 1360 1460 vel
1392 1386 1584 1483 quantitas

81 1512 266 1587 lructuum
295 1526 585 1598 reservatorum,
616 1534 802 1582 summam
830 1509 961 1609 viginti
989 1509 1401 1607 quatuorducatorum
1429 1511 1509 1584 auri
1537 1513 1585 1586 de

84 1635 244 1710 Camera
272 1659 347 1710 non
374 1636 544 1721 excedat,
575 1658 619 1708 ac
647 1634 854 1709 dummodo
892 1657 964 1708 non
1002 1650 1140 1731 agatur
1177 1634 1226 1709 de
1264 1635 1459 1733 Dignitate
1496 1652 1585 1732 post

83 1759 334 1836 Pontificalem
355 1760 494 1834 maiore
513 1760 548 1832 in
569 1757 798 1844 Cathedrali,
820 1773 886 1833 aut
904 1759 1096 1856 principali
1115 1759 1150 1832 in
1172 1759 1383 1858 Collegiata
1404 1760 1583 1836 Ecclesia.

162 1885 203 1958 ln
233 1884 425 1958 Censuum
446 1895 574 1958 autem
596 1881 805 1970 Canonum,
827 1897 867 1956 et
889 1881 1117 1957 servitutum
1140 1881 1287 1969 Causis,
1307 1899 1348 1956 ut
1368 1908 1437 1981 pro
1456 1908 1584 1958 earum

82 2008 209 2084 valore
236 2008 485 2095 aestimando,
501 2032 546 2082 ac
572 2005 857 2082 determinanda
884 2023 1163 2103 consequenter
1188 2031 1320 2082 earum
1348 2008 1584 2106 pertinentia,

84 2135 253 2210 similiter
279 2149 318 2208 et
344 2155 507 2231 aequam
537 2132 706 2232 regulam
726 2147 765 2206 et
784 2155 953 2206 normam
982 2132 1193 2221 tradamus;
1214 2131 1451 2208 decernimus
1469 2151 1585 2230 atque

83 2260 294 2344 statuimus,
325 2273 367 2332 ut
394 2259 457 2332 ubi
484 2273 621 2356 agatur
653 2257 701 2332 de
740 2256 926 2333 Ceusibus
962 2257 1239 2344 redimibilibus,
1269 2273 1309 2332 et
1344 2259 1394 2332 ad
1414 2259 1585 2333 lormam

84 2383 373 2460 Constitutionis
400 2383 582 2482 praedicti
601 2381 653 2456 Pii
673 2381 797 2480 Papae
816 2383 851 2454 V
871 2383 1016 2470 creatis,
1038 2405 1106 2456 seu
1133 2383 1357 2472 constitutis,
1379 2399 1419 2458 et
1437 2383 1586 2459 Census

81 2510 162 2606 ipse
190 2511 228 2585 in
256 2508 512 2585 controversia
530 2523 712 2594 versetur,
734 2507 965 2582 attendenda
993 2509 1043 2580 sit
1071 2509 1274 2604 quantitas,
1295 2533 1361 2582 seu
1382 2507 1487 2584 valor
1510 2534 1587 2584 sor·

82 2635 140 2722 tis,
163 2634 244 2709 sive
271 2633 514 2732 proprietatis
534 2632 738 2708 ‘Censuum
766 2631 999 2720 huiusmodi;
1031 2631 1105 2708 Ubi
1134 2656 1226 2708 vero
1254 2633 1512 2708 controversia
1539 2635 1588 2709 sit

83 2759 130 2834 de
158 2759 287 2857 aliquo
315 2758 443 2834 Censu
477 2756 721 2844 reservativo,
752 2755 920 2844 Canone,
951 2753 1095 2832 Livello
1129 2773 1196 2832 aut
1227 2757 1353 2854 aliqua
1384 2782 1518 2845 annua,
1548 2772 1589 2832 et

83 2900 269 2981 perpetua
295 2881 565 2981 praestatione,
585 2899 777 2980 tamquam
807 2882 933 2956 debita
952 2906 1000 2955 ex
1018 2895 1123 2956 certo
1151 2882 1277 2967 fundo,
1299 2898 1387 2956 tunc
1413 2880 1587 2957 volumus

83 3007 211 3084 haberi
244 3009 427 3084 rationem
455 3007 593 3082 valoris
621 3007 738 3102 ipsius
767 3006 880 3092 fundi,
912 3031 1028 3103 super
1054 3031 1143 3102 quo,
1174 3005 1252 3080 sive
1279 3031 1327 3080 ex
1354 3030 1432 3104 quo
1459 3007 1587 3081 huius·

84 3132 183 3207 rnodi
213 3132 376 3220 Census,
406 3156 473 3206 seu
504 3130 647 3217 Canon,
679 3129 871 3216 Livellum,
901 3144 967 3203 aut
994 3133 1213 3228 praestatio,
1235 3131 1451 3218 constituta,
1471 3155 1588 3206 reser-

83 3273 179 3344 vata,
201 3281 272 3332 seu
298 3253 391 3332 alias
418 3279 574 3352 quoquo
601 3255 716 3328 modo
744 3254 869 3329 debita
896 3254 1052 3328 fuerint:
1083 3256 1124 3328 ln
1152 3254 1289 3329 Causis
1316 3272 1443 3330 autem
1463 3255 1587 3331 Servi-

81 3380 170 3456 tutis
199 3381 311 3456 realis
339 3397 405 3454 aut
432 3380 585 3466 mixtae,
604 3377 918 3454 considerandum
947 3403 1033 3454 esse
1052 3379 1224 3454 volumus
1242 3379 1410 3455 valorem
1431 3379 1584 3478 praedii,

82 3530 197 3604 super
224 3530 304 3603 quo
332 3504 504 3580 Servitus
521 3505 615 3601 ,ipsa
643 3504 899 3580 contenditur:
929 3503 993 3578 Ad
1021 3505 1093 3580 hoc
1125 3504 1307 3594 nimirum,
1339 3521 1379 3579 ut
1416 3505 1587 3605 singulae

82 3630 234 3708 Causae
262 3629 488 3717 huiusmodi,
518 3653 588 3726 pro
614 3653 745 3703 earum
773 3627 983 3726 respectiva
1011 3627 1284 3717 aestimatione,
1315 3644 1355 3703 et
1390 3643 1504 3726 prout
1538 3655 1587 3704 ex

13 3821 16 3828 .
80 3757 256 3853 partibus
283 3755 375 3830 citra
397 3755 457 3830 vel
486 3753 583 3829 ultra
613 3753 766 3828 Montes
793 3752 938 3838 luerint,
960 3752 1060 3828 iuxta
1081 3779 1138 3841 ea,
1155 3757 1254 3852 quae
1273 3754 1310 3829 in
1329 3755 1587 3852 superioribus

80 3880 405 3978 praescripsimus,
436 3878 605 3966 Rotales,
634 3894 700 3952 aut
728 3876 933 3953 Praelatiae
961 3893 1196 3954 censeantur.

160 4004 348 4082 Volumus
376 4020 513 4090 tamen,
535 4019 650 4102 atque
673 4003 924 4087 concedimus,
946 4019 997 4088 ut,
1020 4001 1390 4100 salvisetexceptis,
1410 4017 1587 4102 utsupra

81 4130 219 4208 Causis
249 4129 595 4217 Matrimonialibus,
626 4145 667 4203 et
694 4153 809 4227 super
836 4125 1004 4202 nullitate
1024 4113 1290 4217 'Prolessionis
1312 4131 1348 4204 in
1375 4129 1512 4228 quibus
1540 4154 1587 4204 ne

80 4280 290 4331 consensus
310 4255 463 4352 quidem
480 4253 643 4328 Partium
657 4255 728 4327 erit
742 4252 1060 4338 attendendus,·in
1079 4255 1238 4328 caeteris
1257 4254 1429 4328 omnibus
1450 4253 1586 4330 Causis

79 4382 295 4478 praedictis,
316 4379 426 4454 liceat
453 4392 492 4452 et
519 4379 706 4479 integrum
735 4379 784 4452 sit
812 4377 984 4453 Partibus
1004 4377 1307 4477 Collitigantibus
1326 4379 1424 4452 inter
1442 4404 1483 4453 se
1502 4402 1587 4454 con·

79 4507 239 4582 cordare
257 4523 296 4580 et
314 4504 537 4589 consentire,
558 4505 663 4600 quod
679 4503 805 4578 Causa
823 4504 937 4576 etiam
955 4503 1078 4577 miuus
1096 4505 1234 4602 gravis,
1250 4516 1291 4577 et
1308 4504 1356 4577 de
1377 4503 1432 4577 sui
1452 4518 1587 4578 natura

79 4629 341 4730 etqualitate,
372 4646 415 4704 ut
448 4629 712 4726 praediximus,
744 4627 963 4716 Praelatitia,
995 4628 1196 4703 Auditorio
1225 4629 1348 4702 Rotae
1376 4629 1586 4703 committa-

79 4775 155 4844 tur;
186 4772 228 4832 et
254 4781 276 4832 e
304 4779 497 4840 converso,
529 4755 632 4851 quod
661 4752 787 4828 Causa
814 4753 926 4827 etiam
956 4753 1109 4850 gravior
1135 4771 1174 4827 et
1202 4752 1249 4828 de
1277 4753 1333 4826 sui
1368 4767 1512 4840 natura,
1543 4769 1585 4828 ut

78 4882 402 4979 praescripsimus,
442 4876 588 4954 Rotalis
630 4878 886 4953 committatur
920 4877 1028 4952 alicui
1066 4877 1239 4952 Praelato
1279 4894 1386 4952 extra
1428 4879 1586 4970 Rotam;

81 5008 213 5105 thue
241 5005 291 5079 ad
327 5004 540 5080 huiusmodi
577 5003 750 5078 eflectum
788 5024 995 5077 consensus
1030 5003 1193 5078 Partium
1227 5001 1461 5079 attendatur:
1500 5003 1587 5077 Hoc

80 5147 207 5208 tamen
237 5144 459 5216 statuentes,
481 5143 523 5202 ut
549 5152 758 5203 consensus
786 5126 999 5202 huiusmodi
1017 5151 1040 5201 a
1059 5126 1234 5226 legitimis
1262 5128 1468 5202 earundem
1497 5127 1587 5202 Par·

79 5257 173 5331 tium
202 5255 412 5352 respective
442 5252 750 5328 Procuratoribus
769 5273 951 5348 expresse
979 5253 1185 5349 praestitus
1213 5267 1398 5350 appareat
1424 5275 1446 5324 a
1474 5267 1587 5352 tergo

81 5377 380 5463 Commissionis,
411 5400 479 5451 nec
505 5375 630 5464 aliter;
662 5377 718 5450 Ac
746 5375 1004 5460 decernentes,
1034 5377 1140 5473 quod
1167 5377 1318 5473 quoties
1347 5375 1477 5450 Partes
1511 5376 1587 5452 col·

1472 5567 1502 5604 8⁴
