3718 5918
243 299 299 360 484
851 298 988 358 Soecuto
1006 297 1040 358 X
1047 299 1131 360 VIII

242 495 341 570 idem
385 495 556 570 Pontifex
601 495 636 568 in
673 494 774 568 dicto
812 496 1077 592 Motuproprio
1111 495 1315 570 declaravit
1352 497 1522 594 specifice
1559 498 1616 570 ius
1653 497 1741 570 scri-

243 620 354 694 bendi
384 620 420 692 in
448 621 556 694 dictis
584 620 706 694 causis
735 620 917 716 privative
944 636 1117 716 spectare
1154 621 1203 693 ad
1241 619 1362 694 dictos
1400 621 1523 694 Rotae
1553 619 1741 706 Notarius,

242 761 281 820 et
309 745 425 819 voluit
451 745 555 843 quod
583 759 759 820 contenta
794 746 828 817 in
865 745 965 820 dicto
1001 745 1266 842 Motuproprio
1303 769 1492 840 nunquam
1530 746 1578 818 de
1614 745 1742 842 aliquo

242 869 332 944 vitio
360 869 419 943 vel
453 867 602 943 defectu
640 869 851 968 impugnari
887 885 1057 966 possent,
1089 870 1158 944 sed
1195 893 1345 966 semper
1377 893 1447 966 per
1482 892 1742 966 quoscumque

241 995 435 1069 observari
462 995 657 1070 deberent.

322 1117 408 1212 Que
436 1119 549 1192 etiam
577 1119 692 1193 modo
720 1119 914 1193 observari
940 1133 980 1192 et
1006 1119 1219 1192 executioni
1246 1117 1463 1193 demandari
1492 1118 1632 1193 debere
1660 1145 1743 1216 spe·

243 1269 370 1318 ramus
398 1243 486 1341 quia
514 1259 602 1316 sunt
630 1267 809 1317 concessa
838 1267 909 1340 pro
936 1243 1080 1318 lustitia
1098 1256 1213 1340 prout
1230 1243 1333 1316 Idem
1354 1243 1524 1317 Pontifex
1541 1245 1595 1316 sic
1612 1243 1744 1318 obser·
1822 1255 1823 1258 ’

242 1369 322 1442 vari
350 1369 489 1443 debere
516 1367 679 1442 affirmat
706 1383 745 1442 et
773 1383 935 1442 testatur
962 1366 1011 1442 dc
1037 1367 1138 1442 facto
1165 1369 1300 1466 propio
1336 1383 1377 1442 et
1408 1369 1456 1442 de
1484 1391 1553 1442 sua
1589 1369 1744 1465 propria

242 1494 394 1567 scientia
430 1509 470 1566 et
507 1491 631 1567 reddit
668 1517 820 1573 causam
858 1493 980 1580 illius;
1023 1492 1127 1590 quod
1173 1491 1261 1566 sacit
1305 1491 1560 1590 plenissimam
1606 1494 1744 1590 proba·

243 1619 394 1691 tionem.
565 1605 569 1610 ¹

322 1739 516 1834 Quantum
555 1767 645 1815 vero
682 1743 731 1816 ad
769 1741 949 1816 Notarios
985 1740 1218 1842 A[uditoris]
1257 1741 1480 1842 C[amerae]
1517 1758 1558 1815 et
1584 1741 1741 1816 aliorum

241 1865 511 1954 Tribunalium,
553 1866 722 1952 dicimus,
769 1868 909 1941 dictum
953 1867 1297 1964 Motumproprium
1340 1865 1545 1940 Clementis
1592 1867 1745 1940 minime

241 1991 453 2088 impugnari
481 2016 609 2089 posse,
639 1993 728 2088 quia
766 2017 839 2066 non
878 1993 1005 2092 turbat
1041 1989 1333 2066 iurisdictionem
1372 1991 1536 2077 alicuius,
1568 1992 1637 2065 sed
1675 2017 1745 2088 per

243 2115 345 2189 illum
373 2117 457 2190 lure
485 2116 611 2190 inedio
647 2117 869 2213 providetur
899 2132 942 2190 ut
973 2117 1131 2191 Sacrum
1169 2117 1292 2190 Rotae
1321 2115 1560 2192 Auditorium
1598 2117 1633 2188 in
1672 2141 1745 2190 suo

242 2241 401 2336 antiquo
427 2256 530 2320 statu
558 2256 597 2314 et
633 2242 789 2338 pristina
826 2241 1049 2315 auctoritate
1083 2255 1338 2326 conservetur,
1375 2255 1489 2336 prout
1524 2241 1637 2314 etiam
1675 2241 1743 2314 suit

239 2365 332 2439 alias
361 2365 553 2462 provisum
583 2380 755 2482 tempore
774 2365 868 2440 Sixti
888 2359 934 2459 4ti
948 2366 1012 2462 qui
1040 2389 1171 2439 omnes
1190 2389 1326 2438 causas
1346 2364 1593 2452 beneficiales,
1614 2363 1743 2439 civiles

240 2507 280 2564 et
307 2492 454 2578 mixtas,
485 2491 570 2565 alibi
598 2491 831 2572 commissas,
862 2492 1054 2566 mandavit
1082 2491 1118 2564 in
1147 2491 1247 2566 Rota
1265 2491 1457 2564 committi.

322 2616 372 2691 Et
399 2615 677 2713 praecurrendo
704 2613 900 2711 quodlibet
927 2640 1050 2714 genus
1080 2615 1395 2690 Commissionum
1420 2639 1517 2710 quas
1535 2614 1632 2688 idem
1654 2615 1743 2689 Cle-

242 2765 351 2814 mens
378 2742 414 2813 in
443 2741 544 2815 dicto
573 2740 680 2814 Motu
700 2742 854 2837 proprio
873 2739 1040 2815 declarat
1057 2763 1144 2814 esse
1164 2739 1331 2827 Rotales,
1352 2740 1483 2836 primo,
1506 2739 1743 2814 deveniendo

241 2865 292 2939 ad
319 2889 453 2940 causas
480 2867 709 2963 prophanas,
739 2867 888 2938 videtur
915 2867 985 2939 hoc
1023 2867 1137 2939 modo
1174 2865 1491 2960 distinguendum.
1526 2865 1607 2937 Aut
1642 2867 1741 2938 enim

241 2990 430 3087 loquimur
457 2992 506 3064 de
534 2990 747 3089 cognitione
775 2990 918 3063 illarum
947 2992 982 3064 in
1010 2991 1129 3087 prima
1157 2989 1348 3076 Instantia,
1379 3004 1418 3062 et
1449 2991 1509 3062 via
1539 2987 1740 3072 ordinaria,

240 3131 280 3188 et
307 3131 395 3190 tunc
425 3115 568 3188 Notarii
598 3115 721 3190 Rotae
750 3138 824 3189 non
852 3131 994 3212 negant
1021 3113 1165 3188 illarum
1194 3115 1446 3211 cognitionem
1480 3129 1654 3209 spectare
1690 3114 1742 3187 ad

240 3235 497 3342 A[udit0rem]
536 3239 768 3339 C[amerae],
807 3255 968 3336 excepto
1005 3255 1133 3313 tamen
1162 3239 1327 3334 quodam
1363 3263 1505 3336 genere
1542 3263 1742 3312 causarum

239 3366 351 3438 etiam
381 3363 670 3461 prophanarum‚
695 3387 895 3454 aquarum
916 3367 1131 3463 cognitione
1149 3365 1197 3439 Α.
1215 3363 1259 3439 C.
1281 3364 1473 3442 abstinere¹
1489 3365 1603 3438 debet
1625 3364 1740 3438 etiam

239 3491 275 3561 in
305 3489 424 3584 prima
452 3488 641 3573 Instantia,
674 3506 714 3563 ut
741 3489 835 3562 infra
862 3488 1016 3564 dicetur.
1134 3471 1136 3475 ¹

319 3613 420 3684 Idem
449 3612 562 3685 etiam
590 3613 723 3686 dicitur
750 3615 904 3711 quando
933 3614 1016 3688 illae
1044 3639 1113 3710 per
1140 3613 1430 3710 appellationem
1470 3632 1536 3686 aut
1571 3613 1654 3687 aliis
1691 3637 1742 3686 ex

239 3738 410 3833 partibus
437 3737 687 3811 devolvuntur
714 3740 762 3811 ad
797 3738 949 3812 Curiam
979 3740 1200 3814 Romanam.
1236 3739 1420 3812 Fatentur
1453 3739 1551 3811 enim
1591 3737 1743 3812 Notarii

241 3862 363 3933 Rotae
391 3884 468 3948 eas,
500 3861 558 3935 via
587 3860 785 3949 ordinaria,
813 3863 1102 3958 appellationem
1132 3862 1314 3937 introduci
1333 3887 1449 3958 posse
1467 3885 1592 3936 coram
1621 3864 1669 3937 A.
1692 3863 1739 3936 C.

319 3983 395 4058 Sed
424 3987 485 4059 ubi
514 3987 635 4060 dictae
662 3985 882 4083 prophanae
909 4011 1046 4060 causae
1067 4004 1155 4061 sunt
1172 3987 1464 4062 committendae
1482 4011 1552 4082 per
1575 3987 1742 4083 speciale

237 4113 457 4206 rescriptum
487 4109 704 4210 signaturae
732 4111 898 4186 Iustitiae
916 4111 976 4185 vel
997 4113 1163 4199 Gratiae,
1184 4137 1207 4186 a
1227 4129 1398 4207 tempore
1417 4111 1503 4185 dicti
1523 4113 1607 4207 piae
1626 4137 1740 4188 mem.

237 4229 602 4328 Sixti4‘1eontinuu
624 4239 672 4310 ab
691 4236 973 4310 immemorabili
1002 4251 1173 4334 tempore
1200 4237 1301 4323 citra,
1323 4237 1390 4310 suit
1417 4239 1619 4310 observata
1646 4237 1743 4311 haec

237 4360 436 4435 distinctio.
459 4363 538 4435 Aut
564 4361 662 4436 enim
691 4361 817 4459 agitur
836 4363 883 4434 de
903 4385 1049 4435 summa
1068 4378 1259 4436 scutorum
1281 4383 1357 4455 500
1372 4377 1551 4452 monetae
1569 4378 1609 4434 et
1629 4363 1738 4448 ultra,

238 4511 284 4560 eo
313 4488 400 4583 quia
428 4489 601 4560 dicuntur
628 4511 764 4559 causae
792 4488 933 4560 arduae
962 4487 1019 4586 (ut
1047 4487 1165 4582 inquit
1193 4486 1349 4583 Staphil.
1372 4487 1406 4557 in
1426 4487 1551 4562 Tract.
1574 4487 1621 4558 de
1639 4503 1739 4584 grat.

237 4627 276 4684 et
303 4629 420 4707 spect.
450 4614 468 4708 ᾗ
499 4611 707 4684 Dicendum
738 4621 775 4683 n⁰
800 4607 871 4713 XI)
898 4635 1050 4708 semper
1077 4611 1225 4684 luerunt
1252 4611 1474 4684 commissae
1502 4612 1538 4683 in
1568 4612 1677 4698 Rota,
1697 4629 1742 4685 et

236 4752 439 4833 propterea
467 4762 549 4810 mos
578 4736 739 4820 inolevit,
771 4751 811 4808 ut
844 4737 880 4807 in
908 4736 1231 4811 commissionibus
1260 4735 1363 4809 valor
1391 4737 1443 4808 rei
1472 4752 1740 4810 controversae

236 4862 518 4956 exprimeretur.
549 4861 635 4933 Non
663 4861 761 4933 enim
791 4860 975 4944 convenit,
1006 4877 1048 4932 ut
1080 4861 1138 4933 hic
1166 4861 1202 4933 in
1232 4860 1355 4948 Curia,
1388 4861 1449 4935 ubi
1486 4877 1562 4934 tam
1599 4885 1740 4958 magna

236 4987 346 5060 adest
373 4987 481 5082 copia
509 4987 726 5082 peritorum,
746 4985 841 5058 istae
869 5009 1005 5058 causae
1034 4987 1143 5059 unius
1170 5001 1318 5060 tantum
1346 4987 1478 5060 iudicio
1506 4989 1741 5060 committan-

237 5128 305 5184 tur.
338 5111 425 5206 quia
454 5112 516 5184 ubi
545 5111 662 5182 maius
700 5109 914 5207 periculum,
947 5111 995 5182 ibi
1029 5111 1174 5183 cautius
1210 5127 1271 5184 est
1306 5111 1507 5209 agendum.
1538 5112 1618 5184 Aut
1644 5134 1738 5184 vero
1834 5163 1835 5166 ,

236 5235 360 5332 agitur
393 5235 441 5308 de
478 5259 625 5308 summa
661 5259 683 5307 a
720 5233 934 5331 quingentis
971 5234 1074 5321 inira,
1104 5251 1143 5307 et
1178 5235 1261 5308 illae
1299 5235 1530 5332 quandoque
1565 5237 1599 5308 in
1638 5235 1738 5308 Rota
1834 5225 1835 5246 ³

236 5361 465 5457 quandoque
494 5361 688 5432 Romanae
717 5359 852 5432 Curiae
883 5359 1062 5433 Praelatis
1090 5361 1312 5434 commissae
1340 5361 1500 5435 suerunt.
