3720 5916
719 374 911 434 Innocentio
930 371 961 432 X

805 739 895 818 235.

97 903 303 976 Innocentio
330 904 376 977 X
402 900 597 1006 (1644-16
603 903 667 998 55)
689 945 715 956 -
739 901 861 990 Quam
889 925 987 974 nnus
1009 927 1057 974 ex
1075 901 1331 989 Ande'toribnr,
1351 904 1419 998 qni
1432 905 1596 1000 equitare

174 1029 352 1102 debuisset
366 1029 408 1101 in
430 1027 632 1126 aperitione
657 1029 785 1114 Ratae,
804 1035 1023 1124 aegrotaret,
1054 1025 1152 1100 alter
1177 1027 1376 1100 dumtaxat
1401 1029 1593 1126 equitabat.

174 1183 290 1256 (Anca.
309 1181 397 1257 Ror,
421 1183 643 1243 ‹Extractnm
666 1183 783 1242 Dr'arti
800 1181 975 1242 otthoboni
988 1184 1023 1253 »t

458 1397 531 1471 Die
559 1397 689 1472 Lunae
719 1419 739 1491 3
771 1396 949 1474 Octobris
984 1403 1094 1489 1644.
1126 1399 1236 1474 Rota.

180 1547 265 1619 154.
298 1523 424 1597 Hodie
452 1546 561 1597 mane
590 1522 685 1596 circa
713 1521 845 1598 horam
871 1547 927 1615 14.
951 1521 1036 1620 Ego
1065 1521 1320 1610 Otthobonus‚
1342 1538 1381 1596 et
1410 1523 1454 1598 R.
1483 1523 1520 1598 P.
1544 1524 1592 1598 D.

96 1647 289 1722 Corradus
303 1647 520 1722 solemniter
532 1647 783 1744 equitavimus
797 1663 838 1720 et
851 1646 1047 1722 habuimus
1067 1647 1283 1722 comitatum
1302 1647 1487 1722 celebrem
1503 1671 1591 1740 400,
1691 1735 1697 1750 ¹

95 1772 322 1870 etamplius
351 1773 541 1869 Equitum,
573 1773 658 1872 Ego
686 1772 796 1847 habui
825 1773 1045 1848 orationem.

179 1919 266 1992 155.
297 1897 474 1972 Debebat
502 1897 673 1993 equitare
701 1896 750 1970 D.
782 1896 991 1970 Cecchinus
1020 1896 1214 1984 Datarius,
1240 1898 1309 1971 sed
1340 1898 1390 1972 ob
1418 1897 1595 1972 Dataria·

93 2035 170 2096 tum
198 2020 297 2095 illius
315 2045 390 2119 ego
408 2021 598 2117 assumpsi
616 2045 713 2094 onus
740 2020 945 2116 equitandi.
976 2020 1121 2095 Diebus
1149 2022 1360 2117 praeteritis
1389 2021 1437 2096 D.
1461 2021 1595 2096 Corra·
1658 2025 1669 2054 ⁶

93 2145 162 2220 dus
189 2147 428 2244 aegrotabat,
459 2163 498 2218 et
527 2143 770 2248 DD.[0mini]
799 2144 984 2230 dicebant,
1013 2145 1117 2243 quod
1146 2145 1210 2218 tali
1246 2171 1335 2220 casu
1368 2145 1453 2245 Ego
1490 2147 1594 2220 solus

93 2270 263 2367 equitare
291 2269 488 2353 debebam,
514 2268 603 2366 quia
630 2291 706 2344 uno
733 2269 923 2366 impedito,
956 2269 1058 2344 solus
1085 2269 1181 2344 alter
1208 2270 1364 2364 equitat,
1393 2287 1433 2346 et
1459 2269 1592 2345 offere-

98 2395 232 2469 rebant
260 2395 309 2468 de
336 2394 407 2468 hoc
435 2393 620 2491 exempla.

806 2674 896 2753 236.

98 2851 234 2928 Clerici
253 2851 429 2927 Camenae
453 2853 635 2927 decretam
642 2853 798 2948 saciant
812 2879 885 2928 non
903 2853 1052 2928 cedendi
1066 2853 1182 2928 locum
1201 2854 1444 2928 Ande'tort'bns
1463 2855 1591 2931 Rotae.

170 3027 290 3099 (Anca.
309 3025 397 3099 Ror,
421 3025 643 3086 «Extractnm
663 3025 783 3086 Diare'i
800 3025 1022 3100 otthonum).

524 3243 597 3316 Die
625 3243 754 3318 Lunae
781 3267 825 3316 ro
849 3244 1027 3318 Octobris
1053 3251 1163 3336 1644.

177 3569 263 3641 159.
295 3546 380 3621 Fuit
417 3546 682 3647 DD.[0minis]
721 3547 945 3646 nunciatum,
975 3548 1079 3645 quod
1118 3548 1250 3622 Clerici
1279 3547 1462 3624 Camerae
1494 3549 1595 3625 sece-

93 3688 178 3745 runt
199 3669 403 3757 decretum,
425 3671 529 3767 quod
544 3673 667 3745 nullus
688 3671 854 3746 Clericus
875 3672 1058 3746 Camerae
1073 3673 1156 3747 loco
1176 3673 1328 3747 cederet
1346 3675 1594 3750 Auditoribus

92 3795 228 3882 Rotae,
250 3811 381 3870 eontra
408 3794 445 3869 id
473 3796 576 3892 quod
606 3795 673 3870 suit
702 3821 852 3893 semper
879 3796 1138 3872 inviolabiliter
1155 3800 1411 3874 observatum.

805 4165 893 4244 237.

94 4340 217 4416 Causa
245 4343 432 4416 commzisa
460 4294 577 4416 trz'ins
597 4329 849 4417 'Auditoribus
874 4353 1062 4442 tamqnam
1090 4344 1280 4417 Praelates
1306 4354 1416 4418 extra
1443 4346 1590 4421 Rotam.

171 4515 288 4588 (Anca
308 4514 395 4588 Ros,
419 4513 641 4575 ‹Extractum
660 4514 781 4574 Drarte'
797 4516 1019 4590 Otthobonr'›).

561 4736 691 4810 Lunae
726 4758 769 4829 17
801 4735 979 4812 Octobris
1014 4744 1122 4830 1644.

179 5043 264 5131 163.
286 5037 413 5113 Hodie
440 5036 479 5111 S.
502 5037 549 5112 D.
573 5037 619 5113 N.
641 5039 827 5112 commisit
855 5063 1006 5114 causam
1034 5055 1243 5114 vertentem
1264 5043 1361 5114 inter
1381 5041 1428 5118 D.
1452 5043 1591 5118 Matal-

90 5161 181 5234 dum
209 5185 233 5234 a
262 5160 426 5236 Secretis
455 5161 629 5236 Brevium
658 5161 758 5236 Suae
778 5163 995 5238 Sanctitatis
1022 5181 1061 5238 et
1082 5163 1131 5242 D.
1152 5165 1303 5238 Emerix
1321 5165 1589 5241 Successorem

93 5285 284 5383 Bulgan'ni
314 5286 432 5362 tribus
451 5287 575 5362 Rotae
594 5288 852 5376 Auditoribus,
873 5314 1010 5386 nempe
1029 5287 1227 5377 Ghislerio,
1246 5289 1372 5364 Biehio
1391 5306 1430 5364 et
1450 5290 1590 5368 Ottbo-

89 5411 192 5486 bono
220 5427 414 5508 tamquam
442 5411 623 5488 Praelatis
651 5429 758 5486 extra
786 5412 935 5490 Rotam.

1458 5601 1502 5643 2⁴⁸
