3748 5914
245 312 300 372 294
881 226 1018 378 Soelulo
1036 316 1125 378 XVI

248 534 365 582 <rum
393 509 441 581 de
467 509 663 604 quibusvis
690 510 877 584 benefieiis
905 509 1166 584 ecclesiasticis
1195 533 1264 606 pro
1293 525 1464 606 tempore
1493 507 1673 582 saetarum
1702 524 1742 582 et

127 723 131 730 ἡ
250 633 550 718 «faciendarum,
565 658 709 707 necnon
739 658 1063 730 quarumcumque
1090 635 1386 708 reservationum
1414 657 1740 728 quorumcumque

250 758 471 832 «fructuum
513 783 837 855 quorumcumque
880 758 1144 832 beneficiorum
1187 784 1253 831 seu
1295 781 1618 853 quarumcumque
1654 783 1741 854 pen-

248 885 431 957 ‹sionum
460 908 576 978 super
602 883 782 958 fructibus
810 907 1135 981 quorumcumque
1164 883 1427 958 beneficiorum
1456 881 1742 979 quomodolibet

249 1028 324 1083 «et
351 1009 673 1106 qualitercumque
700 1025 976 1083 reservatarum
1005 1034 1075 1105 pro
1103 1009 1277 1082 omnibus
1305 1026 1343 1082 et
1372 1007 1528 1106 singulis
1566 1009 1666 1081 Rote
1702 1025 1741 1082 et

248 1134 414 1209 «Palatii
442 1133 560 1208 nostri
588 1157 787 1210 causarum
816 1133 1063 1208 Auditoribus
1092 1158 1160 1206 seu
1189 1157 1320 1206 eorum
1355 1133 1672 1206 Locatenentibus
1703 1151 1742 1206 et

248 1259 524 1356 ‹Cappellanis
561 1259 701 1332 nostris
738 1275 778 1332 et
813 1258 1053 1332 familiaribus
1089 1257 1273 1331 continuis
1310 1256 1623 1330 commensalibus
1659 1281 1741 1352 pre·

248 1384 453 1459 <sentibus
481 1401 520 1458 et
550 1383 681 1457 suturis
709 1407 870 1480 quorum
908 1382 1058 1456 nomina
1085 1397 1125 1455 et
1156 1383 1382 1478 cognomina
1418 1406 1488 1478 pro
1516 1381 1743 1455 sufficienter

249 1509 477 1605 «expressis
504 1509 634 1582 haberi
662 1508 836 1581 volumus
874 1507 1151 1604 expeditionem
1186 1509 1305 1605 gratis
1340 1507 1480 1602 ubique
1513 1506 1548 1579 in
1587 1504 1742 1604 singulis

249 1665 267 1707 ‹
287 1637 457 1709 Romane
486 1634 599 1707 Curie
629 1634 773 1708 Officiis
800 1635 848 1708 de
868 1635 1045 1707 mandato
1070 1650 1200 1706 nostro
1220 1647 1403 1728 quantum
1423 1634 1459 1704 in
1479 1633 1534 1704 eis
1553 1646 1615 1704 est
1632 1656 1741 1728 expe·

249 1795 265 1831 ι
285 1761 390 1834 diant
416 1776 455 1833 et
482 1759 649 1857 expediri
664 1760 799 1833 saciant
817 1777 1021 1856 procurent
1040 1776 1078 1831 et
1097 1757 1326 1854 permittant,
1349 1755 1436 1852 quia
1456 1771 1583 1830 nostre
1602 1757 1744 1828 incum-

249 1884 472 1959 ‹mutabilis
500 1885 717 1958 intentionis
744 1899 784 1958 et
811 1886 863 1958 ita
892 1885 928 1956 in
955 1883 1129 1958 omnibus
1166 1899 1205 1956 et
1243 1882 1399 1979 singulis
1428 1883 1599 1954 Romane
1629 1881 1743 1954 Curie

250 2011 429 2085 «Officiis
457 2025 496 2084 et
523 2009 615 2083 locis
652 2009 770 2107 gratis
799 2010 938 2104 ubique
966 2007 1190 2104 expediant:
1220 2031 1295 2080 non
1323 2007 1560 2080 obstantibus
1588 2007 1743 2101 quibus-

249 2165 266 2208 «
286 2161 445 2232 cumque
465 2133 679 2232 privilegiis,
702 2133 863 2219 indultis,
885 2133 1018 2206 litteris
1036 2132 1254 2228 apostolicis
1272 2132 1414 2204 eisdem
1436 2129 1654 2204 officialibus
1674 2133 1746 2204 sub

249 2284 523 2356 «quacumque
551 2258 670 2333 forma
707 2273 746 2332 et
774 2259 1018 2354 expressione
1059 2259 1259 2330 verborum
1300 2260 1490 2331 concessis
1526 2259 1572 2328 'et
1598 2256 1744 2328 iteratis

249 2387 411 2459 «forsan
441 2385 582 2459 vicibus
611 2383 797 2456 innovatis
824 2401 863 2456 et
890 2383 1122 2479 approbatis,
1154 2383 1288 2478 quibus
1317 2382 1429 2454 etiam
1455 2382 1484 2454 si
1513 2403 1583 2476 pro
1611 2405 1742 2453 eorum

250 2511 484 2584 ‹sufficienti
512 2511 760 2606 derogatione
787 2508 947 2603 amplior
984 2507 1210 2603 specificatio
1251 2505 1329 2578 fieri
1366 2507 1531 2592 deberet,
1562 2520 1667 2577 motu
1704 2523 1743 2576 et

252 2635 440 2709 ‹scientia
469 2636 666 2720 similibus;
695 2635 935 2730 derogamus,
968 2632 1178 2726 ceterisque
1206 2632 1401 2704 contrariis
1430 2631 1740 2725 quibuscumque.

250 2761 377 2834 <Fra
398 2763 523 2856 gratr's
550 2760 690 2856 ubique,
720 2801 747 2812 -
775 2760 823 2831 de
851 2775 890 2831 et
918 2782 987 2853 pro
1015 2757 1187 2830 omnibus
1216 2757 1272 2830 A:
1293 2755 1413 2829 Neat:
1443 2799 1469 2808 -
1497 2755 1546 2829 Io.
1572 2753 1744 2849 baptista

250 2886 334 2958 «de
365 2885 565 2958 Bernardis
577 2942 639 2960 .....
670 2884 729 2960 lo:
761 2882 920 2957 Gentilis
938 2909 974 2956 n.

323 3011 550 3107 inquorum
579 3010 743 3083 omnium
773 3009 1003 3106 singulorum
1032 3007 1144 3082 fidem
1177 3023 1217 3080 et
1252 3006 1506 3080 testimonium
1542 3021 1740 3100 presentes

241 3137 386 3211 litteras
415 3136 493 3208 sive
513 3158 672 3232 presens
692 3133 916 3229 transumpti
936 3132 1223 3206 instrumentum
1244 3129 1433 3229 publicum
1453 3131 1586 3202 exinde
1606 3129 1685 3202 fieri
1704 3144 1743 3201 et

241 3285 310 3356 per
338 3259 523 3332 notarium
551 3241 874 3354 publicum‘dicte
909 3255 1068 3331 Camere
1104 3256 1358 3353 supradictum
1396 3275 1435 3329 et
1468 3254 1740 3350 infrascriptum

243 3382 425 3457 subscribi
453 3380 638 3480 sigillique
667 3381 828 3456 Camere
856 3379 1061 3478 apostolice
1079 3379 1311 3478 appensione
1331 3380 1508 3452 iussimus
1531 3395 1570 3453 et
1588 3379 1742 3452 fecimus

242 3507 471 3583 communiri.
504 3507 713 3580 Datumet
741 3522 865 3578 actum
894 3507 1017 3579 Rome
1045 3507 1080 3578 in
1108 3504 1242 3578 edibus
1271 3505 1408 3577 nostris
1436 3505 1471 3576 in
1501 3503 1637 3600 quibus
1664 3503 1743 3575 iura

244 3632 350 3706 reddi
379 3633 511 3718 solent,
542 3648 581 3704 et
608 3632 771 3728 partium
799 3655 914 3704 cause
942 3631 1071 3717 audiri,
1103 3633 1175 3704 sub
1202 3653 1301 3703 anno
1325 3656 1346 3702 a
1367 3629 1573 3703 Nativitate
1592 3625 1744 3700 Domini

244 3756 439 3831 millesimo
467 3756 771 3854 quingentesimo
791 3754 1085 3853 quadragesimo
1105 3757 1277 3851 septimo,
1299 3753 1498 3828 indictione
1522 3753 1662 3848 quinta,
1684 3751 1744 3824 die

243 3907 335 3955 vero
364 3880 620 3955 tertiadecima
653 3879 795 3953 mensis
836 3880 932 3966 maii,
966 3880 1206 3954 Pontificatus
1245 3877 1478 3952 Sanctissimi
1512 3877 1549 3950 in
1591 3875 1744 3950 Christo

246 4006 364 4080 Patris
391 4022 432 4080 et
460 4005 611 4079 Domini
640 4005 770 4078 Nostri
791 4003 942 4078 Domini
972 4005 1072 4078 Pauli
1102 4005 1225 4076 divina
1253 4003 1488 4099 providentia
1520 4003 1618 4098 Pape
1646 4003 1744 4076 tertii

243 4155 343 4204 anno
371 4130 648 4204 tertiodecimo:
680 4129 920 4225 presentibus
948 4129 1086 4202 ibidem
1121 4129 1292 4202 discretis
1320 4127 1410 4201 viris
1437 4127 1598 4200 dominis
1636 4127 1742 4200 Boni·

243 4255 337 4330 facio
365 4258 413 4329 de
442 4255 612 4351 Grangia
640 4271 679 4328 et
707 4253 876 4353 Georgio
905 4256 952 4327 de
971 4253 1118 4340 Itinere,
1135 4252 1248 4326 Curie
1267 4278 1465 4326 causarum
1484 4276 1633 4325 camere
1651 4275 1743 4346 apo-

243 4380 373 4455 stolice
402 4379 556 4453 notariis
584 4379 752 4475 publicis,
773 4381 934 4454 testibus
958 4383 1007 4453 ad
1035 4380 1219 4476 premissa
1237 4378 1381 4452 vocatis
1401 4377 1611 4475 specialiter
1628 4392 1744 4474 atque

245 4505 402 4602 rogatis.

325 4630 375 4703 Et
401 4655 475 4728 ego
505 4629 728 4705 Desiderius
757 4633 856 4704 bona
883 4655 1005 4705 avena
1033 4629 1155 4713 Curie‚
1186 4653 1384 4703 causarum
1405 4627 1565 4702 Camere
1587 4642 1742 4725 aposto-

242 4756 311 4830 lice
341 4754 532 4842 Notarius‚
561 4757 758 4852 premissis
786 4756 960 4830 omnibus
987 4769 1027 4829 et
1053 4754 1210 4853 singulis
1246 4777 1405 4850 presens
1441 4770 1480 4826 et
1515 4753 1564 4827 de
1599 4752 1743 4826 eisdem

243 4897 399 4978 rogatus
428 4881 495 4956 tui:
525 4880 612 4956 ideo
641 4883 938 4978 suprascriptum
967 4880 1256 4954 instrumentum
1276 4878 1463 4976 publicum
1484 4877 1687 4974 subscripsi
1706 4893 1744 4950 et

244 5006 428 5104 publicavi
455 5007 492 5081 in
520 5005 632 5080 fidem
661 5008 931 5103 premissorum
961 5005 1172 5103 requisitus.
1204 5005 1305 5079 Loco
1334 5005 1383 5079 A.
1407 4991 1528 5101 Signi.

326 5131 455 5205 Gratis
483 5130 531 5204 de
559 5130 739 5205 mandato
766 5130 906 5204 domini
934 5146 1005 5206 etc.
1034 5146 1104 5204 etc.
