3718 5918
850 249 987 311 Soccuto
1005 251 1130 313 XVIII

978 512 998 556 2

950 574 1027 617 δὲ*

236 689 291 761 Et
301 715 349 762 ex
362 689 459 763 dicta
477 689 734 766 Constitutione
747 689 988 766 Benedicta
1002 692 1158 766 halom
1170 717 1309 791 quoque
1322 695 1341 789 ᾗ
1355 691 1572 779 latorem,
1588 700 1650 766 etc.
1662 691 1737 768 Ibi.

316 867 524 944 lnherendo
553 843 896 944 Reformationibus
924 871 1106 945 hactenus
1134 871 1240 945 sactis
1267 896 1337 968 per
1366 871 1530 945 Nostros
1572 871 1739 944 Praede-

235 1017 420 1080 cessores,
451 1010 490 1069 et
518 996 712 1093 signanter
739 993 799 1070 fel.
830 1020 903 1069 rec.
936 995 1170 1070 Clementem
1200 993 1264 1082 Xl,
1296 997 1332 1069 in
1361 995 1523 1069 decretis
1565 997 1613 1069 de
1650 997 1736 1069 eius

235 1117 415 1192 mandato
443 1119 553 1194 editis
582 1120 642 1194 die
675 1145 719 1193 22
751 1120 837 1193 iunii
873 1139 982 1215 1715,
1013 1136 1052 1194 et
1079 1123 1128 1196 ab
1168 1147 1216 1194 eo
1255 1121 1477 1218 approbatis
1519 1121 1554 1194 in
1597 1122 1737 1215 quibus

235 1260 397 1330 cautum,
429 1235 507 1318 luit
523 1261 583 1320 ut:
614 1290 640 1301 -
658 1247 699 1318 ln
729 1233 874 1320 Causis'
891 1247 926 1319 in
948 1248 1083 1342 quibus
1103 1246 1247 1319 ludices
1269 1245 1444 1343 Delegati
1462 1261 1502 1318 et
1523 1243 1636 1319 Urbis
1651 1245 1737 1316 Tri-

235 1368 384 1442 buualia
420 1371 630 1466 procedunt
663 1371 794 1468 vigore
832 1370 939 1446 unius
968 1371 1164 1444 dumtaxat
1197 1369 1481 1444 Commissionis
1520 1394 1593 1444 non
1626 1369 1738 1442 liceat

233 1493 288 1567 eis
316 1493 468 1593 exigere
497 1495 566 1567 nisi
595 1495 740 1568 unicam
770 1510 914 1569 tantum
944 1497 1151 1592 propitiam,
1182 1511 1267 1582 etc„
1295 1495 1444 1569 etiamsi
1472 1495 1507 1567 in
1547 1493 1735 1568 Commis-

234 1619 339 1692 sione
367 1619 502 1692 suerint
528 1645 721 1716 expressa,
751 1635 790 1692 et
819 1619 962 1693 inclusa
989 1619 1138 1694 diversa
1172 1619 1336 1706 Credita,
1366 1646 1432 1694 seu
1457 1621 1580 1693 bonae
1613 1619 1737 1692 diver-

235 1767 379 1838 saeque
406 1745 583 1828 actiones,
614 1759 653 1817 et
681 1745 852 1819 diversae
882 1744 1081 1831 Personae,
1113 1770 1157 1817 ac
1185 1744 1298 1818 etiam
1326 1767 1401 1818 non
1420 1747 1607 1830 obstante,
1630 1743 1736 1838 quod

234 1866 284 1939 ad
310 1869 540 1942 Instantiam·
558 1867 865 1968 Collitigantium,
897 1868 955 1943 vel
974 1868 1138 1943 alterius
1167 1870 1333 1964 ipsorum
1362 1869 1498 1942 suerint
1534 1869 1664 1952 divisa,
1695 1883 1737 1941 et

237 1991 429 2089 disputata
469 1995 617 2068 diversa
659 1994 781 2080 dubia,
812 2009 1012 2092 separatae
1054 1995 1261 2091 prodierint
1289 1993 1513 2081 decisiones,
1557 1993 1736 2087 lataeque

236 2135 434 2214 separatae
463 2116 724 2193 sententiae·
752 2135 902 2195 etcum
932 2122 1003 2195 sub
1032 2120 1125 2218 Cap.
1159 2143 1191 2213 3,
1223 2122 1274 2193 ita
1302 2119 1412 2193 fuerit
1440 2117 1676 2216 dispositum.
1708 2162 1734 2172 -

235 2241 276 2313 ln
305 2242 440 2316 Causis
470 2241 688 2317 Concursus
717 2243 956 2319 Creditorum
986 2268 1059 2317 non
1089 2244 1316 2342 percipiatur
1336 2244 1402 2316 nisi
1423 2244 1530 2316 unica
1562 2243 1734 2340 propina,

236 2365 363 2440 habito
392 2382 566 2464 respectu
595 2370 645 2441 ad
673 2383 792 2442 totam
823 2395 1018 2454 summam,
1049 2366 1269 2443 solvendam
1304 2385 1429 2441 tamen
1471 2368 1738 2464 proportiona-

235 2491 318 2566 liter
345 2493 394 2566 ab
422 2493 595 2567 omnibus
624 2491 886 2568 Creditoribus
914 2520 982 2591 per
1012 2493 1289 2568 Contributum.
1309 2536 1335 2547 -
1364 2491 1549 2566 Volumus
1577 2491 1735 2588 proinde

236 2632 351 2714 atque
381 2619 614 2704 mandamus,
646 2634 687 2692 ut
715 2618 827 2692 etiam
865 2619 901 2692 in
934 2619 1084 2693 casibus
1125 2619 1342 2716 praemissis
1372 2633 1561 2714 nequeant
1589 2615 1737 2691 Notarii

236 2741 304 2815 nisi
332 2743 479 2816 unicum
509 2757 654 2816 tantum
673 2743 856 2818 conficere
884 2762 1108 2843 regestrum,
1130 2745 1224 2817 itaut
1251 2743 1376 2817 omnia
1395 2757 1437 2816 ut
1464 2767 1579 2840 supra
1608 2742 1737 2838 dispo-

235 2865 307 2942 sita
335 2884 510 2964 respectu
539 2869 588 2940 ad
616 2867 772 2954 ludices,
803 2868 1063 2943 inviolabiliter
1092 2869 1232 2943 servari
1260 2868 1424 2944 debeant
1450 2892 1519 2964 per
1554 2867 1735 2954 notarios,

235 2993 297 3088 qui
327 2993 474 3067 unicum
504 3006 648 3066 tantum
668 3009 880 3090 regestrum
902 2993 1083 3068 conficere
1103 2993 1259 3091 possint,
1281 3009 1320 3068 et
1339 3018 1409 3090 pro
1428 3018 1503 3066 uno
1522 2991 1604 3066 solo
1625 3017 1737 3089 rege-

235 3132 315 3191 stro
342 3117 556 3190 mercedem
584 3119 737 3217 exigere
765 3117 925 3203 valeant,
956 3135 995 3192 et
1024 3143 1098 3192 non
1128 3117 1236 3194 ultra.

316 3241 366 3315 Et
391 3243 427 3315 in
455 3241 555 3316 dicta
584 3241 863 3317 Constitutione
894 3243 1135 3316 Benedictina
1163 3244 1234 3318 sub
1262 3243 1370 3316 titulo
1399 3243 1446 3316 de
1473 3241 1585 3315 variis
1613 3241 1734 3337 provi-

234 3365 412 3452 sionibus,
441 3382 512 3442 etc.
544 3369 562 3464 ξ
592 3367 791 3450 Manualia.
820 3384 891 3444 etc.
922 3370 1083 3443 habetur
1110 3367 1213 3463 quod
1241 3369 1489 3467 registrentur
1523 3366 1736 3441 Citationes
1847 3351 1848 3360 ἵ

234 3515 304 3588 per
330 3507 528 3565 extensum
557 3517 641 3564 cum
684 3493 760 3565 suis
802 3493 976 3580 decretis,
1005 3509 1044 3566 et
1072 3494 1138 3568 ibi:
1176 3537 1203 3547 -
1239 3491 1446 3587 Solumque
1484 3493 1736 3589 permittimus
1846 3567 1847 3594 ἢ

235 3617 354 3716 redigi
383 3617 419 3689 in
447 3617 698 3691 Summarium
729 3616 938 3692 Citationes
978 3620 1027 3692 ad
1065 3619 1263 3693 dicendum
1306 3635 1436 3692 contra
1477 3617 1571 3704 lura,
1603 3633 1737 3693 contra
1846 3595 1847 3600 ἵ

235 3740 436 3828 Articulos,
466 3741 515 3816 ad
548 3741 729 3817 terminos
757 3742 1038 3836 substantiales,
1067 3760 1106 3818 et
1141 3743 1191 3817 ad
1218 3741 1463 3819 Sententiam.

945 4101 1034 4180 409.

236 4258 396 4335 Clemens
424 4261 520 4337 XII
538 4263 668 4337 statuit
692 4263 792 4361 quod
817 4261 1030 4336 Decanotus
1057 4262 1095 4337 S.
1127 4263 1176 4338 R.
1199 4263 1316 4336 Rotae
1343 4263 1388 4335 ab
1417 4263 1593 4363 Episcopo
1624 4264 1737 4337 etiam

314 4387 467 4460 titulari
489 4387 615 4488 optari
635 4414 707 4461 non
727 4389 866 4488 possit·
894 4413 1006 4484 mque
1033 4389 1073 4460 in
1098 4387 1196 4461 Rota
1224 4387 1389 4486 cognosci
1411 4413 1542 4462 cousus
1568 4390 1737 4486 ipsorum

315 4512 543 4585 Auditorum
569 4536 764 4610 eorumque
790 4513 1142 4608 coruangut'neorum
1169 4513 1210 4584 in
1240 4513 1367 4608 prtino
1390 4511 1521 4607 gradu
1548 4521 1584 4584 et
1608 4511 1741 4586 Stadii

315 4635 563 4710 Adiutorum:
589 4662 721 4711 causae
748 4635 926 4712 eiusnodi
950 4663 1034 4710 vero
1062 4638 1102 4709 in
1129 4637 1229 4710 Rota
1256 4637 1366 4711 semol
1389 4635 1433 4710 de
1451 4637 1623 4736 partium
1651 4663 1738 4712 con-

314 4785 421 4833 sensu
449 4762 676 4835 tittroductae
703 4762 855 4836 avocari
879 4761 1074 4836 abeodem
1101 4773 1289 4860 nequeunt.

315 4915 430 4988 (Aaou
448 4916 535 4992 Ror,
560 4915 821 4976 «Ordinationes
832 4941 858 4990 »,
873 4923 962 4992 part.
980 4916 1006 4986 I,
1028 4933 1061 4977 n.
1074 4916 1190 4992 XXV).

1234 5061 1312 5132 1734,
1332 5061 1520 5121 novembris
1540 5061 1582 5134 17,
1601 5059 1736 5119 Romae.

317 5189 494 5264 Clemens
510 5189 721 5288 Episcopus
736 5217 868 5266 servus
888 5217 1083 5266 servorum
1101 5191 1183 5267 Dei.
1202 5192 1265 5264 Ad
1281 5205 1502 5288 perpetuam
1518 5191 1572 5264 rei
1592 5215 1736 5264 memo-

236 5315 340 5387 riam.
369 5359 395 5368 -
424 5317 470 5388 ln
497 5317 633 5388 summi
657 5315 895 5412 pontificatus
923 5317 1076 5414 specula
1104 5341 1127 5389 a
1156 5315 1307 5391 Christo
1339 5317 1500 5392 Domino
1529 5313 1732 5402 constituti,
