3748 5914
849 320 986 380 Saeculo
1004 318 1037 380 X
1045 319 1111 379 VII

941 668 1026 748 196.

231 833 359 906 Petere
386 842 429 905 ut
455 831 648 930 luquiu‘teie
669 857 731 904 seu
759 833 958 906 Processus
985 829 1230 917 clauderetur,
1251 838 1336 902 erut
1360 839 1463 903 actus
1482 831 1733 930 personaliter

229 1002 235 1014 ·
300 957 504 1052 faciendus
530 956 576 1032 ab
603 957 707 1030 electo
734 956 929 1030 Auditore.

310 1113 426 1185 (Atreu.
445 1112 533 1185 Rom,
551 1111 603 1171 Ex
627 1111 774 1170 «Diarro
791 1110 977 1185 Pamphili
989 1119 1092 1185 penes
1109 1110 1208 1169 Dian
1229 1109 1412 1184 otthoboni,
1429 1126 1463 1168 u.
1483 1110 1533 1170 54
1544 1115 1581 1180 ι).

738 1309 881 1393 Lunae,
914 1331 933 1400 5
966 1311 1132 1383 octobris
1167 1315 1278 1399 1609.

311 1470 503 1568 Philippus
533 1472 738 1545 Pirovanus
766 1470 1069 1557 Mediolanensis,
1096 1473 1161 1567 qui
1189 1472 1225 1544 In
1252 1469 1376 1547 locum
1404 1472 1472 1547 bo:
1503 1497 1584 1548 me:
1614 1471 1734 1547 Scotti

230 1597 353 1671 luerat
373 1597 535 1669 Auditor
552 1594 786 1694 designatus,
808 1612 847 1669 et
865 1595 1036 1692 elapsum
1055 1596 1178 1670 luerat
1196 1613 1350 1694 tempus·
1366 1621 1458 1671 suae
1473 1597 1731 1694 inquisitionis,

230 1724 317 1818 quia
344 1721 437 1795 febri
465 1721 643 1795 Tertiana
670 1720 877 1806 laborabat,
903 1737 1079 1818 porrecto
1107 1721 1321 1807 memoriali,
1343 1725 1500 1818 petebat
1528 1739 1570 1795 ut
1588 1723 1734 1796 claude·

233 1863 336 1920 retur
354 1848 402 1921 de
422 1872 527 1920 more
547 1871 615 1920 sua
635 1847 847 1942 Inquisitio:
878 1846 946 1920 sed
965 1849 1053 1944 quia
1072 1871 1133 1921 res
1154 1871 1250 1920 nova
1269 1862 1310 1921 et
1327 1848 1504 1920 inusitata
1522 1846 1732 1932 videbatur,

232 1970 346 2046 dilata
372 1971 440 2045 luit
467 1971 648 2046 resolutio
675 1973 725 2045 ad
753 1970 863 2046 aliam
893 1971 1032 2045 Rotam
1060 1973 1096 2046 iu
1124 1998 1199 2069 qua
1226 1972 1407 2046 adessent
1435 1973 1643 2045 Auditores
1671 1973 1734 2068 qui

233 2119 307 2169 uon
334 2111 593 2170 accesserant:
624 2097 771 2169 novitas
799 2095 1031 2170 consistebat
1057 2097 1093 2169 in
1122 2119 1168 2169 eo
1187 2095 1275 2192 quia
1304 2097 1399 2170 tales
1418 2095 1620 2193 petitiones
1648 2120 1736 2193 per-

237 2219 415 2294 sonaliter
442 2221 521 2293 fieri
548 2221 682 2294 solent.

945 2485 1032 2564 197.

235 2649 432 2724 Parte'eulu
460 2648 597 2722 Bullue
625 2647 744 2721 Pauli
770 2649 807 2721 V
826 2647 1117 2742 Reformutz'ont‘s
1144 2649 1385 2722 tribunalium
1412 2649 1531 2723 almae
1564 2648 1675 2722 Urbes
1701 2658 1739 2720 et

312 2774 391 2846 eius
416 2772 628 2869 office'eele'um
655 2817 683 2829 -
710 2770 921 2870 Legebatur
955 2773 996 2845 iu
1026 2772 1085 2846 die
1119 2774 1335 2872 upere'teima's
1363 2775 1491 2860 Rotae,
1526 2773 1735 2871 quotannis,

315 2898 476 2972 sednon
504 2925 553 2972 ex
579 2901 733 2995 antegro,
764 2898 821 2970 uti
838 2907 945 2997 putet
968 2924 1017 2972 ex
1044 2897 1159 2973 Libro
1187 2899 1320 2974 Rotae.

312 3053 420 3126 (Auen
440 3052 527 3124 Ros,
551 3051 677 3110 «Liber
695 3051 823 3110 Rotae»
847 3051 988 3122 constit.,·
1010 3049 1309 3124 «Ordinationes»,
1324 3056 1413 3127 part.
1431 3051 1459 3126 I,
1478 3050 1567 3124 XX).

1331 3175 1410 3250 1611,
1430 3176 1539 3234 martii
1560 3176 1584 3248 l,
1602 3175 1738 3234 Romae.

322 3287 496 3362 Uueieerse'
518 3288 611 3384 agri
636 3287 808 3362 dominici
826 3347 833 3362 .
848 3347 855 3362 .
869 3347 899 3363 ..

762 3449 822 3522 De
850 3449 1050 3522 Auditum
1078 3451 1204 3524 Rotae.

317 3609 615 3685 Constitutiones
648 3609 707 3686 sel.
735 3634 808 3684 rec.
839 3611 1042 3684 Innocentii
1074 3609 1169 3693 VIII,
1205 3609 1258 3683 Pii
1289 3609 1340 3682 IV
1373 3625 1413 3683 et
1440 3609 1597 3683 aliorum
1630 3635 1737 3707 prae·

234 3737 477 3810 decessorum
498 3739 712 3808 nostrorum
733 3735 967 3821 innovantes,
986 3751 1026 3809 et
1044 3735 1282 3808 Auditorium
1303 3737 1422 3808 nostri
1441 3735 1580 3820 Palatii,
1603 3735 1639 3807 in
1659 3761 1738 3832 quo

234 3860 495 3934 universorum
516 3857 657 3933 Christi
688 3859 851 3932 fidelium
879 3859 1074 3957 graviores
1102 3883 1239 3933 causae
1267 3875 1415 3932 mature
1442 3876 1734 3958 cognoscuntur,

235 4000 275 4057 et
303 3985 399 4056 iuste
428 3985 685 4068 terminantur,
708 3984 815 4056 novis
844 3983 1118 4080 praerogativis
1145 4001 1342 4081 augentes,
1362 3982 1547 4068 volumus,
1568 4000 1609 4056 et
1636 3985 1738 4058 ordi-

236 4132 370 4180 namus
399 4123 441 4179 ut
468 4107 575 4180 unica
604 4122 749 4180 tantum
779 4107 994 4181 commissio
1021 4107 1057 4180 in
1086 4109 1252 4204 qualibet
1280 4106 1456 4182 instantia
1495 4107 1665 4195 sufficiat,
1700 4123 1740 4183 et

234 4232 330 4305 illius
369 4231 500 4330 vigore
533 4230 696 4305 Auditor
733 4257 885 4305 causam
923 4231 992 4305 sibi
1029 4232 1267 4306 commissam
1305 4257 1547 4330 cognoscere,
1577 4248 1617 4306 et
1652 4258 1735 4307 cum

234 4356 419 4440 omnibus,
440 4371 480 4428 et
506 4356 664 4452 singulis
692 4355 994 4452 dependentibus
1013 4373 1052 4430 et
1079 4357 1371 4455 emergentibus,
1392 4381 1436 4430 ac
1462 4356 1555 4431 alias
1582 4383 1738 4454 quomo-

235 4480 377 4554 dolibet
404 4480 652 4554 incidentibus
680 4482 855 4554 decidere
882 4479 1018 4556 valeat.

316 4606 440 4679 Possit
467 4607 579 4679 etiam
611 4605 772 4680 Auditor
790 4605 871 4679 sine
899 4628 998 4679 nova
1016 4605 1279 4680 commissione
1308 4605 1518 4702 praefigere
1536 4607 1736 4679 terminum

234 4731 283 4803 ad
312 4731 525 4805 docendum
554 4732 602 4804 de
629 4731 835 4816 attentatis,
866 4745 906 4803 et
942 4717 1182 4815 nullitatibus,
1212 4745 1252 4804 et
1285 4731 1421 4818 causis,
1450 4747 1607 4827 propter
1640 4757 1737 4829 quas

235 4857 321 4952 quis
349 4856 385 4928 in
413 4855 601 4954 integrum
639 4857 784 4928 restitui
817 4856 968 4940 debeat,
1002 4880 1046 4928 ac
1078 4855 1141 4928 illo
1177 4853 1320 4951 elaps0,
1352 4871 1391 4929 et
1424 4879 1498 4930 non
1532 4856 1658 4942 docto,
1690 4857 1738 4929 ad

234 5005 371 5055 causae
399 4980 677 5077 expeditionem
709 4980 926 5075 procedere,
958 5004 1102 5053 necnon
1139 4981 1371 5054 remissorias
1400 4981 1614 5067 decernere,
1645 4981 1738 5055 dila-

237 5105 357 5178 tiones
392 5105 607 5192 concedere,
646 5103 911 5200 liquidationes
952 5103 1136 5178 fructuum
1173 5106 1207 5179 in
1251 5107 1421 5201 partibus
1462 5104 1652 5205 delegare,
1695 5133 1739 5181 ac

236 5229 370 5314 omnia,
402 5245 441 5302 et
469 5229 615 5327 singula
644 5231 716 5302 alia
753 5253 875 5324 usque
911 5228 961 5302 ad
988 5228 1137 5304 finalem
1165 5231 1433 5304 sententiarum
1463 5255 1613 5305 suarum
1651 5257 1739 5305 exe·

235 5352 423 5427 cntionem
452 5351 631 5428 inclusive
658 5353 792 5440 lacere,
824 5379 923 5451 quae
951 5353 1000 5428 de
1027 5354 1107 5430 iure
1135 5355 1325 5430 Ordinarii
1353 5356 1475 5430 lacere
1503 5371 1676 5452 possunt.
