3708 5918
164 329 167 336 ⁴
238 297 276 358 52
862 297 1000 358 Saeculo
1019 297 1111 358 XIII

239 513 323 564 sare
351 488 601 586 multipliciter
628 489 855 576 niterentur;
889 489 990 565 dicto
1024 490 1207 589 magistro
1244 488 1446 565 Guillelmo
1479 492 1576 567 inter
1611 507 1736 566 cetera

239 614 448 710 specialiter
482 612 672 712 allegante
714 639 756 690 se
797 614 905 689 dictis
942 615 1090 691 duabus
1126 616 1238 690 unitis
1285 615 1452 692 ecclesiis
1489 617 1735 703 renuntiasse,

238 741 416 836 ipsasque
443 739 516 814 iam
544 737 626 814 aliis
649 740 729 814 lore
749 737 915 826 collatas,
937 755 977 814 et
1004 738 1263 816 nichilominus
1291 743 1534 837 postmodum
1554 740 1739 816 adiciente

239 875 284 938 se'
308 878 398 960 post
423 865 561 940 dictam
589 864 892 960 impetrationem
920 865 1178 940 canonicatum
1206 880 1246 940 et
1272 866 1503 961 prebendam
1526 866 1563 940 in
1581 865 1739 940 ecclesia

239 988 530 1076 Vratislaviensi,
560 1005 601 1063 et
636 987 818 1085 capellam
851 988 971 1064 sancti
1007 988 1106 1064 Petri
1139 988 1188 1064 de
1224 989 1404 1086 Nheyms,
1435 989 1739 1066 Vratislaviensis

238 1113 409 1197 diocesis,
439 1113 528 1188 item
555 1111 750 1188 ecclesiam
788 1113 907 1188 sancti
936 1113 1061 1188 Albini
1096 1114 1145 1188 de
1179 1113 1337 1211 Matrey,
1367 1139 1495 1190 curam
1531 1115 1738 1189 animarum

237 1236 437 1313 habentem
456 1263 651 1327 annexam,
675 1237 960 1336 Salzburgensis
977 1236 1149 1322 diocesis,
1170 1237 1286 1313 fuisse
1303 1239 1497 1337 adeptum.
1520 1239 1602 1314 Nos
1625 1241 1741 1340 igitur

236 1364 456 1437 examinatis
483 1363 623 1438 iuribus
651 1362 825 1460 partium,
855 1379 896 1436 et
922 1361 1209 1462 allegationibus
1237 1363 1403 1462 ipsarum
1431 1365 1569 1439 auditis
1596 1381 1738 1440 etcum

238 1486 431 1586 diligentia
466 1486 675 1575 intellectis,
708 1511 753 1562 ac
789 1487 948 1562 fideliter
984 1504 1194 1564 memorato
1229 1489 1383 1564 domino
1424 1505 1557 1563 nostro
1597 1488 1736 1576 relatis,

236 1613 398 1710 receptis
425 1636 578 1711 quoque
596 1614 645 1688 ab
664 1613 749 1708 ipso
767 1612 817 1686 ad
834 1611 1070 1708 infrascripta
1088 1612 1235 1688 licentia
1254 1626 1294 1688 et
1312 1612 1501 1698 mandato,
1523 1614 1739 1688 diffiniendo

236 1737 520 1834 pronuntiamus
548 1737 691 1812 litteras
720 1737 957 1833 supradictas
983 1738 1033 1812 ab
1052 1736 1198 1812 officiali
1225 1734 1296 1840 [et]
1325 1738 1517 1836 magistris
1537 1737 1739 1814 Guillelmo

236 1878 276 1936 et
304 1862 491 1937 Aimerico
519 1862 696 1960 predictis
724 1863 912 1945 obtentas,
942 1877 1075 1959 utpote
1103 1862 1264 1937 veritate
1292 1888 1408 1960 super
1435 1864 1626 1939 beneficiis
1663 1889 1739 1962 que

235 1987 346 2063 iidem
374 1987 646 2084 impetrationis
666 2003 837 2084 tempore
855 1987 1076 2062 obtinebant
1094 1988 1207 2062 tacita
1224 1987 1457 2084 impetratas,
1477 2005 1519 2062 et
1535 2013 1738 2085 processus

235 2138 305 2210 per
322 2136 398 2200 eaS,
420 2129 462 2187 ut
480 2112 715 2210 premittitur,
736 2112 897 2200 habitos,
919 2109 1055 2186 nullius
1075 2111 1189 2186 luisse
1208 2113 1408 2200 momenti;
1424 2137 1468 2187 ac
1487 2113 1578 2210 ipsis
1593 2137 1739 2189 necnon

236 2255 276 2314 et
303 2237 448 2336 prelato
484 2237 667 2336 magistro
695 2235 909 2310 Raimundo
946 2238 995 2310 de
1032 2235 1174 2323 Crosis‚
1205 2238 1270 2332 qui
1306 2252 1517 2312 memorato
1553 2237 1738 2336 magistro

238 2362 432 2437 Bernardo
459 2361 527 2436 fuit
553 2362 589 2435 in
617 2361 855 2458 impetrando
883 2361 1082 2458 posterior,
1103 2385 1218 2457 super
1238 2360 1432 2457 prebenda
1451 2363 1500 2436 de
1519 2387 1595 2459 qua
1613 2362 1738 2462 agitur

235 2503 461 2586 perpetuum
489 2485 676 2562 silentium
695 2486 944 2582 imponentes,
964 2487 1197 2583 prebendam
1216 2485 1337 2582 ipsam
1356 2485 1404 2560 ad
1423 2487 1598 2576 eumdem
1617 2489 1739 2586 magi-

235 2631 355 2689 strum
394 2612 627 2686 Bernardum
664 2625 837 2707 spectare
873 2609 1119 2697 decerninus,
1148 2627 1188 2685 et
1214 2611 1335 2706 ipsam
1372 2612 1643 2686 sententialiter
1669 2615 1738 2686 ad-

235 2737 442 2813 iudicamus
468 2736 603 2811 eidem.
633 2734 750 2810 Porro
778 2735 925 2833 prelato
962 2736 1144 2834 magistro
1173 2735 1385 2811 Raimundo
1421 2736 1469 2810 de
1498 2735 1640 2824 Crosis‚
1671 2737 1737 2834 qui

130 2879 133 2895 ¹
235 2861 381 2937 officiali
407 2885 551 2936 necnon
579 2860 770 2959 magistris
799 2858 1002 2934 Guillelmo
1028 2875 1068 2934 et
1095 2859 1285 2935 Aimerico
1307 2861 1485 2959 predictis
1502 2859 1675 2950 exclusis,
1696 2879 1736 2935 et

234 2987 415 3086 magistro
445 2984 640 3060 Bemardo
659 2984 862 3070 satisfacto,
885 2999 926 3058 ut
945 2983 1158 3081 predicitur,
1179 2985 1228 3059 de
1247 2987 1450 3081 prebenda,
1472 2987 1508 3060 in
1526 2988 1731 3083 prebenda,

235 3113 344 3209 siqua
371 3111 613 3208 postmodum
642 3111 679 3184 in
697 3110 831 3184 eadem
851 3109 1009 3185 ecclesia
1029 3109 1266 3186 Narbonensi
1283 3109 1441 3197 vacavit,
1462 3109 1522 3185 vel
1541 3109 1589 3186 de
1607 3128 1734 3186 cetero

235 3253 425 3323 vacatura,
454 3259 529 3310 non
557 3251 634 3308 tam
662 3236 788 3331 potior
815 3259 929 3330 quam
957 3233 1061 3310 solus
1089 3235 1285 3320 invenitur,
1316 3259 1426 3309 suum
1453 3235 1577 3310 locum
1596 3237 1671 3333 qui,
1694 3252 1735 3310 ut

234 3389 283 3436 ex
309 3359 503 3458 premissis
529 3375 700 3456 apparet,
731 3360 779 3432 de
807 3359 886 3434 iure
913 3360 984 3434 sibi
1011 3359 1192 3458 competit
1218 3375 1468 3447 reservantes,
1490 3361 1732 3457 prebendam,

234 3487 344 3583 siqua
369 3501 480 3560 vacat
506 3486 543 3558 in
571 3483 671 3558 dicta
699 3483 938 3558 Narbonensi
964 3484 1131 3572 ecclesia,
1163 3485 1292 3560 deberi
1322 3483 1558 3560 declaramus
1592 3485 1732 3572 eidem;

232 3610 397 3707 alioquin
425 3609 547 3707 primo
574 3623 790 3683 vacaturam
818 3608 1010 3684 donationi
1036 3609 1246 3706 apostolice
1274 3633 1522 3697 reservamus,
1553 3610 1622 3686 sibi
1650 3635 1734 3684 cum

233 3733 423 3810 vacaverit
450 3732 724 3808 conserendam.
755 3733 936 3810 Ceterum
964 3759 1048 3807 cum
1076 3735 1273 3809 memorati
1300 3733 1466 3810 officialis
1491 3760 1536 3810 ac
1563 3735 1734 3834 magistri

234 3855 457 3935 Guillelmus
486 3875 525 3933 et
552 3857 762 3932 Aimericus
789 3880 865 3932 non
893 3859 1016 3932 solum
1043 3858 1079 3932 in
1107 3858 1300 3954 prebenda
1328 3859 1375 3932 de
1404 3882 1480 3954 qua
1507 3874 1568 3934 est
1595 3875 1731 3947 actum,

234 3985 303 4060 sed
330 3984 444 4058 etiam
471 3984 507 4057 in
535 3983 754 4059 canonicatu
784 3983 954 4079 sepefate
982 3983 1238 4059 Narbonensis
1265 3983 1422 4058 ecclesie
1452 4008 1522 4081 per
1549 3984 1734 4080 premissa

232 4109 485 4184 invenirentur
504 4107 642 4183 nullum
663 4108 812 4205 penitus
830 4108 887 4182 ius
907 4107 1060 4196 habere,
1080 4108 1180 4182 idem
1198 4107 1373 4183 dominus
1391 4124 1522 4183 noster
1542 4105 1731 4196 Clemens,

232 4233 477 4308 consideratis
509 4232 677 4328 ipsorum
714 4231 866 4315 meritis,
896 4230 1029 4308 volens
1065 4230 1268 4307 clementer
1304 4257 1419 4331 agere
1454 4259 1540 4306 cum
1577 4232 1731 4318 eisdem,

233 4357 425 4431 mandavit
452 4355 559 4431 nobis
587 4372 628 4430 ut
647 4356 804 4454 singulis
822 4356 1042 4431 eorumdem
1062 4355 1267 4431 secundum
1286 4356 1560 4454 infrascriptum
1579 4358 1733 4432 modum

232 4499 272 4556 et
298 4481 478 4568 ordinem,
510 4481 590 4554 sine
610 4483 832 4577 cuiusquam
861 4497 989 4556 tamen
1016 4481 1156 4568 iniuria,
1187 4483 1470 4578 provideremus
1498 4481 1534 4555 in
1564 4483 1735 4578 sepefata

232 4606 390 4681 ecclesia
426 4604 675 4680 Narbonensi.
712 4605 792 4680 Nos
829 4605 956 4704 itaque
994 4607 1177 4704 magistro
1210 4606 1400 4682 Aimerico
1432 4608 1565 4704 primo,
1605 4608 1734 4682 subse·
1831 4591 1835 4596 ⁵

238 4743 394 4812 uenter
434 4728 580 4804 officiali
617 4729 796 4826 predicto,
837 4731 948 4805 tertio
983 4755 1075 4805 vero
1111 4730 1258 4827 prelato
1299 4731 1481 4830 magistro
1518 4729 1730 4816 Guillelmo‚

232 4883 281 4932 au
313 4855 455 4928 ritate
483 4855 690 4950 apostolica
718 4856 825 4930 nobis
853 4856 891 4930 iu
918 4857 987 4930 hac
1014 4873 1123 4953 parte
1141 4856 1352 4943 commissa,
1372 4856 1630 4930 canonicatum
1650 4883 1733 4932 con-

231 4981 384 5056 serimus
421 5013 432 5046 =
458 4979 580 5054 edicte
607 4979 765 5054 ecclesie
795 4979 1063 5068 Narbonensis,
1082 4997 1122 5054 et
1147 5006 1218 5056 vos
1236 4982 1458 5081 magistrum
1479 4981 1732 5056 Raimundum

232 5103 403 5195 Paucelli,
424 5086 707 5203 procuratorem
726 5104 817 5178 dicti
835 5106 1004 5203 magistri
1022 5105 1211 5192 Aimerici,
1231 5131 1276 5180 ac
1294 5105 1488 5181 officialem
1508 5105 1730 5203 predictum,

232 5245 273 5305 et
304 5228 475 5306 Pontium
510 5235 559 5311 de
594 5225 788 5316 Rotunda,
817 5246 1099 5326 procuratorem
1132 5229 1290 5329 predicti
1324 5231 1493 5328 magistri
1529 5229 1729 5318 Guillelmi,

227 5379 360 5426 ,vm-e
393 5357 553 5446 contine,
583 5354 875 5434 debuiusmodi
902 5355 1118 5431 canonicatu
1147 5381 1216 5454 per
1243 5371 1413 5432 nostrum
1449 5353 1600 5453 pilleum
1628 5357 1733 5431 inve·
1848 5377 1849 5416 i

664 5594 673 5661 l
