3684 5920
263 267 322 326 688
898 269 1036 328 Soecuto
1054 269 1137 329 XIX

261 463 295 532 si
323 460 345 534 ἐ
372 462 662 558 benignamente
690 462 856 558 degnata
874 463 911 534 di
930 464 1135 538 destinarvi
1164 465 1389 564 Monsignor
1416 468 1613 542 Salvatore
1641 470 1750 544 Nobili

265 585 492 660 Vitelleschi.
514 586 564 661 Se
584 613 631 660 ne
660 589 776 661 rende
805 589 1054 684 consapevole
1075 589 1200 666 Mons.
1221 591 1473 666 Pro-Decano
1492 593 1591 667 della
1609 594 1646 670 S.
1663 596 1750 668 Rota

264 736 332 807 per
360 735 429 783 sua
457 711 692 809 intelligenza
720 738 741 786 e
771 738 912 788 norma.

1332 841 1380 916 G.
1414 842 1528 919 Card.
1559 845 1750 922 Antonelli.
1819 867 1820 952 t

262 961 488 1058 Monsignor
517 961 775 1036 Pro—Decano

460 1085 559 1158 della
588 1085 625 1158 S.
658 1087 768 1160 Rota.

970 1333 1060 1414 577.

260 1477 428 1550 Adintor
455 1504 479 1549 a
508 1475 650 1551 Studiis
684 1477 908 1552 Franciscns
945 1479 1108 1554 Leonori
1140 1481 1180 1553 in
1214 1430 1368 1554 eadeiem
1406 1481 1604 1555 tribunalis
1640 1483 1753 1580 appel·
1819 1461 1820 1530 ἓ

340 1602 489 1675 lationis
517 1601 706 1676 Bononiae
733 1605 887 1700 elegitur
913 1647 940 1660 -
967 1603 1191 1678 Froncescas
1219 1605 1442 1690 pantanelli,
1466 1607 1633 1680 Secretns
1653 1619 1751 1706 penes
1819 1619 1820 1682 ἶ

341 1727 530 1812 Antenori,
561 1729 791 1817 Aieditorem,
822 1731 861 1804 in
888 1729 1041 1804 indicem
1068 1731 1266 1804 tribunalis
1294 1729 1501 1806 Beneventi.

344 1866 457 1934 (Ancn.
478 1865 565 1937 Ros.
589 1890 601 1916 «
621 1865 721 1924 Liber
738 1867 773 1924 S.
791 1867 907 1937 Rotae,
925 1885 958 1927 n.
979 1867 1001 1926 4
1021 1875 1131 1942 »pag
1150 1867 1333 1941 503-504).

768 2031 838 2103 Die
870 2053 916 2123 23
947 2031 1113 2128 Augusti
1149 2035 1257 2126 1852.

548 2171 630 2244 Hac
659 2171 718 2244 die
747 2173 887 2270 duplex
915 2171 1042 2268 accepi
1071 2172 1307 2269 Epistolium,
1340 2199 1492 2271 nempe:

259 2333 459 2406 Ministero
488 2333 524 2404 di
554 2333 688 2406 Grazia
717 2359 738 2405 e
767 2331 961 2408 Giustizia.

479 2458 590 2532 Num.
623 2461 765 2548 61892.

343 2600 397 2672 La
427 2599 573 2673 Santita
600 2599 637 2672 di
667 2600 811 2673 Nostro
840 2599 1000 2696 Signore
1030 2597 1127 2674 nella
1156 2599 1324 2673 Udienza
1352 2601 1413 2674 del
1446 2625 1493 2692 24
1530 2618 1704 2676 corrente
1727 2599 1750 2672 si

258 2723 282 2797 ὲ
302 2725 591 2822 benignamente
612 2727 776 2823 degnata
795 2726 833 2798 di
852 2727 1044 2800 nominare
1064 2725 1222 2800 Giudice
1240 2725 1301 2798 del
1321 2726 1522 2801 Tribunale
1542 2728 1581 2800 di
1600 2727 1753 2824 Appello

258 2850 418 2922 sedente
446 2850 482 2921 in
517 2849 699 2949 Bologna,
731 2849 956 2923 l'Avvocato
989 2850 1200 2923 Francesco
1219 2851 1383 2923 Leonori
1411 2851 1554 2925 attuale
1581 2853 1753 2924 Aiutante

262 2975 299 3047 di
329 2972 462 3047 Studio
491 2999 625 3070 presso
654 2975 778 3050 Mons.
810 2975 919 3073 Luigi
949 2975 1080 3048 Bonini
1111 2975 1270 3048 Uditore
1303 2976 1401 3050 della
1437 2975 1555 3050 Sacra
1582 2977 1695 3049 Rota.

341 3098 367 3171 ll
398 3101 632 3174 sottoscritto
660 3100 831 3173 ministro
859 3100 897 3172 di
926 3100 1061 3174 Grazia
1089 3127 1111 3172 e
1139 3100 1321 3174 Giustizia
1340 3102 1371 3173 si
1400 3125 1486 3174 reca
1505 3102 1540 3174 in
1570 3103 1701 3200 pregio
1718 3100 1750 3170 di

259 3224 494 3322 partecipare
521 3224 804 3300 all'Eccellenza
832 3223 974 3300 Vostra
1003 3227 1101 3299 Rma
1128 3241 1265 3321 questa
1297 3251 1459 3300 suvrana
1495 3226 1746 3324 disposizione.

340 3456 472 3530 Altero
500 3481 593 3530 vero
623 3457 808 3553 Epistolio
836 3459 950 3536 (num.
983 3455 1131 3560 61850)
1152 3445 1283 3531 iisdem
1313 3459 1436 3532 verbis
1456 3475 1642 3554 concepto
1669 3481 1753 3530 nun-

257 3581 395 3653 ciatum
424 3596 493 3665 est,
534 3579 774 3654 Franciscum
813 3579 1034 3666 Pantanetti,
1066 3605 1089 3653 a
1117 3581 1282 3654 Secretis
1325 3583 1371 3655 R.
1414 3582 1453 3656 P.
1494 3583 1651 3656 Domini
1691 3579 1753 3654 mei

259 3707 444 3791 Antinori,
475 3705 524 3778 ad
552 3706 610 3778 ius
638 3705 673 3778 in
703 3705 971 3780 Beneventano
1000 3705 1191 3780 Tribunali
1221 3707 1417 3780 dicendum
1447 3708 1604 3781 missum
1635 3709 1744 3782 fuisse.
1819 3717 1820 3782 i

965 3987 1056 4066 578.

259 4129 532 4227 Hispaniarum
561 4129 709 4225 Regina
736 4130 791 4202 ad
811 4131 1092 4204 nominationem
1120 4131 1272 4228 hispani
1295 4131 1494 4204 Auditores
1519 4143 1596 4230 pro
1629 4155 1755 4205 corono
1819 4171 1820 4214 i

340 4251 515 4325 Castellae
534 4253 734 4348 procedere
760 4256 928 4351 capiente,
960 4254 1071 4352 Papa
1098 4255 1199 4352 Rpe.
1228 4255 1290 4327 De
1319 4257 1464 4351 Magno
1499 4281 1525 4327 o
1556 4257 1631 4330 loco
1658 4280 1754 4354 quem

337 4375 514 4451 obtz'nebat
539 4379 724 4474 transfert
748 4379 804 4451 ad
825 4378 953 4453 aliurn.

339 4517 455 4588 (Ancn.
475 4515 561 4586 Rom,
585 4513 711 4574 «Liber
730 4515 955 4590 iuramenti»,
971 4525 1049 4590 pag.
1067 4517 1135 4589 32).

781 4679 853 4753 Die
884 4705 933 4772 24
964 4681 1088 4753 Martii
1124 4684 1233 4774 1853.

336 4817 432 4892 Cum
464 4819 732 4914 Hispaniarum
762 4820 909 4918 Regina
937 4823 985 4894 ad
1014 4821 1356 4918 praesentationem
1376 4819 1581 4917 procedere
1608 4835 1758 4915 exopta·

252 4963 312 5018 ret
330 4943 525 5018 Auditoris
545 4940 582 5018 S.
606 4943 729 5018 Rotae
749 4969 817 5040 pro
839 4947 974 5044 Regno
997 4948 1196 5033 Castellae,
1218 4946 1302 5020 hinc
1324 4947 1368 5018 R.
1391 4947 1428 5021 P.
1452 4946 1499 5021 D.
1522 4945 1582 5019 De
1603 4946 1753 5042 Magno.

252 5069 354 5144 iuxta
381 5095 426 5142 ea
456 5093 552 5164 quae
581 5069 616 5141 in
653 5069 734 5142 eius
772 5071 1026 5146 nominatione
1066 5096 1089 5143 a
1129 5073 1241 5146 Ssmo
1283 5071 1560 5168 praedisposita
1599 5071 1753 5151 fuerant,
1819 5075 1820 5130 t

251 5196 381 5269 sedern
410 5193 607 5289 dereliquit
643 5194 692 5267 ab
721 5195 766 5269 R.
798 5195 835 5271 P.
869 5195 915 5270 D.
956 5196 1217 5292 Rivadeneyra
1252 5196 1339 5270 olim
1376 5209 1596 5290 occupatam
1632 5208 1672 5266 et
1709 5193 1754 5265 ad

249 5320 359 5395 aliam
390 5320 531 5406 sedem,
562 5343 637 5391 non
665 5321 700 5391 in
729 5319 766 5390 id
794 5320 971 5415 expedito
1005 5321 1279 5417 MotupropriO.
1312 5320 1516 5394 translatus
1543 5334 1614 5404 est,
1643 5343 1753 5413 quam
