3686 5916
703 347 881 410 Benedz'cto
898 349 986 411 XIV
1540 353 1592 412 541

97 566 168 616 suo
197 543 310 639 pieno
338 541 477 629 effetto,
508 545 740 630 esecuzione,
771 569 793 618 e
821 543 960 642 vigore·
981 542 1075 618 colla
1105 559 1234 618 nostra
1270 542 1449 641 semplice
1477 561 1598 618 sotto-

97 667 285 750 scrizione,
315 666 499 741 ancorche
536 692 611 742 non
646 669 680 740 vi
721 669 826 742 sieno
863 669 951 742 stati
988 668 1174 754 chiamati‚
1203 669 1306 742 citati
1333 692 1380 741 ne
1413 668 1538 743 sentiti
1576 670 1598 743 il

97 789 300 867 Tribunale
328 791 425 866 della
454 810 584 867 nostra
613 792 751 876 Ruota,
769 793 793 866 il
822 792 1093 867 Commissario
1112 791 1212 867 della
1242 791 1415 880 Camera,
1445 793 1456 865 i
1484 793 1598 868 Notai
1725 815 1734 838 ·

96 915 285 1004 nominati,
317 917 553 1013 e'chiunque
579 918 676 991 altro
706 916 972 991 direttamente
999 919 1034 990 vi
1062 943 1198 992 avesse
1231 941 1254 992 0
1286 919 1534 1015 pretendesse
1561 918 1598 991 di

95 1042 224 1114 avervi
252 1043 434 1116 interesse
461 1066 536 1116 non
573 1041 714 1116 ostanti
743 1040 777 1115 la
806 1042 937 1140 regola
965 1039 1063 1117 della
1101 1040 1243 1116 Nostra
1282 1041 1513 1118 Cancellaria
1549 1043 1597 1118 de

94 1165 173 1239 iure
203 1167 370 1242 tollendo
397 1193 419 1241 e
447 1165 547 1263 quali
576 1169 607 1240 si
635 1168 741 1241 sieno
761 1164 1019 1252 Costituzioni,
1039 1185 1079 1241 et
1102 1167 1329 1242 ordinarioni
1349 1167 1596 1265 Apostoliche

97 1307 236 1376 nostre,
267 1318 287 1366 e
316 1293 364 1368 de
393 1293 510 1366 nostri
540 1292 811 1379 Predecessori,
829 1292 943 1391 leggi,
965 1294 1107 1380 statuti,
1129 1293 1310 1380 Risorme,
1330 1293 1398 1379 usi,
1420 1293 1493 1366 stili
1512 1319 1597 1368 con·

94 1415 294 1504 suetudini,
324 1418 372 1491 ed
400 1418 490 1516 ogni
516 1417 611 1492 altra
639 1442 737 1502 cosa,
768 1417 837 1490 che
866 1417 1019 1512 facesse,
1041 1443 1063 1492 e
1082 1433 1237 1514 potesse
1256 1419 1334 1491 sare
1352 1419 1388 1490 in
1408 1421 1594 1493 contrario

94 1540 165 1614 alle
194 1540 295 1640 quali
324 1556 431 1629 tutte,
463 1569 484 1616 e
511 1541 667 1641 singole,
685 1543 884 1616 avendone
913 1541 936 1614 il
964 1541 1045 1616 loro
1075 1557 1205 1617 tenore
1235 1543 1298 1639 qui
1318 1569 1386 1640 per
1403 1569 1592 1640 espresso,

95 1693 115 1739 e
144 1666 182 1739 di
210 1667 340 1762 parola
367 1666 405 1741 in
426 1667 554 1764 parola
583 1669 736 1755 inserto,
767 1692 835 1764 per
864 1681 999 1764 questa
1018 1664 1119 1740 volta
1139 1665 1231 1752 sola,
1254 1667 1301 1740 ed
1321 1666 1524 1754 ali'efietto‚
1546 1668 1594 1742 ed

93 1791 211 1866 effetti
239 1789 417 1876 suddetti,
448 1793 698 1890 pienamente‚
728 1791 778 1868 ed
805 1809 1110 1888 espressamente
1133 1791 1391 1891 deroghiamo

176 1915 280 1990 Dato
294 1916 356 1991 dal
375 1915 514 1992 Nostro
530 1916 682 1992 Palazzo
696 1917 921 2016 Apostolico
935 1913 1129 2008 Quirinale
1147 1933 1284 2014 questo
1303 1916 1340 1990 di
1362 1939 1405 2009 31
1432 1915 1594 1993 Decem-

94 2041 161 2115 bre
196 2065 310 2135 1749.

830 2233 851 2278 tit

809 2292 872 2340 Η·

1292 2393 1371 2466 1750,
1390 2393 1591 2454 131111111ίί30.

605 2506 832 2582 Benedictus
861 2503 964 2602 Papa
992 2503 1082 2579 XlV

171 2669 316 2743 Vostra
345 2616 490 2743 Santita
519 2667 706 2742 stabilisce
733 2666 789 2741 ira
816 2665 841 2739 li
868 2682 1021 2764 quattro
1051 2665 1164 2742 Notai
1192 2665 1291 2742 delia
1318 2666 1432 2742 Sacra
1466 2668 1592 2743 Ruota

93 2793 255 2878 Unione,
286 2818 308 2867 e
338 2793 469 2868 Massa
505 2815 663 2868 comune
698 2790 1061 2891 degl’Emoiumenti
1095 2791 1144 2867 de
1180 2789 1262 2867 loro
1291 2790 1400 2866 Offizi
1433 2793 1468 2866 in
1505 2818 1593 2891 per·

91 2935 222 3014 petuo,
252 2919 352 2992 eda
381 2915 590 2992 tall’effetto
618 2915 797 2992 ordinava
826 2915 951 2992 Mons.
982 2915 1182 2990 Tesoriere
1210 2915 1399 2992 Generale
1419 2918 1455 2992 di
1474 2916 1592 2993 obbli-

90 3043 185 3143 garli
212 3042 288 3117 3113
316 3042 493 3117 suddetta
523 3040 644 3116 Cassa
677 3063 835 3115 comune
872 3039 929 3114 sui
968 3038 1122 3114 metodo
1150 3039 1198 3114 da
1225 3039 1308 3116 loro
1344 3043 1592 3138 precedente·

91 3185 220 3244 mente
246 3182 381 3242 tenuto
408 3165 598 3242 dall’anno
631 3189 727 3262 ¹732
759 3164 794 3240 al
828 3169 926 3259 1738
956 3189 978 3239 e
1005 3163 1041 3238 in
1069 3165 1166 3239 altra
1193 3165 1303 3264 guisa
1339 3169 1390 3240 da
1416 3168 1592 3243 stabilirsi

91 3293 150 3368 dal
179 3293 336 3368 sudetto
365 3293 528 3391 Monsig.
567 3291 777 3378 Tesoriere,
813 3287 849 3364 al
885 3289 996 3386 quale
1033 3288 1198 3365 concede
1237 3305 1333 3366 tutte
1370 3290 1404 3368 le
1441 3291 1588 3380 1300113,

90 3417 208 3493 anche
238 3418 275 3491 di
303 3418 486 3514 deputare
523 3440 687 3514 persona
722 3416 858 3491 idonea
889 3439 912 3488 a
949 3413 1114 3488 ricevere
1149 3411 1174 3487 ii
1201 3414 1355 3503 denam,
1394 3441 1416 3490 e
1452 3416 1529 3492 sare
1565 3415 1590 3491 li

89 3531 221 3618 dovoti
249 3542 477 3641 pagamenti‚
507 3565 529 3614 e
557 3541 595 3614 di
621 3540 839 3639 pubblicare
867 3537 985 3624 editti,
1016 3537 1064 3612 ed
1092 3537 1212 3613 ordini
1230 3562 1300 3635 per
1318 3539 1341 3612 il
1360 3541 1460 3615 buon
1482 3566 1590 3639 rego·

89 3664 256 3741 lamento
283 3665 345 3740 dei
373 3665 540 3739 suddetti
568 3663 686 3750 Offizi.
716 3690 739 3740 e
766 3690 836 3762 per
863 3663 1020 3762 togliere
1049 3661 1153 3736 moiri
1181 3663 1299 3749 abusi,
1330 3663 1399 3738 che
1436 3665 1467 3739 si
1504 3689 1590 3762 pre-

88 3794 258 3868 tendono
286 3792 416 3866 insorti
445 3791 480 3863 in
508 3791 588 3866 loro
624 3789 856 3890 pregiudizio
892 3804 995 3863 sotto
1033 3813 1131 3887 pena
1165 3789 1202 3862 di
1241 3789 1370 3864 nuilita
1406 3789 1586 3879 (10113110,

89 3917 137 3992 ed
164 3917 261 3992 altre
287 3917 337 3990 ad
364 3915 531 4001 arbitrio,
561 3916 610 3990 ed
636 3915 765 3990 altresi
793 3914 829 3987 di
857 3913 1032 4012 eseguire
1060 3928 1160 3988 tutto
1189 3913 1298 4002 altro,
1319 3913 1387 3990 che
1406 3917 1466 3998 pel
1485 3915 1590 3991 effet-

89 4043 262 4117 tuazione
290 4039 326 4114 di
356 4056 499 4139 quanto
525 4041 609 4114 vien
637 4039 839 4137 prescritto
865 4037 965 4114 dalla
993 4037 1139 4114 Santita
1166 4039 1309 4114 Vostra
1341 4043 1426 4114 sara
1459 4065 1590 4116 neces-

89 4169 200 4256 sario,
230 4164 478 4263 approvando
515 4167 571 4241 sin
608 4163 788 4240 d’adesso
815 4178 959 4262 quanto
988 4163 1050 4238 dal
1083 4163 1181 4240 med.
1222 4163 1347 4240 Mons.
1388 4164 1588 4242 Tesoriere

89 4297 174 4368 sara
202 4293 296 4367 fatto
323 4292 371 4366 ed
399 4289 583 4391 eseguito,
614 4316 635 4364 e
664 4313 770 4365 come
798 4289 937 4388 meglio
966 4289 996 4363 si
1023 4289 1187 4386 esprime
1216 4286 1276 4364 nel
1308 4305 1487 4386 presente
1512 4290 1588 4365 chi-

89 4417 253 4516 rograio.

169 4541 351 4616 Praesens
380 4541 489 4638 copia
516 4555 686 4614 extracta
714 4539 781 4614 suit
808 4563 830 4612 e
858 4563 928 4614 suo
956 4541 1110 4636 proprio
1129 4539 1300 4638 originali
1326 4541 1361 4614 in
1380 4541 1474 4616 actis
1494 4541 1587 4643 rneis

87 4665 252 4740 exhibito
293 4667 353 4740 die
397 4689 446 4758 30
488 4665 645 4739 Ianuarii
693 4685 802 4759 1750,
842 4691 928 4738 cunr
969 4689 1046 4761 quo
1088 4663 1327 4740 collationata
1369 4665 1585 4754 concordat,

88 4790 193 4864 salvo
220 4806 290 4866 etc.
320 4793 354 4863 in
385 4789 495 4864 fidem
525 4789 585 4863 die
616 4812 665 4862 20
694 4789 850 4863 ianuarii
883 4811 995 4884 1751.

168 4913 223 4988 Ita
251 4934 310 4989 est
338 4914 381 4990 C.
414 4914 639 5010 Rodulphus
669 4915 713 4990 R.
745 4913 788 4988 C.
819 4916 867 4990 A.
897 4913 1133 4988 Secretarius

168 5039 394 5139 L'originale
413 5039 510 5114 della
532 5055 708 5135 presente
737 5039 885 5136 copiae
911 5055 1012 5113 stato
1040 5039 1175 5116 esibito
1199 5041 1235 5114 in
1263 5065 1375 5115 mano
1395 5042 1431 5114 di
1461 5040 1584 5118 Mons.

86 5163 190 5238 luno
219 5193 239 5240 e
269 5167 366 5241 Rriro
397 5166 552 5240 Decano
581 5165 679 5239 della
709 5165 830 5262 Sagra
859 5165 971 5240 Rota.
