3684 5920
751 367 816 428 Pio
842 367 889 428 VI
1514 368 1567 427 611

77 588 135 636 ma
163 561 353 635 dimission
381 587 404 634 a
431 587 478 637 m.
508 561 544 634 le
572 559 735 636 cardinal
773 559 974 633 secretaire
1012 527 1146 636 d'etat.⁴
1180 560 1234 634 Le
1272 562 1376 635 roia
1412 561 1570 660 designe

76 713 121 762 m.
152 685 274 760 l’abbe
302 687 351 760 de
380 685 558 782 Baranne
586 709 684 784 pour
712 708 773 759 me
801 683 1019 780 remplacer.

154 809 363 884 Permettez
390 835 464 908 que
488 811 527 908 je
555 833 651 886 vous
680 809 816 883 reitere
843 834 866 882 a
894 834 1000 893 vous,
1040 809 1317 908 monseigneur‚
1353 826 1391 883 et
1427 835 1450 885 a
1486 827 1571 885 tout

75 934 109 1008 le
142 907 321 1008 Tribunail
366 934 421 1008 les
456 957 679 1008 assurances
716 934 765 1007 de
801 933 1083 1008 l'attachement
1119 934 1261 1008 etemel
1292 916 1340 1008 de
1377 933 1412 1008 la
1439 959 1571 1009 recon-

77 1059 337 1134 noissance‘et
364 1059 414 1133 du
442 1060 605 1157 prosond
635 1074 785 1155 respect
811 1083 904 1132 avec
930 1057 1095 1154 lesquels
1124 1058 1191 1158 j'ai
1221 1057 1418 1133 l’honneur
1449 1059 1569 1134 d'etre

237 1183 509 1282 Monseigneur

914 1290 1035 1364 Votre
1062 1304 1139 1364 tres
1159 1289 1319 1366 'humble
1347 1306 1387 1364 et
1414 1307 1490 1364 tres

985 1415 1191 1490 Obeissant
1220 1415 1413 1490 Serviteur

1081 1589 1083 1594 -
1145 1541 1248 1617 Veri.

756 1752 847 1832 473.
937 1831 943 1842 ,

76 1895 225 1971 Donum
252 1898 513 1972 numismatum
540 1922 698 1996 quorum
732 1896 804 1970 duo
839 1896 982 1970 dantur
1007 1897 1116 1970 rtrum
1145 1896 1354 1970 Subdecono
1381 1941 1407 1951 -
1434 1895 1573 1970 dorcati-

151 2047 238 2096 vum
264 2045 335 2098 roo
360 2031 555 2107 scutorum,
586 2031 622 2095 rt
647 2044 719 2097 eoo
746 2046 838 2118 quae
866 2020 1017 2096 Decano
1050 2023 1197 2096 emem'to
1230 2021 1515 2096 distribuuntur.
1546 2065 1573 2078 -

153 2147 356 2222 Auditores
377 2173 408 2222 -a
440 2146 556 2220 Curio
583 2146 717 2220 abeunt
742 2145 786 2219 de
811 2145 956 2220 licentia
984 2145 1130 2220 Summi
1146 2145 1347 2239 Pontzficis.
1371 2189 1395 2200 -
1414 2146 1574 2220 Primus

155 2271 453 2370 Corresponsalis
480 2271 654 2345 Ponentis
681 2270 836 2344 absentis
862 2271 982 2364 refert
998 2281 1075 2368 pro
1102 2295 1141 2343 eo
1166 2270 1407 2346 memorialia.

150 2429 268 2502 (Auca.
288 2427 375 2502 Ron,
400 2427 589 2487 «Dumium
610 2425 786 2486 Camerata
798 2429 834 2498 »).

589 2592 751 2667 Veneris
780 2617 804 2684 4
832 2591 906 2665 iulii
940 2595 1051 2686 1783.

150 2735 344 2810 Absoluta
384 2760 582 2809 causarum
625 2735 870 2820 discussione,
901 2735 1033 2809 Petrus
1075 2735 1273 2810 Simonetti
1316 2735 1576 2812 Ratiocinator

74 2859 116 2932 R.
147 2859 190 2935 C.
228 2858 409 2954 Aplicae.
431 2857 535 2932 dedit
563 2859 713 2935 cuilibet
739 2885 787 2970 ex
815 2855 1119 2962 RR[everendis]
1149 2859 1386 2958 PP[atribus]
1420 2877 1575 2936 assueta

74 2987 301 3058 numismata
338 2999 415 3057 tam
449 3009 573 3071 aurea,
612 3009 724 3081 qnam
757 2999 951 3082 argentea,
986 3003 1026 3057 et
1062 2982 1123 3057 illa
1151 3007 1250 3080 quae
1288 2983 1391 3058 iuxta
1429 3009 1573 3059 morem

78 3107 265 3206 duplicata
292 3108 528 3204 pertinebant
555 3108 604 3182 ad
632 3110 743 3182 Rri‘rm
772 3109 810 3186 P.
843 3110 957 3182 Ratta
986 3107 1181 3182 Decanum
1210 3111 1415 3196 emeritum,
1438 3133 1508 3206 pro
1526 3135 1575 3184 eo

79 3237 218 3331 accepit
238 3235 285 3308 R.
304 3233 342 3307 P.
359 3232 603 3309 Rirninaldus.
624 3233 802 3307 Similiter
816 3233 1005 3307 Antonius
1020 3232 1159 3307 Fratini
1179 3235 1328 3308 nomine
1348 3234 1394 3310 R.
1411 3233 1449 3306 P.
1467 3233 1574 3308 Prae·

78 3357 160 3431 fecti
188 3359 274 3433 Sac.
307 3358 436 3432 Palatii
463 3339 599 3454 Aplici
628 3359 782 3432 tradidit
819 3373 860 3431 ut
894 3383 1009 3454 supra
1046 3357 1194 3432 cuilibet
1230 3385 1278 3432 ex
1315 3359 1399 3434 RR.
1431 3358 1500 3432 ΡΡ.
1538 3359 1574 3431 in

77 3483 232 3558 totidem
269 3483 488 3579 respectivis
526 3482 654 3556 Bursis
691 3501 839 3558 centum
878 3499 984 3556 scuta
1020 3483 1099 3556 auri
1137 3500 1177 3556 et
1213 3483 1433 3568 biscentum,
1471 3485 1575 3556 iuxta

76 3608 238 3696 solitum,
269 3634 339 3705 pro
368 3609 466 3681 Rriro
495 3609 535 3682 P.
571 3610 685 3682 Ratta
723 3607 879 3682 Decano
915 3609 1082 3693 emerito,
1120 3608 1177 3680 cui
1214 3607 1365 3704 quidem
1405 3633 1574 3681 summae

74 3736 235 3808 accrevit
250 3733 374 3830 portio
390 3757 487 3830 quae
504 3733 693 3832 tetigisset
709 3734 806 3806 ano
826 3732 863 3805 P.
882 3731 929 3807 D.
947 3729 1179 3816 Sentmanat‚
1198 3731 1392 3829 Episcopo
1411 3732 1572 3818 Abulen.

75 3874 113 3930 et
140 3857 215 3932 iam
245 3873 376 3932 nostro
405 3857 582 3956 collegae,
614 3858 659 3932 R.
692 3857 729 3932 P.
762 3855 985 3930 Mannellius
1013 3858 1192 3930 certiores
1225 3856 1310 3930 lecit
1339 3856 1422 3931 RR.
1445 3856 1576 3930 Patres

74 3981 122 4055 de
135 3983 219 4058 eius
239 3981 409 4056 discessu
432 3985 481 4056 ab
502 3981 605 4056 Urbe
625 3997 713 4079 post
733 3983 940 4080 proximam
960 3982 1121 4054 suturam
1143 3983 1280 4057 Rotam
1300 3980 1576 4056 Memorialium

74 4131 158 4181 cum
187 4107 339 4182 licentia
368 4107 512 4182 Summi
542 4107 730 4182 Pontificis
758 4126 796 4181 et
815 4107 862 4182 R.
884 4106 921 4182 P.
945 4107 1005 4180 De
1036 4107 1186 4202 Bayane
1214 4107 1294 4180 eius
1323 4105 1466 4202 primus
1494 4129 1578 4180 cor·
1638 4153 1640 4158 ι

74 4231 309 4328 responsalis
338 4232 475 4306 referet
502 4256 572 4328 pro
600 4258 647 4306 eo
676 4231 909 4307 Memorialia
936 4231 972 4304 in
999 4231 1098 4305 dicta
1116 4231 1287 4328 proxima
1311 4231 1434 4304 futura
1463 4231 1576 4306 Rota.

784 4457 874 4537 474.

74 4603 186 4677 Mors
217 4603 365 4677 Durani
388 4603 531 4677 emeriti
554 4645 581 4657 -
609 4602 841 4677 Subdeconus
867 4627 904 4675 se
931 4600 1037 4675 habet
1053 4612 1130 4700 pro
1156 4599 1308 4673 Decano
1339 4643 1365 4654 -
1392 4599 1575 4697 Exrquiis

153 4729 322 4826 defuncti
346 4729 543 4802 Auditoris
569 4739 604 4801 et
629 4729 817 4824 Magister
834 4726 947 4800 Sacri
962 4725 1109 4800 Palam·
1122 4725 1226 4798 adest
1251 4767 1277 4778 -
1304 4725 1434 4798 Novus
1456 4724 1574 4799 Deca-

154 4878 228 4928 mrs
255 4853 311 4926 od
327 4853 438 4951 pedes
472 4852 601 4950 Papae
633 4853 672 4938 it,
707 4852 807 4948 eique
841 4851 992 4924 numm
1025 4849 1157 4922 obitum
1193 4846 1340 4922 Decumi
1367 4851 1512 4924 emeriti
1543 4860 1578 4923 et

153 4977 382 5078 adeptionem
408 4977 522 5073 officii
544 4978 770 5052 Deconotus.

155 5133 277 5206 (Acar
294 5131 382 5206 Ron,
406 5131 594 5192 ‹Diarr'um
615 5130 838 5201 Camerata»)

155 5297 230 5370 Die
247 5296 402 5370 Sabathi
424 5302 468 5370 16
484 5297 636 5394 augusti
651 5293 686 5398 (1
699 5299 745 5390 78
752 5297 790 5394 3)
810 5295 903 5370 hora
928 5290 1015 5395 14¹l1
1036 5293 1127 5369 obiit
1145 5293 1239 5366 Rrirs
1260 5292 1297 5368 P.
1321 5293 1437 5366 Ratta
1456 5291 1576 5366 Deca-

73 5448 144 5497 nus
174 5421 368 5508 emeritus,
398 5421 461 5520 qui
479 5421 552 5494 iam
573 5422 633 5494 die
654 5443 697 5513 13
714 5419 823 5494 huius
842 5419 1056 5517 apopletico
1075 5420 1207 5492 morbo
1226 5434 1423 5515 correptus
1441 5417 1575 5496 luerat.
