3748 5914
788 293 950 356 LeoneX
1456 253 1458 257 ι
1562 293 1646 354 2552

113 491 177 566 vel
206 491 442 566 necessariae
468 491 663 566 absentiae
691 515 793 577 casu,
823 488 937 564 veluti
966 490 1016 565 ob
1043 489 1169 564 Rotae
1200 491 1392 588 negotium
1430 492 1489 567 vel
1526 492 1618 568 alias

112 614 306 714 legitimas
334 639 479 702 causas,
510 615 559 689 ab
592 615 824 689 auditoribus
856 615 1133 711 approbandas,
1173 614 1369 702 abfuerint,
1409 616 1469 690 vel
1505 617 1617 690 etiam

113 739 305 814 licentiam
348 763 371 812 a
411 740 521 814 nobis
565 739 639 814 sint
675 740 893 826 consecuti;
932 739 1067 836 quibus
1111 739 1283 837 casibus,
1315 740 1362 814 de
1406 741 1619 816 substitutis

112 863 262 940 idoneis
290 888 359 960 per
386 865 578 938 auditores
606 863 710 960 ipsos
741 863 998 938 examinandis
1034 879 1150 959 atque
1186 863 1452 960 adprobandis,
1492 865 1619 961 provi-

112 990 276 1078 deatur;

197 1113 240 1186 E
244 1117 257 1212 l
286 1113 372 1188 ideo
400 1115 626 1211 quicumque
655 1113 864 1188 notariatus
892 1112 1052 1187 officium
1089 1113 1137 1186 ad
1174 1137 1355 1209 praesens
1383 1138 1452 1210 per
1480 1115 1616 1189 substi-

112 1253 240 1312 tutum
268 1253 428 1323 exercet,
460 1237 529 1311 nisi
556 1237 652 1311 intra
681 1238 871 1312 trimestre
898 1262 969 1334 per
996 1260 1038 1310 se
1066 1261 1242 1312 exercere
1269 1237 1486 1334 incoeperit,
1514 1223 1620 1313 emo?

112 1363 293 1438 lumentis
320 1363 494 1438 omnibus
521 1362 746 1458 supradictis
765 1361 925 1436 fabricae
943 1361 1175 1458 applicandis
1194 1362 1380 1458 privetur;
1400 1376 1439 1436 et
1457 1363 1619 1450 auditor,

112 1513 244 1562 coram
281 1513 359 1584 quo
396 1486 534 1574 scribit,
572 1486 686 1562 alium
714 1488 795 1561 eius
823 1486 906 1561 loco
934 1485 1110 1562 idoneum
1148 1488 1332 1584 deputare
1369 1486 1504 1575 valeat,
1544 1513 1620 1562 non

113 1631 244 1688 tamen
271 1612 493 1688 attinentem
521 1638 631 1686 suum
657 1610 717 1686 vel
745 1611 973 1698 familiarem,
1004 1627 1046 1685 ut
1069 1637 1194 1708 supra,
1215 1612 1279 1708 qui
1298 1637 1368 1708 pro
1386 1613 1448 1687 illo
1467 1615 1616 1698 scribat,

113 1737 239 1814 donec
268 1735 328 1811 vel
356 1762 425 1834 per
453 1763 495 1812 se
523 1751 699 1811 exerceat
727 1736 786 1810 vel
814 1734 921 1809 alteri
949 1735 1107 1811 alienet:
1138 1750 1177 1811 et
1203 1736 1274 1811 hoc
1311 1762 1433 1835 usque
1464 1738 1513 1810 ad
1551 1759 1620 1810 sex

114 1885 281 1948 menses,
320 1861 457 1957 quibus
494 1860 718 1957 praeteritis,
755 1859 918 1933 officium
960 1859 1083 1956 ipsum
1127 1859 1274 1935 notario
1309 1859 1418 1936 alteri
1454 1860 1619 1936 vendere

115 1987 255 2070 valeat,
286 1987 350 2082 qui
376 1985 546 2060 doctrina
574 2003 614 2060 et
642 1985 807 2082 practica
834 1985 883 2058 sit
911 1984 1138 2058 sufficienter
1169 1985 1374 2082 praeditus.

197 2111 252 2210 F)
281 2112 431 2186 Possint
458 2126 583 2186 tamen
612 2109 754 2207 antiqui
773 2111 916 2196 notarii,
938 2109 1002 2206 qui
1021 2110 1136 2186 modo
1155 2111 1190 2184 in
1212 2110 1317 2186 Urbe
1336 2128 1434 2197 sunt,
1452 2127 1492 2186 et
1508 2127 1622 2210 aptos

9 2231 10 2274 ³
115 2255 157 2312 et
184 2237 418 2332 approbatos
446 2235 548 2310 dorni
577 2235 802 2310 substitutos
830 2233 980 2322 habent,
1011 2236 1193 2310 terminos
1221 2252 1260 2309 et
1288 2236 1460 2311 manuale
1497 2236 1621 2311 Rotae

116 2385 187 2457 per
219 2359 304 2434 illos
332 2359 441 2434 scribi
477 2376 518 2434 et
552 2359 752 2457 gubernari
780 2359 915 2447 facere,
945 2385 1029 2433 curn
1057 2360 1130 2456 ipsi
1156 2359 1308 2435 assidue
1336 2362 1514 2435 ministris
1542 2363 1622 2436 suis

115 2485 354 2572 assistentes,
384 2485 499 2559 etiam
527 2483 598 2558 hoc
625 2509 695 2581 per
722 2509 764 2558 se
792 2485 897 2583 ipsos
925 2483 1048 2560 facere
1075 2483 1193 2558 videri
1218 2485 1382 2562 valeant.

202 2608 254 2706 G)
283 2608 431 2684 Causas
449 2610 486 2682 in
507 2609 608 2684 Rota
626 2635 752 2685 coram
772 2635 843 2683 suo
861 2609 1015 2707 proprio
1034 2609 1205 2684 auditore
1224 2634 1439 2708 procurare,
1455 2611 1515 2685 vel
1535 2612 1624 2686 soli·

117 2735 236 2810 citare
267 2732 400 2808 notarii
418 2734 489 2830 ipsi
508 2733 761 2831 nonpossint,
781 2736 853 2809 sub
870 2758 994 2831 poena
1013 2735 1272 2832 suspensionis
1290 2735 1399 2810 officii
1417 2761 1486 2834 per
1505 2759 1619 2811 unum

117 2883 289 2934 mensem
315 2874 355 2932 et
382 2859 581 2933 duodecim
609 2858 832 2933 ducatorum
859 2858 982 2933 eidem
1010 2859 1171 2934 fabricae
1199 2859 1506 2955 applicandorum
1526 2885 1621 2957 quo-

118 2984 190 3057 ties
219 2985 533 3059 contravenerint.
1643 2973 1647 2980 ¹

204 3109 257 3204 H)
286 3107 410 3183 Nemo
438 3106 548 3182 simul
567 3108 664 3182 duos
684 3108 892 3183 notariatus
912 3109 972 3182 vel
991 3109 1104 3184 etiam
1123 3123 1269 3205 partem
1288 3110 1325 3182 in
1342 3109 1462 3184 altero
1482 3111 1622 3185 habere

116 3234 254 3318 valeat,
284 3249 323 3307 et
350 3233 382 3307 si
409 3235 494 3331 quis
522 3233 558 3306 in
585 3233 800 3330 praesentia
827 3233 911 3308 talis
940 3235 1135 3331 reperitur,
1156 3234 1226 3308 nisi
1244 3235 1340 3308 intra
1360 3253 1438 3308 tres
1457 3259 1618 3322 menese,

116 3359 229 3433 alteri
252 3357 481 3444 alienaverit,
502 3357 662 3443 auditor,
682 3381 809 3433 coram
829 3382 906 3455 quo
925 3358 1107 3444 scribitur,
1128 3357 1241 3431 alium
1260 3359 1341 3433 eius
1360 3359 1444 3434 loco
1463 3361 1623 3458 deputet

118 3484 264 3571 ordine,
296 3509 374 3580 quo
401 3483 583 3580 scripturn
611 3499 672 3558 est
699 3509 825 3582 supra.

161 3703 162 3708 Ἰ
201 3610 242 3708 Ι)
271 3609 311 3682 ln
339 3609 572 3684 confectione
598 3610 844 3708 registrorum
872 3627 912 3686 et
939 3612 1151 3707 copiarum
1181 3609 1282 3695 item,
1321 3609 1357 3682 in
1385 3611 1618 3700 remissoriis,

116 3733 390 3829 compulsoriiS,
411 3733 732 3822 executorialibus,
755 3735 854 3810 notis
875 3735 1143 3810 sententiarum
1162 3733 1446 3823 diffinitivamrn,
1470 3736 1620 3812 testium

117 3859 292 3933 examine
319 3873 359 3933 et
385 3858 609 3947 huiusmodi,
641 3859 740 3934 Rote
768 3861 1055 3936 constitutiones
1092 3876 1266 3934 accurate
1297 3861 1511 3949 observent,
1551 3863 1623 3937 sub

117 3983 254 4082 poenis
282 3985 319 4058 in
346 3984 491 4060 eisdem
519 3987 716 4074 contentis
747 4011 843 4082 quas
871 3987 1113 4074 innovamus;
1143 4011 1214 4083 pro
1241 3987 1341 4060 notis
1359 4011 1451 4062 vero
1470 3987 1623 4062 interlo-

117 4111 349 4184 cutoriarum
377 4109 464 4184 nihil
492 4111 694 4208 accipiant;
725 4112 828 4208 quod
856 4113 956 4187 idem
983 4111 1031 4186 de
1059 4111 1265 4186 moderatis
1301 4113 1549 4186 solutionibus
1586 4113 1621 4186 in

117 4235 239 4332 copiis
266 4248 306 4307 et
333 4235 586 4332 publicatione
613 4237 765 4311 testium
794 4253 979 4313 servetur.

202 4359 254 4458 L)
282 4359 453 4434 Testium
481 4386 572 4434 vero
600 4387 757 4436 examen
786 4388 855 4459 per
883 4363 1029 4458 seipsos
1048 4361 1261 4457 expediant,
1282 4361 1519 4435 mercedibus
1538 4387 1621 4436 con·

120 4485 215 4558 tenti
252 4485 458 4583 antiquitus
495 4483 575 4558 dari
608 4484 737 4572 solitis,
767 4487 940 4560 videlicet
967 4501 1130 4583 quatuor
1160 4484 1317 4559 carlenis
1348 4508 1419 4580 pro
1455 4483 1625 4582 quolibet

119 4623 232 4696 teste,
251 4609 313 4682 ubi
327 4608 432 4682 multi
451 4609 595 4684 articuli
610 4634 684 4685 non
698 4625 825 4697 erunt;
841 4635 927 4684 narn
942 4609 1316 4708 interrogatoriorum
1331 4610 1483 4706 quidem
1499 4636 1625 4686 nume·

120 4759 204 4805 rum
234 4732 398 4806 recusari
426 4732 611 4820 volumus,
640 4732 812 4808 videlicet
840 4751 882 4809 ut
910 4758 1032 4828 neque
1061 4734 1157 4808 ultra
1186 4734 1316 4832 viginti
1343 4733 1435 4806 fiant
1465 4734 1625 4808 interro-

119 4857 281 4954 gatoria,
313 4881 381 4929 nec
409 4859 576 4954 ipsorum
605 4856 757 4952 aliquod
786 4859 905 4933 lineas
932 4873 1010 4932 tres
1038 4859 1215 4946 excedat;
1254 4858 1317 4933 ubi
1353 4871 1480 4930 autem
1517 4859 1623 4933 multi

120 4979 267 5056 articuli
295 4979 393 5055 forte
421 4981 569 5067 fuerint,
600 4983 765 5080 quinque
793 4981 961 5070 carlenis,
992 4983 1106 5057 etad
1136 5007 1322 5056 summum
1360 5007 1435 5056 uno
1472 4985 1620 5068 ducato,

121 5131 193 5202 pro
221 5105 378 5204 egregia
405 5130 570 5202 persona
598 5107 854 5195 examinanda,
876 5107 1042 5182 contenti
1070 5108 1156 5183 sint.

203 5231 267 5327 M)
297 5229 450 5318 Bibalia,
480 5257 550 5327 pro
578 5231 741 5329 registro
768 5232 817 5305 ad
845 5231 1026 5306 auditoris
1055 5233 1208 5306 domum
1237 5231 1295 5306 vel
1324 5234 1360 5306 in
1397 5233 1535 5306 Rotam
1563 5231 1623 5306 vel

123 5379 365 5453 quocumque
394 5377 549 5429 necesse
577 5352 687 5428 fuerit
706 5355 905 5452 portando,
928 5353 1027 5429 nulla
1046 5355 1218 5454 exigant,
1239 5381 1317 5442 nec,
1339 5372 1490 5452 praeter
1508 5380 1622 5431 unum
