3720 5916
247 312 302 370 344
876 311 1012 371 Soeculo
1030 310 1132 370 XVII

247 527 288 584 et
314 511 350 583 in
378 511 495 586 forma
524 510 708 584 Camerae
736 524 888 584 nostrae
909 506 1137 605 praelatae,¹
1160 525 1325 582 montem
1345 505 1554 604 praelatum
1574 505 1748 602 illiusque

247 635 328 709 loca
355 651 395 709 et
421 635 614 731 portiones
641 633 842 707 additionis
870 632 1064 729 praefatae
1092 632 1301 728 respective
1328 633 1553 728 pensionum
1581 646 1620 704 et
1647 655 1750 704 emo·

245 760 498 834 iumentorum
526 785 570 834 ac
589 776 759 834 summae
777 759 919 832 eisdem
940 773 981 832 ut
1000 758 1210 854 praefertur
1229 757 1449 853 assignatae
1468 756 1576 830 nullis
1596 757 1750 830 omnino

247 885 534 969 reductionibus,
565 883 871 957 diminutionibus
898 899 939 957 et
965 882 1049 956 aliis
1077 883 1273 955 contrariis
1293 881 1613 979 dispositionibus,
1632 881 1749 953 etiam
1850 925 1851 932 κ

246 1026 446 1107 praetextu
488 1009 770 1083 enormissimae
810 1005 998 1093 laesionis,
1038 1009 1209 1105 urgentis
1238 1007 1485 1093 necessitatis
1526 1031 1592 1079 seu
1635 1006 1748 1078 etiam

249 1135 433 1208 evidentis
461 1134 629 1209 utilitatis
656 1148 722 1205 aut
749 1134 821 1206 alia
847 1155 1111 1228 quaecumque
1139 1155 1269 1218 causa,
1298 1131 1377 1204 sive
1410 1131 1447 1204 in
1485 1155 1630 1228 genere
1667 1131 1750 1202 sive

247 1260 284 1334 in
312 1261 439 1355 specie
466 1258 654 1343 iaciendis,
676 1257 839 1331 obnoxia
865 1280 964 1340 esse,
983 1259 1053 1330 sed
1072 1257 1191 1330 forma
1209 1272 1396 1352 perpetuo
1415 1271 1454 1329 et
1472 1254 1648 1328 inviolata
1667 1278 1750 1350 per·

249 1384 393 1469 sistere,
425 1408 493 1457 nec
520 1407 796 1480 quemcumque
824 1381 1018 1478 exipsius
1056 1380 1200 1454 Montis
1242 1380 1441 1476 descriptis
1474 1380 1750 1453 conditionibus

249 1524 315 1582 aut
341 1511 389 1582 ab
416 1509 471 1582 eis
498 1531 651 1582 causam
678 1522 719 1581 et
745 1507 803 1581 ius
830 1507 1044 1592 habentem,
1076 1506 1233 1604 integris
1262 1504 1441 1579 fructibus
1460 1519 1499 1580 et
1517 1505 1750 1578 emolumen-

249 1633 298 1706 tis
326 1634 505 1729 praeiatis
531 1656 771 1729 quocumque
800 1632 914 1705 modo
942 1631 1085 1704 turbari
1114 1629 1174 1704 vel
1192 1627 1401 1726 impediri.²
1437 1628 1628 1724 Dictaque
1656 1627 1749 1713 loca,

251 1783 318 1831 seu
335 1751 540 1854 'portiones
571 1779 644 1852 777
664 1756 713 1858 ¹7,
741 1755 828 1831 dicti
857 1756 1008 1841 Montis,
1040 1771 1082 1827 ut
1111 1779 1226 1852 supra
1254 1753 1382 1828 addita
1410 1770 1448 1827 et
1475 1754 1655 1837 instituta,
1681 1777 1751 1849 per

250 1882 286 1956 d.
315 1882 607 1957 Thesaurarium
635 1898 805 1956 nostrum
824 1880 1040 1979 generalem
1070 1905 1140 1976 pro
1168 1881 1300 1976 pretio,
1324 1905 1391 1952 seu
1419 1879 1562 1976 pretiis,
1597 1894 1750 1950 etcum

249 2008 370 2105 pactis
411 2024 451 2082 et
486 2008 607 2082 modis
642 2007 784 2082 eisdem
822 2007 919 2081 bene
945 2005 1035 2080 visis
1063 2004 1258 2104 resignari,
1289 2004 1440 2079 alienari
1478 2018 1519 2076 et
1556 2002 1751 2076 transferri

220 2189 222 2203 ,
250 2133 423 2208 volumus
450 2134 712 2229 praetiumque
731 2158 778 2205 ex
796 2145 962 2206 retractu
980 2131 1126 2206 illorum
1146 2132 1182 2205 in
1201 2128 1285 2204 loco
1304 2129 1425 2203 eidem
1446 2128 1614 2202 similiter
1640 2129 1750 2200 bene-
1850 2123 1851 2128 ’

250 2260 333 2334 viso
360 2259 498 2356 deponi
527 2255 787 2344 mandamus,³
808 2273 911 2330 etex
929 2258 1066 2332 eodem
1085 2257 1207 2353 pretio
1226 2254 1431 2330 eorundem
1451 2252 1618 2329 locorum
1640 2254 1751 2327 Mon-

250 2385 355 2472 tium,
376 2385 471 2459 sicut
489 2409 602 2479 supra
621 2382 847 2479 depositato,
874 2405 944 2478 pro
971 2382 1176 2456 eorundem
1207 2379 1447 2455 Notariorum
1475 2395 1515 2453 et
1542 2378 1748 2452 eorundem

250 2510 455 2584 haeredum
481 2508 606 2604 aliqua
633 2507 891 2582 sublevatione
920 2507 1166 2588 decernimus,
1188 2521 1230 2578 ut
1257 2506 1293 2578 in
1314 2505 1441 2601 primis
1460 2521 1499 2577 et
1518 2517 1605 2576 ante
1625 2505 1750 2577 omnia

250 2635 413 2729 persolvi
441 2634 604 2708 debeant
631 2633 739 2706 dictis
768 2632 934 2707 Notariis
963 2629 1091 2705 Palatii
1119 2630 1328 2726 Apostolici
1357 2647 1396 2703 et
1423 2628 1576 2725 procis
1603 2626 1747 2700 illorum

251 2759 418 2844 Decano,
450 2759 641 2832 Mensario
668 2772 708 2831 et
729 2757 992 2830 Visitatoribus
1011 2771 1117 2830 scuta
1138 2753 1305 2828 sexmille
1324 2771 1497 2828 monetae
1520 2753 1692 2827 iuliorum
1711 2751 1749 2823 X

252 2909 322 2980 pro
351 2900 458 2958 scuto
485 2907 600 2979 quem
638 2883 675 2955 in
711 2899 796 2955 actu
835 2879 1030 2956 solutionis
1066 2879 1279 2954 huiusmodi
1317 2879 1483 2952 investiri
1524 2878 1688 2951 debeant
1715 2879 1749 2949 in

251 3010 479 3106 emptionem
513 3023 571 3082 tot
595 3007 765 3080 locorum
807 3007 976 3080 eiusdem
1017 3004 1160 3080 Montis
1188 3005 1237 3076 ad
1265 3002 1432 3078 savorem
1474 3001 1561 3077 dicti
1591 3002 1749 3100 Collegii

251 3135 458 3207 eorundem
488 3133 729 3206 Notariorum
759 3131 886 3206 Palatii
914 3130 1138 3227 Apostolici,
1169 3154 1267 3224 quae
1298 3128 1332 3201 in
1362 3127 1491 3225 primis
1519 3127 1555 3198 in
1582 3127 1749 3201 favorem

252 3259 340 3332 dicti
368 3259 511 3330 Montis
540 3281 609 3353 pro
637 3257 736 3330 dicta
765 3272 857 3341 rata,
889 3270 931 3328 ut
959 3280 1073 3351 supra
1097 3268 1218 3340 aucta,
1239 3254 1401 3327 obnoxia
1419 3267 1460 3325 et
1477 3250 1647 3349 obligata
1665 3277 1750 3326 esse

252 3386 415 3456 debeant
441 3397 480 3456 et
508 3396 727 3456 remaneant
745 3381 794 3454 ad
823 3381 999 3455 maiorem
1019 3378 1204 3452 cautelam
1225 3393 1266 3451 ut
1293 3377 1329 3450 in
1349 3391 1524 3466 eventum
1554 3401 1629 3449 non
1650 3376 1750 3450 solu-

251 3507 363 3580 tionis
390 3507 511 3580 dictae
539 3531 685 3580 annuae
713 3505 987 3602 praestationis,
1012 3527 1081 3599 per
1099 3505 1254 3577 eosdem
1278 3501 1455 3576 Notarios
1474 3517 1516 3575 ut
1535 3525 1651 3596 supra
1671 3525 1750 3597 per·

253 3631 467 3718 solvendae,
492 3632 541 3704 ad
568 3632 702 3705 eadem
730 3632 812 3705 loca
841 3629 1025 3703 Montium
1056 3627 1108 3702 sic
1135 3627 1305 3714 emenda,
1327 3651 1477 3723 semper
1504 3625 1617 3700 Mons
1646 3649 1750 3722 prae-

251 3758 349 3831 latus
376 3773 415 3831 et
442 3755 538 3830 illius
567 3754 785 3830 Creditores
814 3754 1010 3852 prodicta
1038 3768 1121 3826 rata
1151 3777 1225 3826 non
1254 3753 1389 3840 soluta,
1419 3775 1569 3848 semper
1610 3751 1748 3826 habere

253 3884 401 3980 possint
413 3881 569 3956 liberum
590 3881 804 3980 ingressum
822 3895 863 3952 et
881 3902 1108 3975 regressum,
1131 3901 1252 3973 usque
1274 3879 1322 3951 ad
1343 3877 1635 3952 satisfactionem
1651 3902 1750 3950 sum-

253 4033 337 4080 mae
366 4007 515 4080 debitae
543 4023 582 4080 et
611 4032 685 4079 non
715 4006 873 4088 solutae,
895 4029 977 4076 curn
999 4003 1174 4076 clausulis
1194 4001 1417 4099 opportunis
1435 4019 1476 4075 et
1493 3999 1747 4075 nihilominus*

254 4132 410 4218 Notarii,
439 4133 475 4205 in
504 4129 690 4204 solutione
718 4129 910 4226 praedicta
937 4128 1164 4214 deficientes,
1189 4129 1239 4200 ad
1267 4127 1491 4201 solutionem
1519 4126 1749 4222 praedictam

253 4273 293 4331 et
321 4281 409 4331 casu
437 4255 549 4330 etiam
586 4258 634 4330 ab
670 4279 800 4330 eorum
838 4252 1013 4351 Collegio
1049 4253 1146 4351 cogi,
1185 4270 1224 4326 et
1262 4251 1433 4347 compelli
1470 4251 1628 4347 possint,
1667 4276 1748 4323 cum

253 4383 395 4458 eisdem
424 4379 662 4455 facultatibus
681 4379 782 4455 dicto
801 4381 921 4454 Monti
941 4378 1143 4465 concessis,
1164 4391 1204 4450 et
1221 4390 1409 4474 quatenus
1428 4375 1569 4450 fructus
1589 4369 1649 4449 vel
1669 4399 1750 4472 pro·

336 4590 342 4619 ¹
365 4587 497 4648 Additio
515 4587 634 4646 Montis
651 4584 744 4644 Pacis
762 4584 1002 4644 reductionibus
1020 4582 1135 4657 quovis
1154 4582 1215 4642 sub
1235 4588 1402 4656 praetextu
1421 4597 1486 4640 non
1505 4581 1546 4639 sit
1564 4580 1717 4640 subiecta.

332 4675 510 4736 'Facultas
521 4675 681 4736 vendendi
701 4673 911 4734 Additionem
929 4673 1004 4731 dicti
1023 4671 1142 4730 Montis
1160 4685 1315 4730 concessa
1334 4669 1553 4728 Thesaurario
1571 4685 1631 4743 pro
1650 4671 1751 4744 pretio

252 4775 284 4824 et
302 4766 456 4825 clausulis
472 4766 535 4824 sibi
554 4764 726 4834 benevisis‚
744 4769 776 4820 et
794 4763 927 4820 iacultas
945 4761 1136 4836 disponendi
1156 4760 1190 4819 in
1209 4761 1287 4830 loco,
1307 4758 1429 4833 pariter
1447 4758 1509 4816 sibi
1527 4758 1692 4818 beneviso.

333 4853 345 4890 ³
363 4854 512 4913 Facultas
529 4836 919 4912 concessa'Thesaurario
936 4866 976 4910 ex
994 4849 1099 4926 pretio
1116 4847 1302 4908 Additionis
1320 4846 1467 4906 solvendi
1486 4845 1636 4919 NotariiS,
1648 4855 1682 4905 et
1696 4863 1752 4922 pro

252 4944 300 5001 eis
319 4943 459 5016 Decano,
477 4942 640 5001 Mensario
658 4949 690 4999 et
707 4940 939 4998 Visitatoribus
957 4948 1035 4998 scut.
1054 4939 1128 4998 6000
1155 4946 1307 4996 monetae
1325 4935 1365 4994 ad
1385 4934 1534 4994 effectum
1558 4935 1751 4995 investiendi

252 5031 286 5090 in
305 5039 350 5090 tot
367 5033 446 5089 locis
463 5031 582 5089 montis
594 5030 636 5089 ad
654 5029 798 5088 savorem
811 5028 885 5087 dicti
898 5028 1035 5102 collegii
1045 5036 1077 5086 et
1089 5025 1295 5085 Notariorum
1313 5039 1372 5098 pro
1384 5023 1609 5082 sublevamine
1627 5040 1752 5084 eorum·

253 5121 329 5180 dem
347 5121 525 5179 haeredum
543 5128 575 5178 et
591 5121 717 5179 cautela
736 5117 812 5176 dicti
831 5117 950 5176 Montis
969 5133 1028 5191 pro
1046 5115 1214 5174 fructibus.

333 5211 345 5246 ⁴
361 5208 484 5269 Notarii
496 5208 682 5268 deficientes
700 5209 733 5268 in
752 5207 910 5266 solutione
928 5207 1001 5280 cogi
1020 5205 1143 5279 possint
1160 5220 1179 5261 a
1200 5203 1348 5278 Collegio
1364 5217 1440 5262 cum
1452 5202 1658 5261 facultatibus
1671 5204 1750 5261 eius·

253 5301 329 5360 dem
347 5299 465 5358 montis
482 5305 514 5356 et
531 5304 690 5372 quatenus
714 5297 837 5355 l'ructus
856 5296 909 5354 vel
928 5295 1109 5370 proprietas
1134 5295 1279 5352 locorum
1304 5293 1463 5352 montium
1486 5293 1529 5350 ob
1554 5305 1619 5350 non
1644 5292 1751 5350 datam

252 5389 444 5452 solutionem
463 5388 686 5447 diminuantur
704 5386 813 5444 statim
830 5400 870 5443 ex
893 5384 988 5443 dictis
1006 5382 1163 5442 fructibus
1180 5383 1284 5440 reemi
1304 5381 1483 5440 mandavit.
1577 5377 1579 5382 ’
