3720 5914
785 315 851 374 Pt'o
868 315 909 374 II
1576 316 1630 378 169

121 509 238 584 Stirie
258 529 330 586 etc.
351 511 448 586 Dux.
467 509 713 584 Venerabiles
732 535 776 583 ac
791 509 1028 584 honorabiles
1047 511 1174 585 devoti
1194 510 1328 585 dilecti.
1345 553 1371 566 -
1387 510 1628 608 Quamquam

123 760 266 835 viribus
286 776 328 834 ut
346 777 619 834 conserventur
635 777 675 834 et
697 760 912 836 execucioni
940 761 1167 834 mandentur
1193 760 1386 860 op[er]am
1415 762 1508 836 dare
1536 762 1630 836 sole-

125 911 222 966 mus,
245 885 329 959 illas
350 902 475 959 tamen
494 909 570 982 que
588 911 612 958 a
635 887 775 960 nostris
794 885 1130 982 predecessoribus
1159 885 1340 960 Romanis
1360 885 1565 960 Cesaribus
1584 911 1631 960 ex

125 1009 223 1084 sacri
252 1009 400 1106 Imperii
428 1011 537 1084 bonis
566 1023 653 1082 sunt
681 1009 790 1098 lacte,
819 1008 963 1095 maiori,
992 1026 1034 1083 ut
1061 1011 1244 1108 congruit,
1276 1009 1423 1085 fervore
1459 1010 1630 1107 cupimus

126 1135 163 1208 in
187 1135 266 1209 suis
286 1134 425 1208 viribus
444 1134 668 1208 conservari.
696 1134 792 1208 Cum
812 1149 939 1209 autem
959 1151 1113 1208 sanctus
1138 1133 1349 1220 Heinricus,
1376 1151 1630 1234 cognomento

129 1259 223 1355 pius,
246 1259 502 1333 Romanorum
524 1260 744 1355 Imperator,
759 1258 1010 1355 predecessor
1028 1275 1170 1346 noster,
1191 1258 1289 1334 inter
1306 1260 1400 1333 alias
1419 1261 1632 1334 innumeras

129 1386 177 1458 ad
220 1384 281 1481 pia
322 1384 405 1458 loca
437 1384 666 1458 donaciones
701 1384 815 1458 etiam
849 1383 1016 1458 Ecclesie
1050 1383 1259 1458 Gabionen.
1299 1409 1397 1458 nunc
1430 1383 1630 1472 Brixinen,

129 1510 227 1584 dicte
257 1507 435 1582 Castrum
457 1507 600 1582 Veldes
620 1533 703 1582 cum
725 1507 803 1582 suis
822 1509 962 1604 prediis
982 1523 1020 1582 et
1047 1508 1253 1582 attinentiis
1273 1507 1309 1580 in
1330 1507 1479 1584 Ducatu
1500 1525 1633 1583 nostro

129 1633 316 1720 Carniole,
338 1634 451 1706 situm
478 1657 525 1708 ea
552 1631 638 1730 lege
666 1633 821 1707 donavit
849 1651 891 1706 ut
919 1660 988 1730 pro
1017 1650 1188 1730 tempore
1214 1633 1428 1730 Episcopus
1454 1633 1631 1708 Castrum

127 1759 316 1856 prelatum
348 1782 433 1831 cum
471 1759 619 1833 duabus
654 1759 827 1854 partibus
863 1759 1051 1832 fructuum
1092 1773 1250 1844 teneret,
1290 1757 1514 1855 fratresque,
1551 1759 1630 1832 sive

128 1882 320 1968 Canonici‚
360 1882 447 1956 Deo
483 1896 523 1955 et
560 1897 691 1956 sancto
729 1859 952 1980 Ingenuino,
990 1900 1152 1980 patrono
1188 1883 1305 1978 ipsius
1348 1883 1516 1956 Ecclesie
1552 1907 1631 1956 ser-

126 2008 272 2082 vientes
300 2008 455 2080 terciam
484 2023 632 2104 partem
653 2006 797 2082 illorum
818 2009 1003 2082 fructuum
1023 2007 1272 2105 perciperent,
1294 2023 1334 2082 et
1353 2033 1424 2105 pro
1442 2033 1511 2082 sua
1531 2007 1633 2082 Con-

127 2133 361 2230 thozalisque
390 2156 457 2206 sue
487 2147 616 2206 sancte
647 2132 887 2230 Kunigundis
915 2157 959 2207 ac
992 2135 1275 2232 progenitorum
1304 2159 1457 2208 suorum
1491 2134 1633 2207 anima-

125 2259 197 2332 bus
216 2273 380 2342 orarent,
401 2256 498 2330 sicut
515 2257 550 2330 in
570 2254 678 2330 litera
697 2256 929 2332 fundacionis
952 2282 1077 2331 coram
1097 2274 1225 2332 vestra
1243 2256 1444 2332 devotione
1463 2257 1498 2330 in
1525 2257 1630 2340 actis,

49 2453 54 2464 ,
126 2398 168 2455 ut
195 2380 420 2475 accepimus,
443 2380 629 2477 producta
657 2380 802 2478 plenius
831 2382 1053 2457 continetur.
1075 2382 1274 2456 intervallo
1293 2397 1430 2478 postea
1450 2383 1633 2477 temporis

124 2521 168 2578 ut
186 2505 396 2580 fundatoris
415 2505 612 2580 intentioni
630 2505 830 2602 specialius
850 2505 1051 2580 satisfieret
1071 2507 1284 2604 Episcopus
1303 2506 1439 2582 ibidem
1459 2521 1499 2580 et
1518 2505 1632 2602 Capi-

125 2630 246 2705 tulum
276 2629 498 2726 Cappellam
527 2631 563 2702 in
591 2631 735 2704 honore
763 2631 874 2704 beate
902 2629 1056 2728 virginis
1083 2646 1296 2716 erexerunt,
1313 2646 1575 2728 statutumque
1593 2647 1633 2704 et

123 2755 341 2829 ordinatum
368 2755 556 2851 reperitur
582 2757 631 2829 ab
659 2755 802 2830 eisdem
822 2757 870 2830 de
891 2754 1075 2853 Cappeila
1102 2757 1185 2852 ipsa
1208 2781 1276 2852 per
1303 2779 1418 2828 unum
1447 2781 1496 2830 ex
1524 2757 1631 2830 dictis

123 2880 305 2954 iratribus
342 2879 422 2953 sive
458 2879 658 2954 Canonicis
688 2878 942 2976 Capitularem
982 2881 1168 2955 seniorem
1205 2895 1244 2954 et
1279 2895 1365 2955 actu
1403 2881 1631 2955 residentem

123 3005 323 3078 dumtaxat
350 3005 583 3100 gubernetur
610 3005 673 3101 qui
701 3020 741 3080 et
767 3005 910 3078 fructus
938 3006 1037 3080 dicte
1065 3007 1179 3079 tercie
1201 3006 1318 3102 partis
1337 3005 1457 3092 levet;
1478 3006 1580 3102 quod
1600 3007 1631 3079 si

123 3129 229 3226 apud
257 3154 325 3202 eos
353 3153 427 3204 non
465 3129 646 3204 resideret
683 3153 752 3202 nec
788 3129 1007 3216 deserviret,
1048 3145 1262 3204 statuerunt
1297 3131 1451 3205 eosdem
1489 3129 1631 3204 fructus

123 3256 175 3329 ad
204 3279 246 3328 se
275 3271 468 3350 tamquam
497 3254 762 3330 deservientes*
782 3273 823 3328 et
850 3255 1060 3330 residentes
1088 3281 1220 3330 rursus
1248 3255 1385 3330 reverti
1413 3281 1482 3352 pro
1502 3254 1632 3352 dispo-

123 3379 265 3452 sicione
292 3377 400 3474 primi
428 3377 622 3453 donatoris
650 3379 849 3476 implenda,
883 3403 958 3474 que
986 3379 1177 3454 ordinacio
1207 3379 1290 3465 iam,
1325 3395 1366 3452 ut
1402 3379 1628 3475 accepimus,

124 3503 252 3577 multis
280 3502 514 3600 temporibus
533 3491 791 3578 inviolabiliter
809 3519 870 3576 est
887 3506 1099 3590 observata,
1121 3505 1243 3578 donec
1260 3503 1413 3600 quidam
1434 3528 1630 3577 causarum

126 3629 253 3706 Rome
281 3644 505 3724 procurator
533 3628 689 3734 emersit
716 3653 837 3725 nuper
864 3629 928 3725 qui
956 3654 1042 3701 eum
1072 3627 1303 3703 Canonicum
1323 3629 1387 3725 qui
1416 3629 1519 3702 iuxta
1547 3653 1633 3725 pre-

124 3753 242 3826 missa
269 3751 368 3826 dicte
395 3752 577 3849 Cappelle
603 3753 773 3848 presidet
791 3769 831 3828 et
850 3751 1017 3828 Ecclesie
1036 3751 1283 3849 personaliter
1302 3753 1469 3827 deservit
1489 3778 1631 3826 memo-

124 3893 217 3960 rate,
240 3877 370 3976 vigore
396 3877 590 3952 cuiusdam
611 3877 832 3974 Apostolice
861 3879 1127 3953 reservationis
1155 3879 1233 3952 sive
1261 3879 1485 3973 provisionis
1504 3903 1630 3952 coram

125 4003 263 4078 vestris
292 4003 560 4078 devocionibus
590 4003 734 4076 nittitur
761 4005 914 4078 turbare
947 4018 987 4077 et
1020 4003 1238 4098 inquietare.
1271 4001 1352 4076 Nos
1389 3989 1516 4077 autem
1551 4002 1629 4099 qui,

123 4144 165 4202 ut
202 4125 399 4222 prefertur,
430 4150 663 4224 magnopere
692 4128 863 4224 cupimus
883 4128 1080 4202 memorati
1100 4128 1218 4202 nostri
1237 4127 1518 4224 predecessoris
1545 4151 1630 4201 san-

126 4252 175 4326 cti
203 4251 370 4326 Heinrici
398 4251 626 4325 donaciones
654 4277 731 4349 quo
759 4254 841 4326 eius
877 4253 1084 4349 patrocinio
1111 4253 1213 4348 apud
1241 4252 1488 4326 immortalem
1517 4252 1630 4324 deum

120 4376 243 4477 juvari
272 4401 483 4450 mereamur
510 4375 772 4452 inviolabiliter
796 4379 1021 4463 conservari,
1042 4402 1139 4474 quas
1167 4393 1303 4464 tamen,
1330 4377 1398 4451 nisi
1426 4390 1466 4448 et
1492 4401 1630 4450 memo·

125 4503 195 4576 rati
224 4499 388 4596 Capituli
418 4517 600 4574 statutum
629 4518 668 4575 et
696 4519 799 4576 certa
827 4502 894 4576 hec
922 4503 1113 4576 ordinacio
1141 4503 1365 4576 observetur
1392 4500 1520 4575 violari
1554 4501 1629 4574 ani·

124 4625 396 4700 madvertimus
424 4651 500 4723 quo
529 4627 650 4723 magis
677 4628 727 4701 ad
756 4652 824 4701 nos
852 4627 1041 4724 pertinere
1069 4629 1240 4702 videmus
1268 4643 1310 4700 ut
1345 4651 1392 4700 ex
1424 4625 1630 4722 imperialis

124 4750 286 4824 Camere
315 4751 424 4824 bonis
451 4749 587 4824 factam
615 4748 875 4825 fundacionem
895 4777 918 4825 a
937 4753 1076 4826 nostris
1094 4751 1428 4849 predecessoribus
1448 4751 1631 4824 Romanis

125 4874 330 4948 Cesaribus
357 4899 636 4962 conservemus,
668 4899 792 4971 neque
826 4877 1051 4950 arbitramur
1078 4875 1311 4951 Sanctissimi
1346 4875 1410 4949 dni
1448 4877 1503 4948 nri
1530 4899 1630 4970 pape

124 4999 358 5074 voluntatem
373 4998 500 5082 luisse,
519 5014 562 5074 ut
584 4999 702 5075 eciam
721 5000 837 5074 lacius
856 5000 1004 5074 adeius
1024 5002 1261 5075 sanctitatem
1281 4999 1508 5096 scripsimus,
1526 4999 1628 5094 quod

125 5149 194 5221 per
221 5147 499 5223 quamcumque
537 5125 837 5200 reservacionem
874 5140 913 5199 et
949 5126 1201 5221 provisionem
1230 5125 1451 5220 cuicumque
1480 5124 1627 5207 iactam,

124 5249 368 5329 fundaciones
396 5263 437 5323 et
463 5249 690 5324 donaciones
726 5275 775 5324 ex
809 5248 1013 5345 imperialis
1050 5247 1210 5323 Camere
1247 5247 1355 5323 bonis
1396 5273 1420 5322 a
1448 5245 1629 5320 Romanis

124 5373 422 5473 Imperatoribus
448 5373 577 5461 lactas,
607 5374 697 5450 velit
732 5372 872 5460 tollere,
908 5374 1115 5448 diminuere
1152 5389 1218 5447 aut
1253 5375 1416 5448 turbare.
1457 5370 1626 5466 Quapro-
