3686 5916
269 299 324 359 580
889 291 1026 351 Saeculo
1045 289 1163 350 xVJrr

346 489 476 584 ltaque
505 499 745 560 recensentes
774 484 1029 557 Romanorum
1068 482 1284 558 Pontificum
1318 483 1657 562 Praedecessorum
1691 490 1764 564 No

265 632 429 687 strorum
459 609 769 694 Constitutiones,
800 623 840 682 et
867 606 1161 703 praerogativas,
1183 632 1227 681 ac
1247 607 1439 708 privilegia
1457 613 1582 687 omnia
1601 615 1762 709 ipsorum

266 740 503 818 Auditorum,
533 759 630 830 quos
659 732 786 806 itidem
817 733 1133 805 Praedecessores
1164 731 1293 805 Nostri
1323 734 1576 832 Cappellanos
1603 756 1644 812 et
1671 741 1764 812 sarni·

266 863 388 945 liares,
418 887 461 934 ac
504 860 700 932 continuos
744 856 1038 938 Commensales,
1071 857 1237 952 Sedique
1272 859 1517 955 Apostolicae
1557 865 1763 939 immediate

269 989 457 1062 subiectos
494 985 744 1070 declararunt,
782 1001 821 1056 et
860 981 1100 1078 Apostolicos
1137 999 1311 1057 crearunt
1347 985 1627 1064 Subdiaconos:
1665 991 1762 1065 Motu

269 1112 420 1208 proprio
448 1127 487 1184 et
513 1135 561 1182 ex
592 1125 696 1183 certa
737 1107 900 1192 scientia,
930 1109 1054 1203 deque
1093 1108 1334 1202 Apostolicae
1370 1116 1570 1207 potestatis
1611 1117 1765 1215 plenitu-

269 1237 372 1321 dine;
417 1236 554 1310 nedum
590 1235 860 1331 praeinsertam
904 1231 1034 1306 Nostri
1077 1233 1206 1306 Motus
1249 1234 1377 1308 similis
1417 1238 1644 1315 Schedulam
1688 1271 1762 1320 cum

270 1363 443 1435 omnibus
470 1378 510 1435 et
537 1359 693 1458 singulis
720 1359 756 1431 in
784 1383 830 1430 ea
858 1357 1054 1444 contentis,
1085 1359 1154 1430 sed
1181 1377 1334 1433 cunctas
1362 1364 1474 1435 etiam
1514 1365 1763 1444 Romanorum

272 1486 490 1561 Pontificum
518 1486 852 1558 Praedecessorum
885 1482 1121 1566 Nostrorum,
1153 1483 1249 1558 circa
1266 1485 1364 1560 idem
1385 1489 1625 1564 Auditorium
1651 1497 1764 1570 editas

270 1612 569 1692 Constitutiones
596 1627 637 1683 et
655 1609 932 1704 dispositiones,
955 1607 1217 1702 praesentibus
1239 1609 1388 1684 Nostris
1407 1636 1482 1686 non
1509 1607 1761 1707 adtiersantes

270 1738 464 1836 Privilegia
491 1761 655 1834 quoque,
685 1735 837 1832 gratias,
869 1732 1167 1830 praerogativas
1198 1735 1459 1824 immunitates,
1497 1747 1761 1839 exemptiones,

268 1864 497 1960 largitiones,
542 1877 581 1934 et
621 1861 763 1934 indulta
803 1859 925 1933 eidem
968 1858 1178 1945 Auditorio,
1208 1859 1379 1956 illiusque
1417 1865 1668 1944 Auditoribus
1703 1897 1764 1966 pro

270 2006 440 2084 tempore
468 1988 725 2070 existentibus,
756 1988 805 2060 ab
842 1985 975 2058 iisdem'
1005 1984 1186 2058 Romanis
1228 1985 1464 2062 Pontificibus
1502 1992 1764 2070 Praedecesso·

270 2115 371 2188 ribus
401 2113 560 2195 Nostris,
582 2129 622 2185 et
651 2112 844 2208 signanter
868 2134 891 2183 a
911 2107 1055 2182 Calisto
1073 2109 1131 2196 ΙΙΙ,
1154 2108 1317 2184 Martino
1338 2111 1383 2198 V,
1403 2114 1494 2188 Iulio
1513 2117 1554 2200 ll,
1578 2118 1707 2195 Leone
1722 2123 1761 2206 X,

270 2239 466 2314 Clemente
487 2237 564 2324 Vll,
596 2238 710 2310 Paulo
730 2236 786 2320 ΙΙΙ,
818 2235 1037 2308 Alexandro
1059 2234 1135 2316 Vll,
1167 2235 1362 2310 Clemente
1378 2237 1415 2310 X
1434 2257 1473 2313 et
1493 2241 1692 2318 Clemente
1706 2247 1761 2330 Xl,

268 2391 313 2440 ac
342 2365 535 2462 praedicto
556 2361 771 2446 Benedicto,
792 2375 904 2456 prout
922 2358 1071 2432 fuerunt
1090 2360 1308 2456 iampridem
1328 2389 1517 2454 concessa,
1539 2385 1578 2442 et
1601 2371 1762 2470 elargita,

271 2490 477 2565 dummodo
494 2487 695 2585 privilegiis
710 2485 933 2571 huiusmodi,
953 2485 1012 2558 vel
1032 2509 1162 2558 eorum
1178 2486 1336 2568 cuilibet,
1359 2487 1540 2565 hactenus
1559 2494 1712 2582 directe,
1732 2515 1765 2569 et

268 2639 448 2710 expresse
463 2639 537 2688 non
553 2613 661 2686 luerit
676 2613 917 2709 derogatum;
934 2609 1161 2683 Litterarum
1172 2611 1475 2706 Apostolicarum
1487 2617 1763 2718 desuperexpe·

269 2744 429 2815 ditatum
449 2757 611 2822 tenores,
634 2765 677 2812 ac
696 2738 815 2822 datas,
838 2737 1003 2834 perinde,
1025 2761 1069 2810 ac
1089 2737 1119 2810 si
1139 2737 1187 2810 de
1206 2739 1321 2811 verbo
1340 2741 1565 2817 adverbum
1594 2771 1763 2843 praesen-

270 2866 369 2940 tibus
398 2865 658 2950 insererentur,
681 2861 943 2959 praesentibus
970 2885 1040 2957 pro
1067 2863 1258 2956 expressis
1285 2887 1329 2936 ac
1348 2865 1396 2938 de
1416 2868 1532 2940 verbo
1547 2871 1597 2942 ad
1616 2875 1760 2946 verbum

269 2991 419 3066 insertis
447 2990 643 3063 habentes:
675 2985 944 3082 Quascumque
972 2988 1111 3082 pariter
1138 2987 1254 3084 leges,
1287 3014 1388 3076 usus,
1417 2991 1547 3087 stylos,
1570 3015 1763 3069 consuetu-

269 3117 385 3200 dines,
403 3113 674 3200 observantias,
694 3135 738 3186 ac
757 3109 981 3196 facultatem,
1002 3126 1041 3186 et
1059 3113 1345 3187 aucthoritatem
1365 3138 1497 3190 omnes
1516 3119 1636 3214 ipsius
1661 3122 1763 3193 Audi-

269 3242 362 3325 torii,
393 3265 436 3314 ac
465 3239 544 3313 eius
575 3236 811 3320 Auditorum,
842 3237 973 3310 harum
1002 3235 1402 3324 serie'confirmamus,
1431 3257 1470 3314 et
1501 3249 1761 3339 approbamus,

270 3382 309 3440 et
345 3365 412 3439 illis
449 3362 692 3460 Apostolicae
721 3363 883 3434 Nostrae
912 3360 1183 3435 Aucthoritatis
1218 3362 1304 3446 vim,
1342 3367 1465 3452 robur,
1495 3385 1535 3441 et
1572 3369 1763 3444 efficaciam

268 3493 473 3578 adiicimus,
502 3515 545 3564 ac
573 3513 716 3571 omnes,
747 3503 786 3560 et
814 3486 993 3584 singulos,
1026 3485 1121 3582 siqui
1149 3488 1185 3560 in
1213 3489 1345 3562 litteris
1364 3515 1479 3586 super
1498 3493 1713 3594 privilegiis,
1732 3511 1765 3566 et

208 3673 210 3676 -
270 3617 421 3690 indultis
449 3613 662 3690 huiusmodi
695 3612 881 3707 expeditis
917 3611 1087 3684 delectus
1128 3613 1405 3700 intervenerint,
1435 3617 1517 3692 illos
1559 3620 1763 3717 singillatim

268 3744 381 3816 etiam
397 3767 467 3838 pro
481 3739 672 3835 expressis
691 3739 873 3812 habentes
888 3736 1134 3811 aucthoritate
1151 3736 1293 3811 Nostra
1306 3763 1374 3834 per
1389 3761 1612 3837 praesentes
1627 3749 1767 3844 amplis-

270 3869 374 3952 sime,
403 3889 446 3938 ac
475 3864 690 3959 plenissime
717 3863 956 3957 supplemus;
988 3863 1055 3942 Ac,
1085 3876 1273 3956 quatenus
1300 3888 1398 3960 opus
1426 3839 1484 3950 sit,
1505 3869 1709 3968 privilegia,
1733 3887 1766 3944 et

269 3991 411 4065 indulta
440 3989 645 4085 praemissa
671 3987 854 4060 adversus
882 4010 1160 4082 quamcumque
1187 3987 1501 4064 inobservantiam
1538 4019 1606 4065 seu
1637 3997 1764 4068 desue-

270 4117 436 4189 tudinem
464 4135 702 4209 quocumque
729 4127 902 4205 tempore
927 4109 1193 4197 continuatam,
1224 4111 1465 4196 restituimus,
1487 4119 1713 4211 reponimus,
1732 4136 1765 4192 et

271 4241 435 4336 plenarie
463 4237 758 4335 reintegramus;
788 4237 845 4308 Ac
882 4259 1061 4330 expresse
1099 4237 1359 4332 praecipimus,
1389 4255 1428 4312 et
1465 4243 1691 4316 mandamus
1727 4269 1763 4316 ne

270 4365 447 4460 deinceps
476 4377 606 4437 contra
634 4361 694 4434 illa
721 4361 842 4456 quivis
870 4360 1181 4442 inobservantiae,
1204 4361 1263 4434 vel
1291 4362 1559 4454 desuetudinis,
1583 4368 1761 4443 ueletiam

271 4488 482 4562 Pontificiae
524 4485 726 4560 voluntatis
767 4485 936 4558 defectus
978 4485 1118 4580 opponi
1160 4503 1295 4581 queat;
1326 4511 1449 4584 neque
1490 4489 1566 4564 ullo
1609 4519 1759 4590 unquam

270 4634 440 4710 tempore
469 4613 550 4699 illis,
571 4639 614 4686 ac
642 4612 902 4708 praesentibus
924 4609 1074 4685 Nostris
1093 4611 1225 4685 litteris
1245 4612 1326 4685 sine
1343 4639 1526 4708 expressa
1547 4617 1636 4692 dicti
1662 4619 1759 4692 Audi·

231 4805 232 4810 ,
269 4742 364 4824 toril,
394 4767 437 4813 ac
463 4738 558 4812 iltius
587 4736 812 4812 Auditorum
847 4751 885 4808 et
920 4735 1270 4811 Locumtenentium
1309 4740 1508 4823 mentione,
1547 4744 1759 4839 specialique

268 4865 515 4962 derogatione
557 4862 732 4960 derogari
774 4863 904 4958 possit,
950 4885 1018 4934 nec
1059 4861 1209 4946 directe,
1255 4863 1313 4936 vel
1355 4865 1533 4940 indirecte
1575 4887 1760 4943 censeatur

270 4991 507 5087 derogatum.

352 5115 477 5200 Porro,
506 5138 590 5185 cum
618 5112 715 5185 inter
743 5126 891 5184 caetera
925 5111 1092 5184 eiusdem
1121 5112 1317 5200 Auditorii,
1350 5139 1393 5187 ac
1430 5116 1510 5188 eius
1546 5116 1758 5191 Auditorum

269 5255 307 5312 et
336 5239 683 5312 Locumtenentium
712 5236 913 5334 privilegia,
945 5235 1005 5308 illa
1033 5242 1146 5308 etiarn
1165 5256 1432 5311 enumerentur
1455 5265 1649 5327 concessa,
1671 5241 1758 5313 nimi·
1817 5239 1818 5297 i

268 5389 349 5436 rum
380 5391 469 5436 usus
496 5363 638 5436 Altaris
666 5359 850 5458 portatilis
879 5384 948 5457 pro
988 5361 1128 5436 Missae
1165 5361 1425 5445 celebratione,
1463 5363 1565 5438 iuxta
1605 5365 1758 5441 Clemen·
1816 5387 1817 5390 ’

1805 5801 1815 5863 Ι
