3718 5918
899 323 1036 383 Saeculo
1055 323 1088 382 X
1095 323 1155 382 VII

981 693 1071 773 327.

277 855 402 928 Etiam
418 855 459 929 ln
486 856 606 930 causis
627 855 801 930 Praelata
835 853 916 930 «de
943 857 1029 930 Vola
1048 855 1200 930 Ratae»
1235 855 1444 943 cmmzises,
1465 855 1640 930 Decanus
1656 857 1759 928 altam
1830 913 1831 960 3

354 981 549 1055 Panentem
570 989 719 1080 poterat
742 981 955 1080 subrogare,
985 980 1051 1054 sed
1074 980 1213 1054 auditis
1240 981 1424 1080 utrimque
1443 981 1630 1081 parlelus.

352 1136 468 1208 (Arcu.
488 1137 573 1211 Ros,
598 1135 786 1195 ‹Diart'um
806 1134 917 1196 Iacabi'
933 1135 1120 1208 Emere'x»).

717 1347 846 1421 Lunae
879 1355 924 1420 16
954 1347 1180 1422 Novembris
1214 1354 1325 1442 1676.

359 1533 442 1582 112.
462 1505 547 1580 Fuit
562 1507 663 1582 Rota
682 1509 717 1582 in
733 1533 819 1606 qua,
837 1507 1034 1587 occasione
1054 1506 1331 1582 controversiae
1349 1509 1534 1582 excitatae
1553 1509 1590 1584 in
1610 1511 1761 1606 quadam
1830 1501 1831 1508 ἶ

276 1631 402 1707 Causa
436 1633 640 1708 Bononien.
681 1659 747 1706 seu
784 1631 991 1708 Ferrarien.
1023 1633 1214 1708 Bonorum
1248 1633 1344 1707 inter
1377 1633 1424 1708 D.
1464 1635 1760 1708 Marehionissam
1830 1615 1831 1620 Ἰ

275 1757 531 1833 Roccarellam
559 1759 608 1832 de
636 1757 823 1833 Malvetiis
850 1776 890 1833 et
918 1759 1006 1858 DD.
1038 1755 1208 1833 Comites
1236 1758 1285 1831 de
1314 1756 1553 1844 Roccarellis,
1575 1759 1761 1832 commissa
1830 1763 1831 1804 ³

276 1880 447 1958 Praelata
476 1882 524 1956 de
543 1879 645 1958 Voto
673 1883 797 1958 Rotae
826 1883 862 1956 in
890 1909 966 1982 qua
994 1883 1088 1956 Rffrs
1108 1879 1285 1958 Decanus
1313 1884 1364 1958 ad
1388 1883 1575 1958 istantiam
1601 1885 1707 1958 unius
1723 1909 1761 1956 ex

276 2007 458 2094 Partibus,
479 2007 596 2081 altera
626 2031 701 2082 non
728 2007 868 2096 audita,
888 2006 1139 2103 deputaverat
1166 2008 1202 2081 in
1232 2007 1438 2083 Ponentem
1468 2009 1513 2083 R.
1536 2007 1573 2084 Ρ.
1606 2007 1654 2085 D.
1677 2009 1762 2082 Ron-

274 2131 463 2220 daninum,
483 2130 551 2206 suit
572 2130 730 2206 multum
749 2133 999 2230 disceptatum
1027 2157 1074 2206 an
1100 2133 1277 2207 Decanus
1305 2149 1437 2230 posset
1464 2135 1536 2208 hoc
1562 2134 1695 2219 lacere,
1713 2132 1761 2205 vel

276 2259 402 2354 potius
431 2259 569 2333 debeat
596 2257 808 2332 huiusmodi
836 2258 984 2332 Causas
1011 2283 1080 2355 per
1107 2259 1273 2355 seipsum
1301 2283 1525 2356 proponere,
1556 2273 1595 2332 et
1623 2255 1763 2334 Domini
1830 2335 1831 2340 ,

275 2384 520 2470 resolverunt,
547 2382 743 2468 Decanum
771 2408 887 2481 posse
910 2385 1062 2479 quidem
1088 2383 1201 2460 alium
1228 2384 1413 2480 deputare
1440 2409 1488 2460 ex
1505 2383 1640 2470 officio,
1663 2397 1763 2480 prout
1830 2459 1831 2484 ἶ

274 2523 403 2605 potest
430 2525 468 2581 et
496 2504 593 2582 solet
620 2508 656 2580 in
685 2507 765 2581 aliis
794 2507 930 2583 Causis
958 2508 995 2582 in
1015 2509 1113 2582 Rota
1137 2506 1359 2597 commissis,
1379 2508 1533 2606 quando
1555 2508 1761 2591 Auditores,
1830 2487 1831 2582 ᾗ

276 2633 411 2730 quibus
438 2633 512 2708 iam
541 2633 764 2707 commissae
791 2631 942 2706 luerunt
970 2633 1090 2730 primo
1118 2632 1202 2707 loco
1229 2632 1350 2708 dictae
1380 2633 1540 2718 Causae,
1579 2631 1762 2718 deficiunt;

276 2757 344 2832 sed
381 2783 454 2832 non
491 2757 672 2854 expedire
700 2758 804 2853 quod
831 2758 903 2833 hoc
939 2757 1048 2833 saciat
1075 2757 1125 2832 ad
1152 2757 1366 2832 instantiam
1395 2757 1503 2832 unius
1528 2784 1575 2831 ex
1603 2755 1764 2832 Partibus

275 2882 393 2958 altera
422 2908 497 2958 non
532 2883 670 2969 audita,
702 2899 742 2957 et
777 2899 983 2980 propterea
1020 2881 1239 2958 ordinarunt
1270 2899 1313 2956 ut
1344 2882 1379 2956 in
1418 2881 1545 2957 Causa
1573 2883 1764 2980 deputaret

275 3006 387 3082 alium
416 3008 466 3082 de
493 3034 680 3083 consensu
710 3008 885 3094 Partium,
915 3005 1007 3082 alias
1036 3031 1083 3082 ex
1111 3007 1244 3084 officio.

980 3341 1071 3422 328.

275 3504 449 3578 Decanus
469 3502 612 3604 pullae
630 3503 669 3575 ln
689 3503 787 3577 Rata
807 3501 1026 3577 Audr'la'rem
1053 3501 1246 3602 quemdam
1273 3501 1474 3599 redarguit
1488 3529 1527 3577 ea
1553 3501 1653 3602 quod
1667 3501 1765 3575 Dm:

353 3628 470 3701 sanes
496 3653 569 3700 aean
596 3627 807 3701 extenderet
830 3651 874 3701 ac
891 3628 1087 3702 sententias
1114 3653 1185 3700 aaa
1205 3625 1401 3726 proferret
1425 3626 1534 3701 iuxta
1552 3625 1765 3702 laudabilem

354 3751 520 3826 ordinem
537 3752 729 3850 anle'quum
747 3751 886 3826 Ratae:
912 3751 957 3826 de
975 3751 1043 3826 lac
1066 3777 1108 3826 re
1124 3752 1294 3850 querelae
1311 3751 1544 3852 deponuntur
1560 3752 1668 3852 apud
1683 3751 1765 3826 Car·

355 3876 516 3951 diaalem
547 3877 649 3976 Cybo.

353 4032 469 4106 (Auen.
487 4033 574 4104 Ros,
598 4031 787 4090 ‹Deare'um
805 4031 918 4090 Iacobe'
933 4016 1073 4090 Eaiert'x
1086 4033 1120 4104 ι).

751 4229 909 4306 Veneris
940 4255 989 4325 30
1020 4227 1159 4327 Aprilis
1194 4234 1306 4322 1677.

360 4400 444 4469 116.
475 4390 574 4486 Quia
602 4391 638 4464 in
667 4388 869 4488 praeterita
898 4388 997 4463 Rota
1029 4385 1301 4462 Memorialium
1331 4383 1546 4460 conclusum
1584 4383 1702 4458 luerat
1727 4396 1765 4456 ut

276 4521 370 4594 Rms
408 4519 584 4592 Decanus
622 4539 706 4589 cum
743 4515 788 4589 R.
824 4513 862 4587 Ρ.
898 4512 946 4589 D.
984 4511 1152 4587 Calataiu
1190 4511 1414 4586 accederent
1453 4509 1504 4583 ad
1541 4507 1697 4583 SSr‘r'rum
1730 4521 1764 4580 et
1830 4515 1831 4546 ¹

275 4643 411 4718 Erimm
432 4643 479 4717 D.
503 4639 740 4714 Cardinalem
761 4637 868 4735 Cybo
886 4637 943 4712 ad‘
955 4636 1218 4735 deponendum
1249 4634 1424 4731 querelas
1442 4651 1573 4709 contra
1593 4659 1703 4708 unum
1721 4655 1763 4705 ex

276 4766 448 4842 Dominis
467 4763 530 4862 qui
553 4782 706 4861 praeter
725 4763 969 4859 practicatum
989 4758 1214 4834 laudabilem
1238 4758 1407 4834 ordinem
1426 4758 1621 4855 antiquum
1646 4773 1763 4832 exten·

273 4893 385 4968 dendi
407 4891 627 4966 Decisiones
646 4885 844 4962 referendo
863 4889 899 4960 in
928 4884 998 4961 illis
1017 4885 1118 4960 Vota
1137 4909 1205 4982 per
1222 4902 1432 4972 extensum,
1453 4901 1494 4958 et
1515 4882 1706 4958 reddendo
1725 4905 1761 4953 se
1830 4884 1831 4892 ’

273 5016 458 5092 difficilem
476 5033 515 5090 et
534 5013 762 5110 quandoque
790 5011 950 5085 alienum
968 5012 1019 5085 ab
1046 5009 1189 5084 illarum
1209 5010 1427 5084 extensione
1446 5033 1490 5082 ae
1517 5008 1630 5082 etiam
1650 5033 1669 5082 a
1689 5028 1761 5080 sen·
1830 5057 1831 5112 1

272 5121 472 5218 tentiarum
491 5137 701 5237 prolatione
728 5137 830 5210 iuxta
858 5160 987 5209 earnm
1023 5135 1179 5210 sormam
1199 5135 1354 5233 quando
1373 5135 1513 5208 motiva
1543 5131 1760 5230 Correspon·
1830 5113 1831 5120 ἵ

274 5267 405 5342 salium
433 5265 504 5363 ipsi
533 5287 607 5338 non
636 5261 845 5358 placebant,
867 5285 1011 5334 necnon
1041 5261 1264 5338 renitentem
1283 5259 1318 5334 in
1342 5257 1572 5358 porrigendo
1595 5255 1761 5352 suffragia

273 5393 309 5465 in
331 5391 466 5465 Causis
486 5413 584 5486 quae
612 5388 659 5463 de
678 5387 808 5462 ordine
837 5387 959 5460 Rotae
980 5385 1154 5460 videntur
1180 5389 1230 5461 ab
1257 5384 1430 5460 omnibus
1450 5383 1634 5469 Dominis,
1655 5378 1762 5456 voluit
