3748 5914
261 291 317 352 316
904 295 1040 355 Soecuto
1058 295 1142 356 XVI

261 512 358 560 nunc
387 495 576 586 rogamus,
607 505 649 562 ut
677 489 821 562 firmum
851 489 1077 586 praesidium
1108 492 1228 582 Nobis
1255 493 1498 588 impertiatur,
1533 519 1610 590 quo
1642 495 1758 568 adiuti

259 612 443 709 intrepide
480 613 656 688 iustitiam
698 613 959 688 administrare
994 630 1034 689 et
1071 615 1359 690 iurisdictionem
1397 617 1622 705 Tribunalis‚
1660 643 1759 715 quae

159 807 161 812 .
259 736 467 813 lurisdictio
494 755 554 813 est
582 738 826 836 Apostolicae
859 739 969 814 Sedis
1005 754 1044 813 et
1079 740 1241 815 Vestrae
1277 741 1506 832 sanctitatis,
1546 743 1686 820 felicius
1724 745 1759 818 in

260 877 342 934 toto
371 860 475 937 Orbe
503 887 680 938 exercere
699 863 904 942 valeamus.

344 1011 378 1095 3.
409 989 501 1062 Mox
532 989 633 1086 Papa
660 989 867 1087 respondit,
890 1015 939 1064 se
967 1016 1119 1087 semper
1147 989 1270 1066 Rotae
1300 991 1509 1092 Collegium
1531 991 1705 1078 coluisse,
1726 995 1760 1068 in

262 1111 532 1211 legationibus
560 1113 697 1212 quibus
717 1115 752 1188 in
773 1116 930 1188 diversis
950 1117 1083 1189 Mundi
1102 1118 1273 1214 partibus
1291 1117 1439 1192 iunctus
1458 1119 1590 1207 luerat,
1611 1145 1763 1217 semper

259 1238 348 1313 illud
377 1239 576 1338 plurimum
605 1241 908 1330 commendasse;
939 1267 1035 1317 nunc
1063 1241 1153 1316 illud
1181 1267 1223 1318 se
1252 1261 1507 1340 protecturum
1532 1244 1617 1343 plus
1645 1270 1759 1342 quam

262 1363 318 1437 sui
346 1365 601 1461 praestiterint
620 1366 917 1442 Antecessores:
949 1366 1155 1463 Propterea
1183 1391 1252 1442 nos
1280 1368 1434 1467 egregie
1455 1385 1586 1444 nostro
1604 1393 1760 1442 munere

263 1503 303 1560 ut
326 1488 579 1587 fungeremur,
602 1489 774 1564 hortatus
792 1505 862 1566 est.
885 1489 1005 1565 Nobis
1024 1506 1150 1564 autem
1171 1491 1348 1567 recedere
1367 1489 1581 1568 volentibus
1602 1491 1759 1579 addidit,

261 1612 310 1686 ad
338 1612 460 1686 locum
491 1631 687 1689 vacantem
715 1638 785 1711 per
812 1615 954 1688 obitum
984 1614 1031 1691 D.
1062 1615 1112 1690 lo.
1145 1615 1339 1713 Baptistae
1367 1616 1415 1691 de
1445 1617 1587 1692 Rubeis
1616 1618 1764 1690 Decani

261 1737 357 1812 velle
374 1763 509 1812 vocare
527 1739 724 1837 egregium
743 1739 905 1836 aliquem
917 1741 1054 1842 ,Virum
1075 1741 1296 1829 Romanum,
1319 1743 1406 1838 quia
1420 1741 1452 1816 is
1466 1741 1571 1818 locus
1586 1743 1760 1816 Romano

262 1862 434 1937 Auditori
463 1862 691 1940 debebatur:
723 1865 928 1962 Propterea
957 1891 1026 1939 nos
1052 1866 1265 1942 videremus
1294 1869 1358 1963 qui
1386 1867 1509 1941 forent
1526 1867 1650 1941 r'clonei
1663 1884 1703 1940 et
1719 1867 1760 1941 iu

260 1987 439 2075 fractione
461 1990 573 2087 panis
604 1991 689 2074 uoti,
720 2007 763 2063 ut
800 2005 906 2065 tanto
932 1991 1016 2066 loco
1044 2007 1083 2065 et
1110 2007 1186 2065 tam
1215 2017 1355 2089 magno
1382 1992 1574 2067 Tribuuali
1610 1991 1758 2089 praefici

262 2127 488 2201 mereretur;
519 2137 605 2188 nam
630 2115 719 2189 'licet
746 2139 815 2189 nec
842 2115 917 2190 ullo
946 2115 1151 2214 privilegio,
1182 2140 1250 2191 nec
1278 2117 1375 2216 lege,
1397 2141 1465 2191 nec
1489 2118 1759 2192 consuetudine

262 2236 300 2310 id
328 2237 435 2312 nobis
462 2255 708 2336 competeret,
740 2241 807 2314 sed
836 2241 962 2337 potius
989 2239 1182 2316 voluntate
1213 2241 1547 2317 Praedecessorum
1567 2243 1678 2316 luerit
1694 2241 1760 2315 ali—

261 2363 414 2460 quando
443 2365 622 2439 tributum
650 2380 692 2438 ut
720 2367 827 2440 nobis
855 2367 1075 2440 benevisum
1104 2369 1392 2454 nominaremus,
1423 2366 1521 2442 nolle
1549 2393 1591 2442 se
1616 2394 1686 2444 nos
1713 2393 1759 2442 ea

262 2489 385 2586 gratia
413 2490 580 2586 privare;
610 2515 698 2564 mox
725 2490 932 2565 deosculati
960 2493 1089 2588 pedes,
1120 2519 1190 2568 suo
1218 2493 1348 2567 ordine
1376 2493 1630 2568 discessimus.

972 2789 1058 2870 178.

267 2953 474 3052 Gregorius
492 2955 604 3030 XIV
624 2949 1154 3058 (159o·1591)Audit0rt'bus
1185 2962 1409 3028 merutruum
1440 2952 1662 3052 stipendium
1686 2975 1761 3048 5⁰0

343 3079 560 3152 ducatorum
586 3079 778 3152 comtr'tuit.

343 3237 461 3311 (Arcu.
480 3235 567 3308 Ros,
591 3232 811 3294 ‹Extractum
826 3233 947 3292 Diarr'r'
961 3231 1078 3292 Pertae
1090 3234 1126 3304 ι).

746 3416 820 3490 Die
851 3440 898 3507 29
929 3415 1138 3491 decembris
1173 3439 1284 3510 1590.

343 3602 383 3673 ln
411 3616 494 3674 toto
523 3599 594 3672 hoc
622 3621 752 3672 mense
781 3591 966 3702 Do[mini]
995 3594 1215 3670 Cardinales
1248 3595 1452 3684 Paleottus,
1490 3594 1757 3680 Lancellottus,

263 3740 303 3798 et
330 3723 648 3807 Aldobrandinus‚
679 3722 742 3818 qui
770 3721 918 3796 fuerant
945 3722 1069 3796 Rotae
1097 3720 1314 3807 Auditores,
1345 3721 1502 3796 multum
1534 3722 1759 3795 insteteront

262 3850 365 3946 apud
393 3847 620 3935 Pontificem,
650 3863 692 3921 ut
721 3845 931 3943 Collegium
959 3846 1145 3938 honorare
1173 3847 1403 3944 dignaretur,
1434 3871 1517 3921 cum
1545 3846 1626 3920 eius
1646 3847 1759 3943 potis·

262 3976 398 4050 simum
425 3998 544 4070 opera
571 3973 607 4046 in
636 3973 790 4046 remotis
819 3971 1022 4045 Provinciis
1058 3970 1168 4044 Sedis
1196 3972 1441 4068 Apostolicae
1478 3974 1684 4047 auctoritas
1720 3985 1758 4044 et

262 4099 473 4198 Jurisdictio
501 4113 541 4172 et
569 4097 790 4172 retineretur
816 4112 855 4169 et
883 4113 1133 4180 exerceretur,
1164 4097 1200 4170 in
1229 4098 1388 4171 eandem
1426 4097 1648 4171 sententiam
1681 4096 1759 4193 ple-

263 4227 370 4322 rique
396 4222 457 4298 alii
485 4211 716 4308 Cardi'nales,
744 4221 880 4295 eodem
909 4221 1072 4294 tuendae
1108 4220 1219 4294 Sedis
1247 4220 1492 4318 Apostolicae
1528 4222 1759 4296 auctoritatis

263 4349 387 4424 studio
407 4349 558 4434 incitati,
580 4360 715 4444 sponte
733 4345 1010 4430 convenientes,
1031 4370 1146 4440 saepe
1166 4346 1330 4421 Pontifici
1350 4362 1559 4434 suaserunt,
1581 4361 1624 4420 ut
1637 4347 1759 4421 Rotae

255 4473 527 4548 'auctoritatem
557 4488 735 4558 tueretur,
766 4472 987 4567 primusque
1014 4469 1217 4546 honorario
1242 4472 1370 4568 aliquo
1404 4473 1439 4544 in
1476 4473 1590 4546 tantis
1617 4486 1758 4569 tempo·

263 4624 398 4696 porum
426 4596 610 4694 angustiis
639 4594 855 4679 cumularet,
886 4596 997 4695 Papa
1022 4617 1098 4688 300
1124 4595 1244 4671 ducat.
1273 4597 1366 4670 auri
1395 4597 1435 4669 in
1470 4621 1567 4670 auro
1600 4596 1759 4692 singulo

264 4723 508 4798 Auditrrr'bus
521 4722 613 4795 dari
623 4722 738 4796 iussit.
761 4721 833 4797 Pro
853 4721 953 4795 Sede
972 4738 1131 4795 vacante
1149 4721 1244 4796 Sixti
1262 4720 1297 4792 V
1315 4737 1355 4794 et
1374 4721 1518 4796 Urbani
1538 4722 1605 4796 Vll
1624 4739 1707 4797 erat
1725 4723 1759 4796 in

264 4874 369 4924 more
396 4848 562 4945 positum
590 4865 632 4921 ut
660 4848 760 4945 Papa
788 4871 919 4922 recens
947 4847 1089 4922 electus
1125 4871 1200 4941 300
1235 4849 1394 4923 ducatos
1431 4874 1568 4940 aureos
1605 4847 1759 4947 singulis

264 4975 513 5049 Auditoribus
542 4973 727 5046 numerari
753 4974 909 5047 iuberet.
938 4973 1069 5068 ltaque
1098 4995 1175 5064 400
1204 4973 1329 5046 ducati
1356 4973 1503 5048 fuerant
1521 4975 1758 5060 numerandi,

264 5123 395 5174 verum
423 5125 519 5184 curn,
550 5097 678 5172 nescio
707 5121 782 5192 quo
811 5121 911 5182 casu,
942 5113 1091 5173 centum
1120 5114 1250 5172 essent
1276 5099 1447 5186 detracti,
1480 5099 1618 5196 Papam
1657 5123 1761 5174 men·

264 5241 406 5299 struam
434 5224 687 5321 provisionem
714 5221 829 5304 auxit,
860 5245 946 5296 nam
975 5247 1059 5296 cum
1086 5238 1175 5297 ante
1197 5247 1245 5297 20
1265 5237 1372 5298 scuta
1391 5223 1548 5323 singulis
1566 5225 1760 5298 mensibus

264 5364 525 5448 erogarentur,
555 5345 712 5446 singulis
739 5346 846 5420 annis
874 5346 1031 5443 singulis
1053 5347 1299 5422 Auditoribus
1330 5369 1406 5442 500
1435 5349 1620 5422 numerari
1640 5348 1759 5423 iussit.
